{
    "summary": {
        "stock_name": "信立",
        "stock_id": "4303",
        "category": "塑膠",
        "main_business": "合成皮<br>塑膠皮",
        "website_url": "http://www.hsinli.com.tw",
        "ceo": "鄭毓棠",
        "pe_ratio": 23,
        "report_year_from": 2001,
        "report_year_to": 2023,
        "age": 23,
        "eps_negative_percentage": 57,
        "eps_growth_avg": {
            "last_all": -36.29,
            "last_2y": -100,
            "last_4y": -82.42,
            "last_8y": -46.66,
            "last_12y": -28.33,
            "last_16y": -36.29,
            "last_20y": -36.29,
            "at_2006_last_3y": null,
            "at_2007_last_3y": null,
            "at_2008_last_3y": null,
            "at_2009_last_3y": null,
            "at_2010_last_3y": -100,
            "at_2011_last_3y": -100,
            "at_2012_last_3y": -100,
            "at_2013_last_3y": -100,
            "at_2014_last_3y": 100,
            "at_2015_last_3y": 39.39,
            "at_2016_last_3y": 0.62,
            "at_2017_last_3y": 25.47,
            "at_2018_last_3y": -19.85,
            "at_2019_last_3y": -26.36,
            "at_2020_last_3y": -32.13,
            "at_2021_last_3y": -76.17,
            "at_2022_last_3y": -82.42,
            "at_2023_last_3y": -100,
            "at_2024_last_3y": -100,
            "at_2006_last_all": null,
            "at_2007_last_all": null,
            "at_2008_last_all": null,
            "at_2009_last_all": null,
            "at_2010_last_all": -100,
            "at_2011_last_all": -100,
            "at_2012_last_all": -100,
            "at_2013_last_all": -100,
            "at_2014_last_all": 0,
            "at_2015_last_all": -7.07,
            "at_2016_last_all": -24.53,
            "at_2017_last_all": 0.37,
            "at_2018_last_all": -13.23,
            "at_2019_last_all": -18.09,
            "at_2020_last_all": -28.33,
            "at_2021_last_all": -28.33,
            "at_2022_last_all": -36.29,
            "at_2023_last_all": -36.29,
            "at_2024_last_all": -36.29
        },
        "latest_eps": 1.83,
        "latest_price": 43,
        "latest_roe": 13.85,
        "latest_gross_margin": 2.9,
        "latest_equity": 953339,
        "latest_revenue": 35259,
        "latest_gross_profit": 1021,
        "latest_net_income": 66664,
        "latest_debt_ratio": 38.47,
        "latest_current_ratio": 79.36,
        "latest_account_receivable_turnover_ratio": 1.38,
        "latest_inventory_turnover_ratio": 1.18,
        "latest_reinvestment_rate": 232.07,
        "latest_research_to_sale_ratio": 2.54
    },
    "eps_dividends": {
        "1999": {
            "cash": 0,
            "stock": 0.6,
            "eps": 0
        },
        "2000": {
            "cash": 0.25,
            "stock": 0.3,
            "eps": 0
        },
        "2001": {
            "cash": 0,
            "stock": 0,
            "eps": -1.28
        },
        "2002": {
            "cash": 0,
            "stock": 0,
            "eps": -0.65
        },
        "2003": {
            "cash": 0,
            "stock": 0,
            "eps": -0.69
        },
        "2004": {
            "cash": 0,
            "stock": 0,
            "eps": -0.62
        },
        "2005": {
            "cash": 0,
            "stock": 0,
            "eps": -1.95
        },
        "2006": {
            "cash": 0,
            "stock": 0,
            "eps": -0.59
        },
        "2007": {
            "cash": 0,
            "stock": 0,
            "eps": -0.68
        },
        "2008": {
            "cash": 0,
            "stock": 0,
            "eps": -0.16
        },
        "2009": {
            "cash": 0,
            "stock": 0,
            "eps": 0.17
        },
        "2010": {
            "cash": 0,
            "stock": 0,
            "eps": -0.32
        },
        "2011": {
            "cash": 0,
            "stock": 0,
            "eps": -0.48
        },
        "2012": {
            "cash": 0,
            "stock": 0,
            "eps": -0.1
        },
        "2013": {
            "cash": 0,
            "stock": 0,
            "eps": 0.48
        },
        "2014": {
            "cash": 0,
            "stock": 0,
            "eps": 0.99
        },
        "2015": {
            "cash": 0.1,
            "stock": 0.1,
            "eps": 0.78
        },
        "2016": {
            "cash": 0.3,
            "stock": 0.3,
            "eps": 0.18
        },
        "2017": {
            "cash": 0,
            "stock": 0,
            "eps": 16.49
        },
        "2018": {
            "cash": 30,
            "stock": 25,
            "eps": 3.09
        },
        "2019": {
            "cash": 1.2,
            "stock": 0,
            "eps": 1.63
        },
        "2020": {
            "cash": 1.2,
            "stock": 0,
            "eps": -0.41
        },
        "2021": {
            "cash": 0.3,
            "stock": 0,
            "eps": 1.96
        },
        "2022": {
            "cash": 1.1,
            "stock": 0,
            "eps": -0.61
        },
        "2023": {
            "cash": 0,
            "stock": 0,
            "eps": 1.82
        },
        "2024": {
            "cash": 1.36,
            "stock": 0,
            "eps": 0
        }
    },
    "dividends": {
        "1999-06-25": {
            "cash": 0,
            "stock": 0.6
        },
        "2000-06-17": {
            "cash": 0.25,
            "stock": 0.3
        },
        "2015-10-02": {
            "cash": 0.1,
            "stock": 0.1
        },
        "2016-09-29": {
            "cash": 0.3,
            "stock": 0.3
        },
        "2018-09-28": {
            "cash": 30,
            "stock": 25
        },
        "2019-08-09": {
            "cash": 1.2,
            "stock": 0
        },
        "2020-08-31": {
            "cash": 1.2,
            "stock": 0
        },
        "2021-09-29": {
            "cash": 0.3,
            "stock": 0
        },
        "2022-10-18": {
            "cash": 1.1,
            "stock": 0
        },
        "2024-02-27": {
            "cash": 1.36,
            "stock": 0
        }
    },
    "prices": {
        "200101": "4.07",
        "200102": "3.91",
        "200103": "3.40",
        "200104": "3.35",
        "200105": "3.16",
        "200106": "3.01",
        "200107": "2.93",
        "200108": "3.16",
        "200109": "2.84",
        "200110": "2.07",
        "200111": "1.86",
        "200112": "1.80",
        "200201": "1.74",
        "200202": "2.87",
        "200203": "3.51",
        "200204": "3.78",
        "200205": "3.27",
        "200206": "3.09",
        "200207": "3.01",
        "200208": "2.96",
        "200209": "3.08",
        "200210": "2.86",
        "200211": "3.22",
        "200212": "5.07",
        "200301": "6.24",
        "200302": "6.53",
        "200303": "4.57",
        "200304": "4.17",
        "200305": "2.90",
        "200306": "3.28",
        "200307": "3.32",
        "200308": "3.48",
        "200309": "3.14",
        "200310": "3.17",
        "200311": "3.18",
        "200312": "3.08",
        "200401": "3.19",
        "200402": "4.24",
        "200403": "4.41",
        "200404": "3.89",
        "200405": "3.26",
        "200406": "2.93",
        "200407": "2.90",
        "200408": "3.18",
        "200409": "3.45",
        "200410": "2.97",
        "200411": "2.81",
        "200412": "2.66",
        "200501": "2.89",
        "200502": "2.80",
        "200503": "2.51",
        "200504": "1.66",
        "200505": "1.40",
        "200506": "1.59",
        "200507": "1.63",
        "200508": "1.44",
        "200509": "1.62",
        "200510": "1.46",
        "200511": "1.30",
        "200512": "1.34",
        "200601": "1.43",
        "200602": "1.35",
        "200603": "1.26",
        "200604": "1.25",
        "200605": "1.62",
        "200606": "1.51",
        "200607": "1.39",
        "200608": "1.28",
        "200609": "1.37",
        "200610": "1.54",
        "200611": "1.54",
        "200612": "2.28",
        "200701": "2.32",
        "200702": "1.97",
        "200703": "2.11",
        "200704": "2.48",
        "200705": "2.27",
        "200706": "2.22",
        "200707": "2.90",
        "200708": "2.36",
        "200709": "2.85",
        "200710": "2.69",
        "200711": "2.25",
        "200712": "2.02",
        "200801": "1.81",
        "200802": "1.95",
        "200803": "1.97",
        "200804": "2.19",
        "200805": "2.26",
        "200806": "2.32",
        "200807": "2.55",
        "200808": "2.47",
        "200809": "1.83",
        "200810": "1.40",
        "200811": "1.56",
        "200812": "1.78",
        "200901": "1.71",
        "200902": "1.61",
        "200903": "1.68",
        "200904": "3.02",
        "200905": "3.30",
        "200906": "2.96",
        "200907": "3.00",
        "200908": "3.11",
        "200909": "3.14",
        "200910": "3.53",
        "200911": "4.89",
        "200912": "5.42",
        "201001": "6.25",
        "201002": "5.60",
        "201003": "6.09",
        "201004": "6.56",
        "201005": "5.72",
        "201006": "5.57",
        "201007": "6.50",
        "201008": "6.40",
        "201009": "6.30",
        "201010": "6.40",
        "201011": "5.40",
        "201012": "5.41",
        "201101": "5.46",
        "201102": "5.28",
        "201103": "4.96",
        "201104": "5.11",
        "201105": "5.21",
        "201106": "4.92",
        "201107": "4.74",
        "201108": "4.60",
        "201109": "4.72",
        "201110": "5.22",
        "201111": "5.21",
        "201112": "4.62",
        "201201": "4.92",
        "201202": "5.73",
        "201203": "7.66",
        "201204": "9.21",
        "201205": "7.14",
        "201206": "6.88",
        "201207": "6.55",
        "201208": "6.99",
        "201209": "8.38",
        "201210": "7.43",
        "201211": "7.03",
        "201212": "8.34",
        "201301": "8.18",
        "201302": "8.16",
        "201303": "8.03",
        "201304": "7.98",
        "201305": "7.92",
        "201306": "7.97",
        "201307": "7.99",
        "201308": "8.01",
        "201309": "7.99",
        "201310": "8.21",
        "201311": "8.96",
        "201312": "9.00",
        "201401": "9.16",
        "201402": "10.11",
        "201403": "11.62",
        "201404": "11.59",
        "201405": "12.94",
        "201406": "13.34",
        "201407": "13.47",
        "201408": "12.69",
        "201409": "13.10",
        "201410": "13.10",
        "201411": "14.94",
        "201412": "15.40",
        "201501": "14.58",
        "201502": "14.50",
        "201503": "16.80",
        "201504": "16.80",
        "201505": "14.45",
        "201506": "14.44",
        "201507": "13.60",
        "201508": "12.42",
        "201509": "12.43",
        "201510": "12.59",
        "201511": "12.87",
        "201512": "12.67",
        "201601": "12.80",
        "201602": "12.99",
        "201603": "13.17",
        "201604": "13.74",
        "201605": "13.26",
        "201606": "13.51",
        "201607": "14.09",
        "201608": "13.98",
        "201609": "13.96",
        "201610": "14.12",
        "201611": "13.97",
        "201612": "17.18",
        "201701": "18.48",
        "201702": "19.46",
        "201703": "23.42",
        "201704": "29.42",
        "201705": "29.86",
        "201706": "31.80",
        "201707": "33.51",
        "201708": "35.18",
        "201709": "35.89",
        "201710": "121.62",
        "201711": "122.31",
        "201712": "127.11",
        "201801": "130.21",
        "201802": "132.67",
        "201803": "173.65",
        "201804": "178.83",
        "201805": "155.64",
        "201806": "171.78",
        "201807": "146.84",
        "201808": "137.86",
        "201809": "34.40",
        "201810": "20.79",
        "201811": "19.36",
        "201812": "22.34",
        "201901": "22.68",
        "201902": "24.05",
        "201903": "23.34",
        "201904": "22.59",
        "201905": "21.54",
        "201906": "22.25",
        "201907": "22.43",
        "201908": "20.88",
        "201909": "22.02",
        "201910": "21.42",
        "201911": "21.37",
        "201912": "21.59",
        "202001": "22.05",
        "202002": "20.45",
        "202003": "19.29",
        "202004": "18.54",
        "202005": "18.72",
        "202006": "20.30",
        "202007": "21.38",
        "202008": "20.36",
        "202009": "24.33",
        "202010": "23.14",
        "202011": "24.18",
        "202012": "22.82",
        "202101": "22.16",
        "202102": "20.76",
        "202103": "21.15",
        "202104": "21.93",
        "202105": "18.88",
        "202106": "18.52",
        "202107": "18.80",
        "202108": "16.69",
        "202109": "16.15",
        "202110": "17.93",
        "202111": "24.24",
        "202112": "27.91",
        "202201": "26.31",
        "202202": "24.95",
        "202203": "24.95",
        "202204": "22.56",
        "202205": "27.09",
        "202206": "23.59",
        "202207": "20.40",
        "202208": "20.87",
        "202209": "18.91",
        "202210": "15.82",
        "202211": "16.09",
        "202212": "15.93",
        "202301": "15.19",
        "202302": "15.83",
        "202303": "17.26",
        "202304": "17.29",
        "202305": "18.92",
        "202306": "18.09",
        "202307": "17.98",
        "202308": "18.50",
        "202309": "19.28",
        "202310": "18.86",
        "202311": "19.48",
        "202312": "20.42"
    },
    "quarters": {
        "20011": {
            "year_quarter": 20011,
            "year": 2001,
            "quarter": 1,
            "eps": -0.23,
            "eps_growth_year": null,
            "eps_4q": -1.1,
            "eps_4q_growth_year": -395.93,
            "roe": -2.05,
            "roe_4q": -2.05,
            "gross_profit": 55778,
            "gross_margin": 9.42,
            "gross_margin_4q_avg": 9.42,
            "net_income": -30054,
            "net_income_4q": null,
            "revenue": 592171,
            "revenue_4q": null,
            "common_shares": 1336390,
            "book_valuer_per_share": 10.45,
            "book_valuer_per_share_4q_avg": 10.45,
            "equity": 1396295,
            "current_ratio": 91.32,
            "debt_ratio": 58.46,
            "inventory_turnover_ratio": 0.97,
            "account_receivable_turnover_ratio": null,
            "reinvestment_rate": null,
            "research_to_sale_ratio": null,
            "price_fair": 0,
            "eps_avg_yearly": 0,
            "eps_latest_yearly": 0,
            "eps_growth_yearly": 0
        },
        "20012": {
            "year_quarter": 20012,
            "year": 2001,
            "quarter": 2,
            "eps": -0.1,
            "eps_growth_year": null,
            "eps_4q": -0.84,
            "eps_4q_growth_year": null,
            "roe": -0.92,
            "roe_4q": -2.9699999999999998,
            "gross_profit": 69849,
            "gross_margin": 10.3,
            "gross_margin_4q_avg": 9.86,
            "net_income": -12832,
            "net_income_4q": null,
            "revenue": 677833,
            "revenue_4q": null,
            "common_shares": 1336390,
            "book_valuer_per_share": 10.4,
            "book_valuer_per_share_4q_avg": 10.43,
            "equity": 1390389,
            "current_ratio": 102.42,
            "debt_ratio": 57.6,
            "inventory_turnover_ratio": 1.16,
            "account_receivable_turnover_ratio": null,
            "reinvestment_rate": null,
            "research_to_sale_ratio": null,
            "price_fair": 0,
            "eps_avg_yearly": 0,
            "eps_latest_yearly": 0,
            "eps_growth_yearly": 0
        },
        "20013": {
            "year_quarter": 20013,
            "year": 2001,
            "quarter": 3,
            "eps": -0.4,
            "eps_growth_year": null,
            "eps_4q": -1.06,
            "eps_4q_growth_year": null,
            "roe": -3.79,
            "roe_4q": -6.76,
            "gross_profit": 24900,
            "gross_margin": 4.46,
            "gross_margin_4q_avg": 8.06,
            "net_income": -51776,
            "net_income_4q": null,
            "revenue": 558865,
            "revenue_4q": null,
            "common_shares": 1336390,
            "book_valuer_per_share": 10.03,
            "book_valuer_per_share_4q_avg": 10.29,
            "equity": 1339805,
            "current_ratio": 96.19,
            "debt_ratio": 57.18,
            "inventory_turnover_ratio": 1.1,
            "account_receivable_turnover_ratio": null,
            "reinvestment_rate": null,
            "research_to_sale_ratio": null,
            "price_fair": 0,
            "eps_avg_yearly": 0,
            "eps_latest_yearly": 0,
            "eps_growth_yearly": 0
        },
        "20014": {
            "year_quarter": 20014,
            "year": 2001,
            "quarter": 4,
            "eps": -0.55,
            "eps_growth_year": null,
            "eps_4q": -1.25,
            "eps_4q_growth_year": null,
            "roe": -5.12,
            "roe_4q": -11.879999999999999,
            "gross_profit": 39243,
            "gross_margin": 7.25,
            "gross_margin_4q_avg": 7.86,
            "net_income": -70387,
            "net_income_4q": null,
            "revenue": 541605,
            "revenue_4q": null,
            "common_shares": 1336390,
            "book_valuer_per_share": 9.54,
            "book_valuer_per_share_4q_avg": 10.11,
            "equity": 1408224,
            "current_ratio": 85.14,
            "debt_ratio": 57.5,
            "inventory_turnover_ratio": 1.07,
            "account_receivable_turnover_ratio": null,
            "reinvestment_rate": null,
            "research_to_sale_ratio": null,
            "price_fair": 0,
            "eps_avg_yearly": 0,
            "eps_latest_yearly": 0,
            "eps_growth_yearly": 0
        },
        "20021": {
            "year_quarter": 20021,
            "year": 2002,
            "quarter": 1,
            "eps": -0.35,
            "eps_growth_year": null,
            "eps_4q": -1.43,
            "eps_4q_growth_year": null,
            "roe": -3.34,
            "roe_4q": -13.17,
            "gross_profit": 39276,
            "gross_margin": 8.22,
            "gross_margin_4q_avg": 7.56,
            "net_income": -43938,
            "net_income_4q": null,
            "revenue": 477767,
            "revenue_4q": null,
            "common_shares": 1336390,
            "book_valuer_per_share": 9.15,
            "book_valuer_per_share_4q_avg": 9.78,
            "equity": 1223332,
            "current_ratio": 90.39,
            "debt_ratio": 58.16,
            "inventory_turnover_ratio": 1.02,
            "account_receivable_turnover_ratio": null,
            "reinvestment_rate": null,
            "research_to_sale_ratio": null,
            "price_fair": 0,
            "eps_avg_yearly": 0,
            "eps_latest_yearly": 0,
            "eps_growth_yearly": 0
        },
        "20022": {
            "year_quarter": 20022,
            "year": 2002,
            "quarter": 2,
            "eps": 0.5,
            "eps_growth_year": null,
            "eps_4q": -0.83,
            "eps_4q_growth_year": null,
            "roe": 5,
            "roe_4q": -7.25,
            "gross_profit": 119432,
            "gross_margin": 17.46,
            "gross_margin_4q_avg": 9.35,
            "net_income": 62354,
            "net_income_4q": null,
            "revenue": 683983,
            "revenue_4q": null,
            "common_shares": 1336390,
            "book_valuer_per_share": 9.51,
            "book_valuer_per_share_4q_avg": 9.56,
            "equity": 1270851,
            "current_ratio": 106.68,
            "debt_ratio": 58.12,
            "inventory_turnover_ratio": 1.43,
            "account_receivable_turnover_ratio": null,
            "reinvestment_rate": null,
            "research_to_sale_ratio": null,
            "price_fair": 0,
            "eps_avg_yearly": 0,
            "eps_latest_yearly": 0,
            "eps_growth_yearly": 0
        },
        "20023": {
            "year_quarter": 20023,
            "year": 2002,
            "quarter": 3,
            "eps": -0.06,
            "eps_growth_year": null,
            "eps_4q": -0.44,
            "eps_4q_growth_year": null,
            "roe": -0.54,
            "roe_4q": -4,
            "gross_profit": 45924,
            "gross_margin": 8.96,
            "gross_margin_4q_avg": 10.47,
            "net_income": -6884,
            "net_income_4q": null,
            "revenue": 512810,
            "revenue_4q": null,
            "common_shares": 1336390,
            "book_valuer_per_share": 9.53,
            "book_valuer_per_share_4q_avg": 9.43,
            "equity": 1273997,
            "current_ratio": 105.67,
            "debt_ratio": 54.5,
            "inventory_turnover_ratio": 1.22,
            "account_receivable_turnover_ratio": null,
            "reinvestment_rate": null,
            "research_to_sale_ratio": null,
            "price_fair": 0,
            "eps_avg_yearly": 0,
            "eps_latest_yearly": 0,
            "eps_growth_yearly": 0
        },
        "20024": {
            "year_quarter": 20024,
            "year": 2002,
            "quarter": 4,
            "eps": -0.74,
            "eps_growth_year": null,
            "eps_4q": -0.83,
            "eps_4q_growth_year": null,
            "roe": -7.04,
            "roe_4q": -5.92,
            "gross_profit": 93,
            "gross_margin": 0.02,
            "gross_margin_4q_avg": 8.67,
            "net_income": -91101,
            "net_income_4q": null,
            "revenue": 469355,
            "revenue_4q": null,
            "common_shares": 1336390,
            "book_valuer_per_share": 8.88,
            "book_valuer_per_share_4q_avg": 9.27,
            "equity": 1315808,
            "current_ratio": 92.44,
            "debt_ratio": 56.54,
            "inventory_turnover_ratio": 1.17,
            "account_receivable_turnover_ratio": null,
            "reinvestment_rate": null,
            "research_to_sale_ratio": null,
            "price_fair": 0,
            "eps_avg_yearly": 0,
            "eps_latest_yearly": 0,
            "eps_growth_yearly": 0
        },
        "20031": {
            "year_quarter": 20031,
            "year": 2003,
            "quarter": 1,
            "eps": -0.55,
            "eps_growth_year": null,
            "eps_4q": -0.84,
            "eps_4q_growth_year": null,
            "roe": -5.55,
            "roe_4q": -8.129999999999999,
            "gross_profit": 8498,
            "gross_margin": 2.4,
            "gross_margin_4q_avg": 7.21,
            "net_income": -67609,
            "net_income_4q": null,
            "revenue": 354511,
            "revenue_4q": null,
            "common_shares": 1336390,
            "book_valuer_per_share": 8.38,
            "book_valuer_per_share_4q_avg": 9.08,
            "equity": 1120563,
            "current_ratio": 85.58,
            "debt_ratio": 56.05,
            "inventory_turnover_ratio": 0.89,
            "account_receivable_turnover_ratio": null,
            "reinvestment_rate": null,
            "research_to_sale_ratio": null,
            "price_fair": 0,
            "eps_avg_yearly": 0,
            "eps_latest_yearly": 0,
            "eps_growth_yearly": 0
        },
        "20032": {
            "year_quarter": 20032,
            "year": 2003,
            "quarter": 2,
            "eps": 0.07,
            "eps_growth_year": -86,
            "eps_4q": -1.3,
            "eps_4q_growth_year": null,
            "roe": 0.75,
            "roe_4q": -12.379999999999999,
            "gross_profit": 42032,
            "gross_margin": 8.79,
            "gross_margin_4q_avg": 5.04,
            "net_income": 8447,
            "net_income_4q": null,
            "revenue": 478266,
            "revenue_4q": null,
            "common_shares": 1336390,
            "book_valuer_per_share": 8.42,
            "book_valuer_per_share_4q_avg": 8.8,
            "equity": 1125017,
            "current_ratio": 84.97,
            "debt_ratio": 56.4,
            "inventory_turnover_ratio": 1.32,
            "account_receivable_turnover_ratio": null,
            "reinvestment_rate": null,
            "research_to_sale_ratio": null,
            "price_fair": 0,
            "eps_avg_yearly": 0,
            "eps_latest_yearly": 0,
            "eps_growth_yearly": 0
        },
        "20033": {
            "year_quarter": 20033,
            "year": 2003,
            "quarter": 3,
            "eps": -0.26,
            "eps_growth_year": null,
            "eps_4q": -1.37,
            "eps_4q_growth_year": null,
            "roe": -2.96,
            "roe_4q": -14.8,
            "gross_profit": 4969,
            "gross_margin": 1.42,
            "gross_margin_4q_avg": 3.16,
            "net_income": -32668,
            "net_income_4q": null,
            "revenue": 350099,
            "revenue_4q": null,
            "common_shares": 1336390,
            "book_valuer_per_share": 8.12,
            "book_valuer_per_share_4q_avg": 8.45,
            "equity": 1085258,
            "current_ratio": 78.56,
            "debt_ratio": 56.2,
            "inventory_turnover_ratio": 1.06,
            "account_receivable_turnover_ratio": null,
            "reinvestment_rate": null,
            "research_to_sale_ratio": null,
            "price_fair": 0,
            "eps_avg_yearly": 0,
            "eps_latest_yearly": 0,
            "eps_growth_yearly": 0
        },
        "20034": {
            "year_quarter": 20034,
            "year": 2003,
            "quarter": 4,
            "eps": 0.05,
            "eps_growth_year": null,
            "eps_4q": -0.7,
            "eps_4q_growth_year": null,
            "roe": 0.53,
            "roe_4q": -7.2299999999999995,
            "gross_profit": 38604,
            "gross_margin": 9.16,
            "gross_margin_4q_avg": 5.44,
            "net_income": 6149,
            "net_income_4q": null,
            "revenue": 421613,
            "revenue_4q": null,
            "common_shares": 1336390,
            "book_valuer_per_share": 8.17,
            "book_valuer_per_share_4q_avg": 8.27,
            "equity": 1218897,
            "current_ratio": 94.99,
            "debt_ratio": 56.93,
            "inventory_turnover_ratio": 0.98,
            "account_receivable_turnover_ratio": null,
            "reinvestment_rate": null,
            "research_to_sale_ratio": null,
            "price_fair": 0,
            "eps_avg_yearly": 0,
            "eps_latest_yearly": 0,
            "eps_growth_yearly": 0
        },
        "20041": {
            "year_quarter": 20041,
            "year": 2004,
            "quarter": 1,
            "eps": -0.26,
            "eps_growth_year": null,
            "eps_4q": -0.4,
            "eps_4q_growth_year": null,
            "roe": -2.92,
            "roe_4q": -4.6,
            "gross_profit": 20681,
            "gross_margin": 6.11,
            "gross_margin_4q_avg": 6.37,
            "net_income": -33418,
            "net_income_4q": null,
            "revenue": 338626,
            "revenue_4q": null,
            "common_shares": 1286390,
            "book_valuer_per_share": 8.29,
            "book_valuer_per_share_4q_avg": 8.25,
            "equity": 1066192,
            "current_ratio": 83.58,
            "debt_ratio": 55.78,
            "inventory_turnover_ratio": 0.8,
            "account_receivable_turnover_ratio": null,
            "reinvestment_rate": null,
            "research_to_sale_ratio": null,
            "price_fair": 0,
            "eps_avg_yearly": 0,
            "eps_latest_yearly": 0,
            "eps_growth_yearly": 0
        },
        "20042": {
            "year_quarter": 20042,
            "year": 2004,
            "quarter": 2,
            "eps": 0.3,
            "eps_growth_year": 328.57,
            "eps_4q": -0.17,
            "eps_4q_growth_year": null,
            "roe": 3.53,
            "roe_4q": -1.82,
            "gross_profit": 39756,
            "gross_margin": 9.09,
            "gross_margin_4q_avg": 6.45,
            "net_income": 38415,
            "net_income_4q": null,
            "revenue": 437146,
            "revenue_4q": null,
            "common_shares": 1286390,
            "book_valuer_per_share": 8.65,
            "book_valuer_per_share_4q_avg": 8.31,
            "equity": 1112131,
            "current_ratio": 82.39,
            "debt_ratio": 54.79,
            "inventory_turnover_ratio": 1.16,
            "account_receivable_turnover_ratio": null,
            "reinvestment_rate": null,
            "research_to_sale_ratio": null,
            "price_fair": 0,
            "eps_avg_yearly": 0,
            "eps_latest_yearly": 0,
            "eps_growth_yearly": 0
        },
        "20043": {
            "year_quarter": 20043,
            "year": 2004,
            "quarter": 3,
            "eps": -0.29,
            "eps_growth_year": null,
            "eps_4q": -0.21,
            "eps_4q_growth_year": null,
            "roe": -3.43,
            "roe_4q": -2.29,
            "gross_profit": 6111,
            "gross_margin": 2.04,
            "gross_margin_4q_avg": 6.6,
            "net_income": -37544,
            "net_income_4q": null,
            "revenue": 299842,
            "revenue_4q": null,
            "common_shares": 1286390,
            "book_valuer_per_share": 8.37,
            "book_valuer_per_share_4q_avg": 8.37,
            "equity": 1076244,
            "current_ratio": 75.46,
            "debt_ratio": 54.79,
            "inventory_turnover_ratio": 0.86,
            "account_receivable_turnover_ratio": null,
            "reinvestment_rate": null,
            "research_to_sale_ratio": null,
            "price_fair": 0,
            "eps_avg_yearly": 0,
            "eps_latest_yearly": 0,
            "eps_growth_yearly": 0
        },
        "20044": {
            "year_quarter": 20044,
            "year": 2004,
            "quarter": 4,
            "eps": -0.37,
            "eps_growth_year": -840,
            "eps_4q": -0.38,
            "eps_4q_growth_year": null,
            "roe": -4.42,
            "roe_4q": -7.24,
            "gross_profit": 561,
            "gross_margin": 0.16,
            "gross_margin_4q_avg": 4.35,
            "net_income": -47414,
            "net_income_4q": null,
            "revenue": 345968,
            "revenue_4q": null,
            "common_shares": 1286390,
            "book_valuer_per_share": 7.76,
            "book_valuer_per_share_4q_avg": 8.27,
            "equity": 1069012,
            "current_ratio": 85.39,
            "debt_ratio": 57.12,
            "inventory_turnover_ratio": 0.97,
            "account_receivable_turnover_ratio": null,
            "reinvestment_rate": null,
            "research_to_sale_ratio": null,
            "price_fair": 0,
            "eps_avg_yearly": 0,
            "eps_latest_yearly": 0,
            "eps_growth_yearly": 0
        },
        "20051": {
            "year_quarter": 20051,
            "year": 2005,
            "quarter": 1,
            "eps": -1.88,
            "eps_growth_year": null,
            "eps_4q": -2.24,
            "eps_4q_growth_year": null,
            "roe": -25.73,
            "roe_4q": -30.049999999999997,
            "gross_profit": 8681,
            "gross_margin": 3.08,
            "gross_margin_4q_avg": 3.59,
            "net_income": -241352,
            "net_income_4q": null,
            "revenue": 281860,
            "revenue_4q": null,
            "common_shares": 1286390,
            "book_valuer_per_share": 6.28,
            "book_valuer_per_share_4q_avg": 7.77,
            "equity": 807213,
            "current_ratio": 62.69,
            "debt_ratio": 60.38,
            "inventory_turnover_ratio": 0.85,
            "account_receivable_turnover_ratio": null,
            "reinvestment_rate": null,
            "research_to_sale_ratio": null,
            "price_fair": 0,
            "eps_avg_yearly": 0,
            "eps_latest_yearly": 0,
            "eps_growth_yearly": 0
        },
        "20052": {
            "year_quarter": 20052,
            "year": 2005,
            "quarter": 2,
            "eps": 0.14,
            "eps_growth_year": -53.33,
            "eps_4q": -2.48,
            "eps_4q_growth_year": null,
            "roe": 2.14,
            "roe_4q": -31.439999999999998,
            "gross_profit": 41821,
            "gross_margin": 11.53,
            "gross_margin_4q_avg": 4.2,
            "net_income": 17449,
            "net_income_4q": null,
            "revenue": 362737,
            "revenue_4q": null,
            "common_shares": 1286390,
            "book_valuer_per_share": 6.42,
            "book_valuer_per_share_4q_avg": 7.21,
            "equity": 825807,
            "current_ratio": 70.65,
            "debt_ratio": 60.27,
            "inventory_turnover_ratio": 1.16,
            "account_receivable_turnover_ratio": null,
            "reinvestment_rate": null,
            "research_to_sale_ratio": null,
            "price_fair": 0,
            "eps_avg_yearly": 0,
            "eps_latest_yearly": 0,
            "eps_growth_yearly": 0
        },
        "20053": {
            "year_quarter": 20053,
            "year": 2005,
            "quarter": 3,
            "eps": -0.4,
            "eps_growth_year": null,
            "eps_4q": -2.51,
            "eps_4q_growth_year": null,
            "roe": -6.24,
            "roe_4q": -34.25,
            "gross_profit": -1867,
            "gross_margin": -0.73,
            "gross_margin_4q_avg": 3.51,
            "net_income": -50927,
            "net_income_4q": null,
            "revenue": 255157,
            "revenue_4q": null,
            "common_shares": 1286390,
            "book_valuer_per_share": 6.28,
            "book_valuer_per_share_4q_avg": 6.69,
            "equity": 807704,
            "current_ratio": 61.85,
            "debt_ratio": 59.47,
            "inventory_turnover_ratio": 0.99,
            "account_receivable_turnover_ratio": null,
            "reinvestment_rate": null,
            "research_to_sale_ratio": null,
            "price_fair": 0,
            "eps_avg_yearly": 0,
            "eps_latest_yearly": 0,
            "eps_growth_yearly": 0
        },
        "20054": {
            "year_quarter": 20054,
            "year": 2005,
            "quarter": 4,
            "eps": 0.19,
            "eps_growth_year": null,
            "eps_4q": -1.98,
            "eps_4q_growth_year": null,
            "roe": 2.85,
            "roe_4q": -26.98,
            "gross_profit": 3672,
            "gross_margin": 1.36,
            "gross_margin_4q_avg": 3.81,
            "net_income": 24093,
            "net_income_4q": null,
            "revenue": 269065,
            "revenue_4q": null,
            "common_shares": 1286390,
            "book_valuer_per_share": 6.4,
            "book_valuer_per_share_4q_avg": 6.35,
            "equity": 882106,
            "current_ratio": 86.7,
            "debt_ratio": 58.37,
            "inventory_turnover_ratio": 0.96,
            "account_receivable_turnover_ratio": null,
            "reinvestment_rate": null,
            "research_to_sale_ratio": null,
            "price_fair": 0,
            "eps_avg_yearly": 0,
            "eps_latest_yearly": 0,
            "eps_growth_yearly": 0
        },
        "20061": {
            "year_quarter": 20061,
            "year": 2006,
            "quarter": 1,
            "eps": -0.24,
            "eps_growth_year": null,
            "eps_4q": -0.31,
            "eps_4q_growth_year": null,
            "roe": -3.65,
            "roe_4q": -4.9,
            "gross_profit": 3910,
            "gross_margin": 1.92,
            "gross_margin_4q_avg": 3.52,
            "net_income": -30538,
            "net_income_4q": null,
            "revenue": 203897,
            "revenue_4q": null,
            "common_shares": 1286390,
            "book_valuer_per_share": 6.16,
            "book_valuer_per_share_4q_avg": 6.32,
            "equity": 792949,
            "current_ratio": 58.78,
            "debt_ratio": 56.87,
            "inventory_turnover_ratio": 0.76,
            "account_receivable_turnover_ratio": null,
            "reinvestment_rate": null,
            "research_to_sale_ratio": null,
            "price_fair": 0,
            "eps_avg_yearly": 0,
            "eps_latest_yearly": 0,
            "eps_growth_yearly": 0
        },
        "20062": {
            "year_quarter": 20062,
            "year": 2006,
            "quarter": 2,
            "eps": 0.16,
            "eps_growth_year": 14.29,
            "eps_4q": -0.29,
            "eps_4q_growth_year": null,
            "roe": 2.57,
            "roe_4q": -4.470000000000001,
            "gross_profit": 36246,
            "gross_margin": 11.36,
            "gross_margin_4q_avg": 3.48,
            "net_income": 20523,
            "net_income_4q": null,
            "revenue": 319184,
            "revenue_4q": null,
            "common_shares": 1286390,
            "book_valuer_per_share": 6.26,
            "book_valuer_per_share_4q_avg": 6.28,
            "equity": 805078,
            "current_ratio": 62.95,
            "debt_ratio": 57.6,
            "inventory_turnover_ratio": 1.31,
            "account_receivable_turnover_ratio": null,
            "reinvestment_rate": null,
            "research_to_sale_ratio": null,
            "price_fair": 0,
            "eps_avg_yearly": 0,
            "eps_latest_yearly": 0,
            "eps_growth_yearly": 0
        },
        "20063": {
            "year_quarter": 20063,
            "year": 2006,
            "quarter": 3,
            "eps": -0.28,
            "eps_growth_year": null,
            "eps_4q": -0.17,
            "eps_4q_growth_year": null,
            "roe": -4.49,
            "roe_4q": -2.72,
            "gross_profit": 3947,
            "gross_margin": 1.78,
            "gross_margin_4q_avg": 4.11,
            "net_income": -35777,
            "net_income_4q": null,
            "revenue": 221444,
            "revenue_4q": null,
            "common_shares": 1286390,
            "book_valuer_per_share": 6.12,
            "book_valuer_per_share_4q_avg": 6.24,
            "equity": 787071,
            "current_ratio": 57.28,
            "debt_ratio": 56.99,
            "inventory_turnover_ratio": 1.03,
            "account_receivable_turnover_ratio": null,
            "reinvestment_rate": null,
            "research_to_sale_ratio": null,
            "price_fair": 0,
            "eps_avg_yearly": 0,
            "eps_latest_yearly": 0,
            "eps_growth_yearly": 0
        },
        "20064": {
            "year_quarter": 20064,
            "year": 2006,
            "quarter": 4,
            "eps": -0.23,
            "eps_growth_year": -221.05,
            "eps_4q": -0.46,
            "eps_4q_growth_year": null,
            "roe": -3.85,
            "roe_4q": -9.42,
            "gross_profit": 4800,
            "gross_margin": 2.14,
            "gross_margin_4q_avg": 4.3,
            "net_income": -30160,
            "net_income_4q": null,
            "revenue": 224691,
            "revenue_4q": null,
            "common_shares": 1286390,
            "book_valuer_per_share": 5.8,
            "book_valuer_per_share_4q_avg": 6.09,
            "equity": 779742,
            "current_ratio": 81.6,
            "debt_ratio": 59.83,
            "inventory_turnover_ratio": 0.89,
            "account_receivable_turnover_ratio": null,
            "reinvestment_rate": null,
            "research_to_sale_ratio": null,
            "price_fair": 0,
            "eps_avg_yearly": 0,
            "eps_latest_yearly": 0,
            "eps_growth_yearly": 0
        },
        "20071": {
            "year_quarter": 20071,
            "year": 2007,
            "quarter": 1,
            "eps": -0.34,
            "eps_growth_year": null,
            "eps_4q": -0.7,
            "eps_4q_growth_year": null,
            "roe": -5.78,
            "roe_4q": -11.55,
            "gross_profit": 4785,
            "gross_margin": 2.92,
            "gross_margin_4q_avg": 4.55,
            "net_income": -43473,
            "net_income_4q": null,
            "revenue": 164087,
            "revenue_4q": null,
            "common_shares": 1286390,
            "book_valuer_per_share": 5.63,
            "book_valuer_per_share_4q_avg": 5.95,
            "equity": 724207,
            "current_ratio": 71.5,
            "debt_ratio": 53.15,
            "inventory_turnover_ratio": 0.66,
            "account_receivable_turnover_ratio": null,
            "reinvestment_rate": null,
            "research_to_sale_ratio": null,
            "price_fair": 0,
            "eps_avg_yearly": 0,
            "eps_latest_yearly": 0,
            "eps_growth_yearly": 0
        },
        "20072": {
            "year_quarter": 20072,
            "year": 2007,
            "quarter": 2,
            "eps": 0.23,
            "eps_growth_year": 43.75,
            "eps_4q": -0.63,
            "eps_4q_growth_year": null,
            "roe": 3.99,
            "roe_4q": -10.13,
            "gross_profit": 29044,
            "gross_margin": 11.15,
            "gross_margin_4q_avg": 4.5,
            "net_income": 29133,
            "net_income_4q": null,
            "revenue": 260387,
            "revenue_4q": null,
            "common_shares": 1286390,
            "book_valuer_per_share": 5.73,
            "book_valuer_per_share_4q_avg": 5.82,
            "equity": 737594,
            "current_ratio": 74.33,
            "debt_ratio": 53.5,
            "inventory_turnover_ratio": 1.16,
            "account_receivable_turnover_ratio": null,
            "reinvestment_rate": null,
            "research_to_sale_ratio": null,
            "price_fair": 0,
            "eps_avg_yearly": 0,
            "eps_latest_yearly": 0,
            "eps_growth_yearly": 0
        },
        "20073": {
            "year_quarter": 20073,
            "year": 2007,
            "quarter": 3,
            "eps": -0.3,
            "eps_growth_year": null,
            "eps_4q": -0.65,
            "eps_4q_growth_year": null,
            "roe": -5.35,
            "roe_4q": -10.99,
            "gross_profit": 8666,
            "gross_margin": 4.89,
            "gross_margin_4q_avg": 5.28,
            "net_income": -38795,
            "net_income_4q": null,
            "revenue": 177336,
            "revenue_4q": null,
            "common_shares": 1286390,
            "book_valuer_per_share": 5.55,
            "book_valuer_per_share_4q_avg": 5.68,
            "equity": 713682,
            "current_ratio": 59.27,
            "debt_ratio": 53.18,
            "inventory_turnover_ratio": 0.84,
            "account_receivable_turnover_ratio": null,
            "reinvestment_rate": null,
            "research_to_sale_ratio": null,
            "price_fair": 0,
            "eps_avg_yearly": 0,
            "eps_latest_yearly": 0,
            "eps_growth_yearly": 0
        },
        "20074": {
            "year_quarter": 20074,
            "year": 2007,
            "quarter": 4,
            "eps": -0.27,
            "eps_growth_year": null,
            "eps_4q": -0.59,
            "eps_4q_growth_year": null,
            "roe": -5.07,
            "roe_4q": -12.21,
            "gross_profit": 10785,
            "gross_margin": 5.14,
            "gross_margin_4q_avg": 6.03,
            "net_income": -35239,
            "net_income_4q": null,
            "revenue": 209797,
            "revenue_4q": null,
            "common_shares": 1286390,
            "book_valuer_per_share": 5.11,
            "book_valuer_per_share_4q_avg": 5.51,
            "equity": 676394,
            "current_ratio": 86.05,
            "debt_ratio": 61.74,
            "inventory_turnover_ratio": 0.85,
            "account_receivable_turnover_ratio": null,
            "reinvestment_rate": null,
            "research_to_sale_ratio": null,
            "price_fair": 0,
            "eps_avg_yearly": 0,
            "eps_latest_yearly": 0,
            "eps_growth_yearly": 0
        },
        "20081": {
            "year_quarter": 20081,
            "year": 2008,
            "quarter": 1,
            "eps": 0,
            "eps_growth_year": null,
            "eps_4q": -0.35,
            "eps_4q_growth_year": null,
            "roe": -0.29,
            "roe_4q": -6.720000000000001,
            "gross_profit": 37871,
            "gross_margin": 14.15,
            "gross_margin_4q_avg": 8.83,
            "net_income": -1950,
            "net_income_4q": null,
            "revenue": 267721,
            "revenue_4q": null,
            "common_shares": 1286390,
            "book_valuer_per_share": 5,
            "book_valuer_per_share_4q_avg": 5.35,
            "equity": 659247,
            "current_ratio": 85.29,
            "debt_ratio": 60.08,
            "inventory_turnover_ratio": 0.81,
            "account_receivable_turnover_ratio": null,
            "reinvestment_rate": null,
            "research_to_sale_ratio": null,
            "price_fair": 0,
            "eps_avg_yearly": 0,
            "eps_latest_yearly": 0,
            "eps_growth_yearly": 0
        },
        "20082": {
            "year_quarter": 20082,
            "year": 2008,
            "quarter": 2,
            "eps": 0.23,
            "eps_growth_year": 0,
            "eps_4q": -0.33,
            "eps_4q_growth_year": null,
            "roe": 4.66,
            "roe_4q": -6.05,
            "gross_profit": 51314,
            "gross_margin": 12.81,
            "gross_margin_4q_avg": 9.25,
            "net_income": 31436,
            "net_income_4q": null,
            "revenue": 400558,
            "revenue_4q": null,
            "common_shares": 1286390,
            "book_valuer_per_share": 5.22,
            "book_valuer_per_share_4q_avg": 5.22,
            "equity": 689167,
            "current_ratio": 99.66,
            "debt_ratio": 54.87,
            "inventory_turnover_ratio": 1.14,
            "account_receivable_turnover_ratio": null,
            "reinvestment_rate": null,
            "research_to_sale_ratio": null,
            "price_fair": 0,
            "eps_avg_yearly": 0,
            "eps_latest_yearly": 0,
            "eps_growth_yearly": 0
        },
        "20083": {
            "year_quarter": 20083,
            "year": 2008,
            "quarter": 3,
            "eps": -0.63,
            "eps_growth_year": null,
            "eps_4q": -0.73,
            "eps_4q_growth_year": null,
            "roe": -7.33,
            "roe_4q": -8.030000000000001,
            "gross_profit": -3172,
            "gross_margin": -1.38,
            "gross_margin_4q_avg": 7.68,
            "net_income": -49277,
            "net_income_4q": null,
            "revenue": 229729,
            "revenue_4q": null,
            "common_shares": 700000,
            "book_valuer_per_share": 9.16,
            "book_valuer_per_share_4q_avg": 6.12,
            "equity": 655093,
            "current_ratio": 92.74,
            "debt_ratio": 52.84,
            "inventory_turnover_ratio": 0.8,
            "account_receivable_turnover_ratio": null,
            "reinvestment_rate": null,
            "research_to_sale_ratio": null,
            "price_fair": 0,
            "eps_avg_yearly": 0,
            "eps_latest_yearly": 0,
            "eps_growth_yearly": 0
        },
        "20084": {
            "year_quarter": 20084,
            "year": 2008,
            "quarter": 4,
            "eps": 0.24,
            "eps_growth_year": null,
            "eps_4q": 0.03,
            "eps_4q_growth_year": null,
            "roe": 1.58,
            "roe_4q": -1.38,
            "gross_profit": 14937,
            "gross_margin": 5.99,
            "gross_margin_4q_avg": 7.89,
            "net_income": 10489,
            "net_income_4q": null,
            "revenue": 249385,
            "revenue_4q": null,
            "common_shares": 700000,
            "book_valuer_per_share": 9.49,
            "book_valuer_per_share_4q_avg": 7.22,
            "equity": 671882,
            "current_ratio": 90.06,
            "debt_ratio": 48.74,
            "inventory_turnover_ratio": 0.96,
            "account_receivable_turnover_ratio": 2.69,
            "reinvestment_rate": null,
            "research_to_sale_ratio": null,
            "price_fair": 0,
            "eps_avg_yearly": 0,
            "eps_latest_yearly": 0,
            "eps_growth_yearly": 0
        },
        "20091": {
            "year_quarter": 20091,
            "year": 2009,
            "quarter": 1,
            "eps": -0.34,
            "eps_growth_year": null,
            "eps_4q": -0.32,
            "eps_4q_growth_year": null,
            "roe": -3.95,
            "roe_4q": -5.039999999999999,
            "gross_profit": 7853,
            "gross_margin": 4.55,
            "gross_margin_4q_avg": 5.49,
            "net_income": -26176,
            "net_income_4q": null,
            "revenue": 172515,
            "revenue_4q": null,
            "common_shares": 700000,
            "book_valuer_per_share": 9.26,
            "book_valuer_per_share_4q_avg": 8.28,
            "equity": 653913,
            "current_ratio": 86.61,
            "debt_ratio": 49.8,
            "inventory_turnover_ratio": 0.79,
            "account_receivable_turnover_ratio": 1.05,
            "reinvestment_rate": null,
            "research_to_sale_ratio": null,
            "price_fair": 0,
            "eps_avg_yearly": 0,
            "eps_latest_yearly": 0,
            "eps_growth_yearly": 0
        },
        "20092": {
            "year_quarter": 20092,
            "year": 2009,
            "quarter": 2,
            "eps": 0.2,
            "eps_growth_year": -13.04,
            "eps_4q": -0.39,
            "eps_4q_growth_year": null,
            "roe": 2.95,
            "roe_4q": -6.75,
            "gross_profit": 56020,
            "gross_margin": 21.13,
            "gross_margin_4q_avg": 7.57,
            "net_income": 19436,
            "net_income_4q": null,
            "revenue": 265180,
            "revenue_4q": null,
            "common_shares": 700000,
            "book_valuer_per_share": 9.35,
            "book_valuer_per_share_4q_avg": 9.32,
            "equity": 665061,
            "current_ratio": 99.64,
            "debt_ratio": 48.12,
            "inventory_turnover_ratio": 1.05,
            "account_receivable_turnover_ratio": 1.73,
            "reinvestment_rate": null,
            "research_to_sale_ratio": null,
            "price_fair": 0,
            "eps_avg_yearly": 0,
            "eps_latest_yearly": 0,
            "eps_growth_yearly": 0
        },
        "20093": {
            "year_quarter": 20093,
            "year": 2009,
            "quarter": 3,
            "eps": 0.17,
            "eps_growth_year": null,
            "eps_4q": 0.11,
            "eps_4q_growth_year": null,
            "roe": 4.53,
            "roe_4q": 5.11,
            "gross_profit": 19034,
            "gross_margin": 9.26,
            "gross_margin_4q_avg": 10.23,
            "net_income": 30662,
            "net_income_4q": null,
            "revenue": 205611,
            "revenue_4q": null,
            "common_shares": 700000,
            "book_valuer_per_share": 9.44,
            "book_valuer_per_share_4q_avg": 9.39,
            "equity": 689032,
            "current_ratio": 113.31,
            "debt_ratio": 45.19,
            "inventory_turnover_ratio": 0.99,
            "account_receivable_turnover_ratio": 1.35,
            "reinvestment_rate": null,
            "research_to_sale_ratio": null,
            "price_fair": 2.04,
            "eps_avg_yearly": 0.68,
            "eps_latest_yearly": 0.68,
            "eps_growth_yearly": -60
        },
        "20094": {
            "year_quarter": 20094,
            "year": 2009,
            "quarter": 4,
            "eps": 0.14,
            "eps_growth_year": -41.67,
            "eps_4q": 0.18,
            "eps_4q_growth_year": 535.92,
            "roe": 1.97,
            "roe_4q": 5.499999999999999,
            "gross_profit": 45123,
            "gross_margin": 19.04,
            "gross_margin_4q_avg": 13.5,
            "net_income": 13710,
            "net_income_4q": null,
            "revenue": 237002,
            "revenue_4q": null,
            "common_shares": 700000,
            "book_valuer_per_share": 9.56,
            "book_valuer_per_share_4q_avg": 9.4,
            "equity": 700804,
            "current_ratio": 118.75,
            "debt_ratio": 43.97,
            "inventory_turnover_ratio": 1.1,
            "account_receivable_turnover_ratio": 3.05,
            "reinvestment_rate": null,
            "research_to_sale_ratio": null,
            "price_fair": 1.86,
            "eps_avg_yearly": 0.62,
            "eps_latest_yearly": 0.56,
            "eps_growth_yearly": -65.29
        },
        "20101": {
            "year_quarter": 20101,
            "year": 2010,
            "quarter": 1,
            "eps": -0.15,
            "eps_growth_year": null,
            "eps_4q": 0.38,
            "eps_4q_growth_year": null,
            "roe": -1.62,
            "roe_4q": 7.83,
            "gross_profit": 15128,
            "gross_margin": 8.31,
            "gross_margin_4q_avg": 14.44,
            "net_income": -11266,
            "net_income_4q": null,
            "revenue": 182037,
            "revenue_4q": null,
            "common_shares": 700000,
            "book_valuer_per_share": 9.38,
            "book_valuer_per_share_4q_avg": 9.43,
            "equity": 687266,
            "current_ratio": 122.72,
            "debt_ratio": 43.16,
            "inventory_turnover_ratio": 0.96,
            "account_receivable_turnover_ratio": 1.22,
            "reinvestment_rate": null,
            "research_to_sale_ratio": 1.93,
            "price_fair": 1.86,
            "eps_avg_yearly": 0.62,
            "eps_latest_yearly": 0.56,
            "eps_growth_yearly": -65.29
        },
        "20102": {
            "year_quarter": 20102,
            "year": 2010,
            "quarter": 2,
            "eps": 0.23,
            "eps_growth_year": 13.24,
            "eps_4q": 0.4,
            "eps_4q_growth_year": null,
            "roe": 2.73,
            "roe_4q": 7.61,
            "gross_profit": 50219,
            "gross_margin": 17.91,
            "gross_margin_4q_avg": 13.63,
            "net_income": 19044,
            "net_income_4q": null,
            "revenue": 280403,
            "revenue_4q": null,
            "common_shares": 700000,
            "book_valuer_per_share": 9.64,
            "book_valuer_per_share_4q_avg": 9.51,
            "equity": 708893,
            "current_ratio": 136.72,
            "debt_ratio": 42.26,
            "inventory_turnover_ratio": 1.28,
            "account_receivable_turnover_ratio": 1.68,
            "reinvestment_rate": null,
            "research_to_sale_ratio": 1.19,
            "price_fair": 1.86,
            "eps_avg_yearly": 0.62,
            "eps_latest_yearly": 0.56,
            "eps_growth_yearly": -65.29
        },
        "20103": {
            "year_quarter": 20103,
            "year": 2010,
            "quarter": 3,
            "eps": -0.29,
            "eps_growth_year": -272.05,
            "eps_4q": -0.07,
            "eps_4q_growth_year": -163.77,
            "roe": -3.32,
            "roe_4q": -0.24,
            "gross_profit": 26721,
            "gross_margin": 14.49,
            "gross_margin_4q_avg": 14.94,
            "net_income": -23115,
            "net_income_4q": null,
            "revenue": 184367,
            "revenue_4q": null,
            "common_shares": 700000,
            "book_valuer_per_share": 9.3,
            "book_valuer_per_share_4q_avg": 9.47,
            "equity": 682138,
            "current_ratio": 128.33,
            "debt_ratio": 41.44,
            "inventory_turnover_ratio": 0.86,
            "account_receivable_turnover_ratio": 1.11,
            "reinvestment_rate": null,
            "research_to_sale_ratio": 1.99,
            "price_fair": 1.86,
            "eps_avg_yearly": 0.62,
            "eps_latest_yearly": 0.56,
            "eps_growth_yearly": -65.29
        },
        "20104": {
            "year_quarter": 20104,
            "year": 2010,
            "quarter": 4,
            "eps": -0.11,
            "eps_growth_year": -181.74,
            "eps_4q": -0.33,
            "eps_4q_growth_year": -284.17,
            "roe": -1.67,
            "roe_4q": -3.8800000000000003,
            "gross_profit": -7189,
            "gross_margin": -3.81,
            "gross_margin_4q_avg": 9.23,
            "net_income": -11429,
            "net_income_4q": null,
            "revenue": 188644,
            "revenue_4q": null,
            "common_shares": 700000,
            "book_valuer_per_share": 9.26,
            "book_valuer_per_share_4q_avg": 9.4,
            "equity": 687070,
            "current_ratio": 123.31,
            "debt_ratio": 42.32,
            "inventory_turnover_ratio": 1.03,
            "account_receivable_turnover_ratio": 1.34,
            "reinvestment_rate": null,
            "research_to_sale_ratio": 1.94,
            "price_fair": 1.86,
            "eps_avg_yearly": 0.62,
            "eps_latest_yearly": 0.56,
            "eps_growth_yearly": -65.29
        },
        "20111": {
            "year_quarter": 20111,
            "year": 2011,
            "quarter": 1,
            "eps": -0.26,
            "eps_growth_year": null,
            "eps_4q": -0.44,
            "eps_4q_growth_year": -217.1,
            "roe": -2.72,
            "roe_4q": -4.98,
            "gross_profit": 8023,
            "gross_margin": 4.62,
            "gross_margin_4q_avg": 8.3,
            "net_income": -18137,
            "net_income_4q": null,
            "revenue": 173723,
            "revenue_4q": null,
            "common_shares": 700000,
            "book_valuer_per_share": 9.21,
            "book_valuer_per_share_4q_avg": 9.35,
            "equity": 644443,
            "current_ratio": 115.44,
            "debt_ratio": 46.36,
            "inventory_turnover_ratio": 0.8,
            "account_receivable_turnover_ratio": 1.23,
            "reinvestment_rate": null,
            "research_to_sale_ratio": 2.38,
            "price_fair": 1.86,
            "eps_avg_yearly": 0.62,
            "eps_latest_yearly": 0.56,
            "eps_growth_yearly": -65.29
        },
        "20112": {
            "year_quarter": 20112,
            "year": 2011,
            "quarter": 2,
            "eps": 0.13,
            "eps_growth_year": -42.44,
            "eps_4q": -0.54,
            "eps_4q_growth_year": -233.97,
            "roe": 1.41,
            "roe_4q": -6.300000000000001,
            "gross_profit": 9631,
            "gross_margin": 4.38,
            "gross_margin_4q_avg": 4.92,
            "net_income": 9126,
            "net_income_4q": null,
            "revenue": 219911,
            "revenue_4q": null,
            "common_shares": 700000,
            "book_valuer_per_share": 9.26,
            "book_valuer_per_share_4q_avg": 9.26,
            "equity": 647912,
            "current_ratio": 138.99,
            "debt_ratio": 42.78,
            "inventory_turnover_ratio": 0.97,
            "account_receivable_turnover_ratio": 1.42,
            "reinvestment_rate": null,
            "research_to_sale_ratio": 1.5,
            "price_fair": 1.86,
            "eps_avg_yearly": 0.62,
            "eps_latest_yearly": 0.56,
            "eps_growth_yearly": -65.29
        },
        "20113": {
            "year_quarter": 20113,
            "year": 2011,
            "quarter": 3,
            "eps": -0.33,
            "eps_growth_year": null,
            "eps_4q": -0.57,
            "eps_4q_growth_year": null,
            "roe": -3.53,
            "roe_4q": -6.51,
            "gross_profit": 224,
            "gross_margin": 0.14,
            "gross_margin_4q_avg": 1.33,
            "net_income": -22843,
            "net_income_4q": null,
            "revenue": 155107,
            "revenue_4q": null,
            "common_shares": 700000,
            "book_valuer_per_share": 9.21,
            "book_valuer_per_share_4q_avg": 9.24,
            "equity": 644658,
            "current_ratio": 123.5,
            "debt_ratio": 48.3,
            "inventory_turnover_ratio": 0.74,
            "account_receivable_turnover_ratio": 0.68,
            "reinvestment_rate": null,
            "research_to_sale_ratio": 2.41,
            "price_fair": 1.86,
            "eps_avg_yearly": 0.62,
            "eps_latest_yearly": 0.56,
            "eps_growth_yearly": -65.29
        },
        "20114": {
            "year_quarter": 20114,
            "year": 2011,
            "quarter": 4,
            "eps": -0.02,
            "eps_growth_year": null,
            "eps_4q": -0.48,
            "eps_4q_growth_year": null,
            "roe": -0.24,
            "roe_4q": -5.08,
            "gross_profit": 9366,
            "gross_margin": 5.07,
            "gross_margin_4q_avg": 3.55,
            "net_income": -1546,
            "net_income_4q": null,
            "revenue": 184732,
            "revenue_4q": null,
            "common_shares": 700000,
            "book_valuer_per_share": 9.16,
            "book_valuer_per_share_4q_avg": 9.21,
            "equity": 641510,
            "current_ratio": 132.84,
            "debt_ratio": 41.83,
            "inventory_turnover_ratio": 0.9,
            "account_receivable_turnover_ratio": 0.83,
            "reinvestment_rate": null,
            "research_to_sale_ratio": 1.25,
            "price_fair": 1.86,
            "eps_avg_yearly": 0.62,
            "eps_latest_yearly": 0.56,
            "eps_growth_yearly": -65.29
        },
        "20121": {
            "year_quarter": 20121,
            "year": 2012,
            "quarter": 1,
            "eps": -0.04,
            "eps_growth_year": null,
            "eps_4q": -0.26,
            "eps_4q_growth_year": null,
            "roe": -0.48,
            "roe_4q": -2.84,
            "gross_profit": 13091,
            "gross_margin": 8.61,
            "gross_margin_4q_avg": 4.55,
            "net_income": -3073,
            "net_income_4q": null,
            "revenue": 152013,
            "revenue_4q": null,
            "common_shares": 700000,
            "book_valuer_per_share": 9.03,
            "book_valuer_per_share_4q_avg": 9.17,
            "equity": 631965,
            "current_ratio": 137.68,
            "debt_ratio": 38.32,
            "inventory_turnover_ratio": 0.75,
            "account_receivable_turnover_ratio": 1.16,
            "reinvestment_rate": null,
            "research_to_sale_ratio": 1.97,
            "price_fair": 1.86,
            "eps_avg_yearly": 0.62,
            "eps_latest_yearly": 0.56,
            "eps_growth_yearly": -65.29
        },
        "20122": {
            "year_quarter": 20122,
            "year": 2012,
            "quarter": 2,
            "eps": -0.02,
            "eps_growth_year": -117.78,
            "eps_4q": -0.42,
            "eps_4q_growth_year": null,
            "roe": -0.26,
            "roe_4q": -4.51,
            "gross_profit": 15261,
            "gross_margin": 8.47,
            "gross_margin_4q_avg": 5.57,
            "net_income": -1623,
            "net_income_4q": null,
            "revenue": 180221,
            "revenue_4q": null,
            "common_shares": 700000,
            "book_valuer_per_share": 9.05,
            "book_valuer_per_share_4q_avg": 9.11,
            "equity": 633213,
            "current_ratio": 146.29,
            "debt_ratio": 38.6,
            "inventory_turnover_ratio": 0.92,
            "account_receivable_turnover_ratio": 1.49,
            "reinvestment_rate": null,
            "research_to_sale_ratio": 1.18,
            "price_fair": 1.86,
            "eps_avg_yearly": 0.62,
            "eps_latest_yearly": 0.56,
            "eps_growth_yearly": -65.29
        },
        "20123": {
            "year_quarter": 20123,
            "year": 2012,
            "quarter": 3,
            "eps": 0.07,
            "eps_growth_year": null,
            "eps_4q": -0.02,
            "eps_4q_growth_year": null,
            "roe": 0.77,
            "roe_4q": -0.20999999999999996,
            "gross_profit": 18277,
            "gross_margin": 11.65,
            "gross_margin_4q_avg": 8.45,
            "net_income": 4860,
            "net_income_4q": null,
            "revenue": 156912,
            "revenue_4q": null,
            "common_shares": 700000,
            "book_valuer_per_share": 9.04,
            "book_valuer_per_share_4q_avg": 9.07,
            "equity": 632819,
            "current_ratio": 152.48,
            "debt_ratio": 36.68,
            "inventory_turnover_ratio": 0.8,
            "account_receivable_turnover_ratio": 1.27,
            "reinvestment_rate": null,
            "research_to_sale_ratio": 2.11,
            "price_fair": 1.86,
            "eps_avg_yearly": 0.62,
            "eps_latest_yearly": 0.56,
            "eps_growth_yearly": -65.29
        },
        "20124": {
            "year_quarter": 20124,
            "year": 2012,
            "quarter": 4,
            "eps": -0.11,
            "eps_growth_year": null,
            "eps_4q": -0.11,
            "eps_4q_growth_year": null,
            "roe": -1.22,
            "roe_4q": -1.19,
            "gross_profit": 10890,
            "gross_margin": 7.35,
            "gross_margin_4q_avg": 9.02,
            "net_income": -7690,
            "net_income_4q": null,
            "revenue": 148129,
            "revenue_4q": null,
            "common_shares": 700000,
            "book_valuer_per_share": 8.92,
            "book_valuer_per_share_4q_avg": 9.01,
            "equity": 624663,
            "current_ratio": 163.86,
            "debt_ratio": 34.53,
            "inventory_turnover_ratio": 0.85,
            "account_receivable_turnover_ratio": 1.44,
            "reinvestment_rate": null,
            "research_to_sale_ratio": 1.77,
            "price_fair": 1.86,
            "eps_avg_yearly": 0.62,
            "eps_latest_yearly": 0.56,
            "eps_growth_yearly": -65.29
        },
        "20131": {
            "year_quarter": 20131,
            "year": 2013,
            "quarter": 1,
            "eps": -0.02,
            "eps_growth_year": null,
            "eps_4q": -0.08,
            "eps_4q_growth_year": null,
            "roe": -0.24,
            "roe_4q": -0.95,
            "gross_profit": 21837,
            "gross_margin": 15.69,
            "gross_margin_4q_avg": 10.79,
            "net_income": -1474,
            "net_income_4q": null,
            "revenue": 139186,
            "revenue_4q": null,
            "common_shares": 700000,
            "book_valuer_per_share": 8.76,
            "book_valuer_per_share_4q_avg": 8.94,
            "equity": 613481,
            "current_ratio": 157.44,
            "debt_ratio": 35.61,
            "inventory_turnover_ratio": 0.77,
            "account_receivable_turnover_ratio": 1.54,
            "reinvestment_rate": null,
            "research_to_sale_ratio": 2.35,
            "price_fair": 1.86,
            "eps_avg_yearly": 0.62,
            "eps_latest_yearly": 0.56,
            "eps_growth_yearly": -65.29
        },
        "20132": {
            "year_quarter": 20132,
            "year": 2013,
            "quarter": 2,
            "eps": 0.17,
            "eps_growth_year": null,
            "eps_4q": 0.11,
            "eps_4q_growth_year": null,
            "roe": 1.96,
            "roe_4q": 1.27,
            "gross_profit": 27754,
            "gross_margin": 16.73,
            "gross_margin_4q_avg": 12.86,
            "net_income": 12159,
            "net_income_4q": null,
            "revenue": 165925,
            "revenue_4q": null,
            "common_shares": 700000,
            "book_valuer_per_share": 8.97,
            "book_valuer_per_share_4q_avg": 8.92,
            "equity": 627613,
            "current_ratio": 162.43,
            "debt_ratio": 34.73,
            "inventory_turnover_ratio": 0.92,
            "account_receivable_turnover_ratio": 1.76,
            "reinvestment_rate": null,
            "research_to_sale_ratio": 2.23,
            "price_fair": 1.86,
            "eps_avg_yearly": 0.62,
            "eps_latest_yearly": 0.56,
            "eps_growth_yearly": -65.29
        },
        "20133": {
            "year_quarter": 20133,
            "year": 2013,
            "quarter": 3,
            "eps": 0.16,
            "eps_growth_year": 130.45,
            "eps_4q": 0.2,
            "eps_4q_growth_year": null,
            "roe": 1.75,
            "roe_4q": 2.25,
            "gross_profit": 28291,
            "gross_margin": 19.04,
            "gross_margin_4q_avg": 14.7,
            "net_income": 11040,
            "net_income_4q": null,
            "revenue": 148574,
            "revenue_4q": null,
            "common_shares": 700000,
            "book_valuer_per_share": 9.1,
            "book_valuer_per_share_4q_avg": 8.94,
            "equity": 637275,
            "current_ratio": 163.17,
            "debt_ratio": 32.77,
            "inventory_turnover_ratio": 0.85,
            "account_receivable_turnover_ratio": 1.69,
            "reinvestment_rate": null,
            "research_to_sale_ratio": 1.95,
            "price_fair": 1.8,
            "eps_avg_yearly": 0.6,
            "eps_latest_yearly": 0.64,
            "eps_growth_yearly": -47.06
        },
        "20134": {
            "year_quarter": 20134,
            "year": 2013,
            "quarter": 4,
            "eps": 0.17,
            "eps_growth_year": null,
            "eps_4q": 0.48,
            "eps_4q_growth_year": null,
            "roe": 1.81,
            "roe_4q": 5.279999999999999,
            "gross_profit": 31360,
            "gross_margin": 19.37,
            "gross_margin_4q_avg": 17.71,
            "net_income": 11627,
            "net_income_4q": null,
            "revenue": 161894,
            "revenue_4q": null,
            "common_shares": 700000,
            "book_valuer_per_share": 9.28,
            "book_valuer_per_share_4q_avg": 9.03,
            "equity": 649669,
            "current_ratio": 157.55,
            "debt_ratio": 34.07,
            "inventory_turnover_ratio": 0.93,
            "account_receivable_turnover_ratio": 2.11,
            "reinvestment_rate": null,
            "research_to_sale_ratio": 1.65,
            "price_fair": 6.6,
            "eps_avg_yearly": 0.66,
            "eps_latest_yearly": 0.68,
            "eps_growth_yearly": 0.74
        },
        "20141": {
            "year_quarter": 20141,
            "year": 2014,
            "quarter": 1,
            "eps": 0.17,
            "eps_growth_year": null,
            "eps_4q": 0.67,
            "eps_4q_growth_year": null,
            "roe": 1.86,
            "roe_4q": 7.38,
            "gross_profit": 37890,
            "gross_margin": 22.73,
            "gross_margin_4q_avg": 19.47,
            "net_income": 12193,
            "net_income_4q": null,
            "revenue": 166726,
            "revenue_4q": null,
            "common_shares": 700000,
            "book_valuer_per_share": 9.45,
            "book_valuer_per_share_4q_avg": 9.2,
            "equity": 661245,
            "current_ratio": 159.03,
            "debt_ratio": 34.27,
            "inventory_turnover_ratio": 0.88,
            "account_receivable_turnover_ratio": 1.98,
            "reinvestment_rate": null,
            "research_to_sale_ratio": 1.31,
            "price_fair": 6.67,
            "eps_avg_yearly": 0.67,
            "eps_latest_yearly": 0.68,
            "eps_growth_yearly": 0.49
        },
        "20142": {
            "year_quarter": 20142,
            "year": 2014,
            "quarter": 2,
            "eps": 0.33,
            "eps_growth_year": 94.12,
            "eps_4q": 0.83,
            "eps_4q_growth_year": 636.3,
            "roe": 3.42,
            "roe_4q": 8.84,
            "gross_profit": 44366,
            "gross_margin": 23.2,
            "gross_margin_4q_avg": 21.09,
            "net_income": 22976,
            "net_income_4q": null,
            "revenue": 191244,
            "revenue_4q": null,
            "common_shares": 700000,
            "book_valuer_per_share": 9.74,
            "book_valuer_per_share_4q_avg": 9.39,
            "equity": 681887,
            "current_ratio": 165.71,
            "debt_ratio": 33.73,
            "inventory_turnover_ratio": 0.96,
            "account_receivable_turnover_ratio": 1.91,
            "reinvestment_rate": null,
            "research_to_sale_ratio": 1.39,
            "price_fair": 29.05,
            "eps_avg_yearly": 0.83,
            "eps_latest_yearly": 1.32,
            "eps_growth_yearly": 94.49
        },
        "20143": {
            "year_quarter": 20143,
            "year": 2014,
            "quarter": 3,
            "eps": 0.32,
            "eps_growth_year": 100,
            "eps_4q": 0.99,
            "eps_4q_growth_year": 393.17,
            "roe": 3.23,
            "roe_4q": 10.32,
            "gross_profit": 32323,
            "gross_margin": 20.64,
            "gross_margin_4q_avg": 21.49,
            "net_income": 22421,
            "net_income_4q": null,
            "revenue": 156634,
            "revenue_4q": null,
            "common_shares": 700000,
            "book_valuer_per_share": 10.12,
            "book_valuer_per_share_4q_avg": 9.65,
            "equity": 708226,
            "current_ratio": 175.31,
            "debt_ratio": 31.77,
            "inventory_turnover_ratio": 0.82,
            "account_receivable_turnover_ratio": 1.53,
            "reinvestment_rate": -1276.57,
            "research_to_sale_ratio": 2.25,
            "price_fair": 32.2,
            "eps_avg_yearly": 0.92,
            "eps_latest_yearly": 1.28,
            "eps_growth_yearly": 73.16
        },
        "20144": {
            "year_quarter": 20144,
            "year": 2014,
            "quarter": 4,
            "eps": 0.17,
            "eps_growth_year": 2.31,
            "eps_4q": 0.99,
            "eps_4q_growth_year": 108.34,
            "roe": 1.66,
            "roe_4q": 10.169999999999998,
            "gross_profit": 22474,
            "gross_margin": 14.38,
            "gross_margin_4q_avg": 20.24,
            "net_income": 11896,
            "net_income_4q": null,
            "revenue": 156258,
            "revenue_4q": null,
            "common_shares": 700000,
            "book_valuer_per_share": 10.4,
            "book_valuer_per_share_4q_avg": 9.93,
            "equity": 728057,
            "current_ratio": 185.7,
            "debt_ratio": 29.67,
            "inventory_turnover_ratio": 0.94,
            "account_receivable_turnover_ratio": 1.77,
            "reinvestment_rate": -876.11,
            "research_to_sale_ratio": 1.75,
            "price_fair": 30.8,
            "eps_avg_yearly": 0.88,
            "eps_latest_yearly": 0.68,
            "eps_growth_yearly": 29.72
        },
        "20151": {
            "year_quarter": 20151,
            "year": 2015,
            "quarter": 1,
            "eps": 0.04,
            "eps_growth_year": -76.47,
            "eps_4q": 0.86,
            "eps_4q_growth_year": 27.5,
            "roe": 0.36,
            "roe_4q": 8.67,
            "gross_profit": 35688,
            "gross_margin": 21.62,
            "gross_margin_4q_avg": 19.96,
            "net_income": 2654,
            "net_income_4q": null,
            "revenue": 165078,
            "revenue_4q": null,
            "common_shares": 700000,
            "book_valuer_per_share": 10.41,
            "book_valuer_per_share_4q_avg": 10.17,
            "equity": 728545,
            "current_ratio": 191.2,
            "debt_ratio": 29.49,
            "inventory_turnover_ratio": 0.97,
            "account_receivable_turnover_ratio": 1.94,
            "reinvestment_rate": -647.96,
            "research_to_sale_ratio": 1.61,
            "price_fair": 2.33,
            "eps_avg_yearly": 0.78,
            "eps_latest_yearly": 0.16,
            "eps_growth_yearly": -18.22
        },
        "20152": {
            "year_quarter": 20152,
            "year": 2015,
            "quarter": 2,
            "eps": 0.27,
            "eps_growth_year": -18.18,
            "eps_4q": 0.79,
            "eps_4q_growth_year": -4.46,
            "roe": 2.57,
            "roe_4q": 7.82,
            "gross_profit": 39487,
            "gross_margin": 22.78,
            "gross_margin_4q_avg": 19.86,
            "net_income": 18836,
            "net_income_4q": null,
            "revenue": 173350,
            "revenue_4q": null,
            "common_shares": 700000,
            "book_valuer_per_share": 10.54,
            "book_valuer_per_share_4q_avg": 10.37,
            "equity": 737533,
            "current_ratio": 203.79,
            "debt_ratio": 27.67,
            "inventory_turnover_ratio": 1.05,
            "account_receivable_turnover_ratio": 1.94,
            "reinvestment_rate": -483.83,
            "research_to_sale_ratio": 2.03,
            "price_fair": 28.53,
            "eps_avg_yearly": 0.82,
            "eps_latest_yearly": 1.08,
            "eps_growth_yearly": 271.55
        },
        "20153": {
            "year_quarter": 20153,
            "year": 2015,
            "quarter": 3,
            "eps": 0.36,
            "eps_growth_year": 12.5,
            "eps_4q": 0.84,
            "eps_4q_growth_year": -15.48,
            "roe": 3.4,
            "roe_4q": 7.99,
            "gross_profit": 37353,
            "gross_margin": 24.24,
            "gross_margin_4q_avg": 20.76,
            "net_income": 25701,
            "net_income_4q": null,
            "revenue": 154093,
            "revenue_4q": null,
            "common_shares": 707000,
            "book_valuer_per_share": 10.94,
            "book_valuer_per_share_4q_avg": 10.57,
            "equity": 773690,
            "current_ratio": 268.54,
            "debt_ratio": 27.03,
            "inventory_turnover_ratio": 0.92,
            "account_receivable_turnover_ratio": 1.83,
            "reinvestment_rate": -260.52,
            "research_to_sale_ratio": 2.28,
            "price_fair": 30.96,
            "eps_avg_yearly": 0.88,
            "eps_latest_yearly": 1.44,
            "eps_growth_yearly": 256.2
        },
        "20154": {
            "year_quarter": 20154,
            "year": 2015,
            "quarter": 4,
            "eps": 0.11,
            "eps_growth_year": -33.95,
            "eps_4q": 0.78,
            "eps_4q_growth_year": -21.45,
            "roe": 1.03,
            "roe_4q": 7.36,
            "gross_profit": 29586,
            "gross_margin": 20.48,
            "gross_margin_4q_avg": 22.28,
            "net_income": 7936,
            "net_income_4q": null,
            "revenue": 144443,
            "revenue_4q": null,
            "common_shares": 707000,
            "book_valuer_per_share": 10.85,
            "book_valuer_per_share_4q_avg": 10.69,
            "equity": 766881,
            "current_ratio": 284.26,
            "debt_ratio": 26.04,
            "inventory_turnover_ratio": 0.93,
            "account_receivable_turnover_ratio": 2.06,
            "reinvestment_rate": -240.97,
            "research_to_sale_ratio": 2.07,
            "price_fair": 29.4,
            "eps_avg_yearly": 0.84,
            "eps_latest_yearly": 0.44,
            "eps_growth_yearly": 202.8
        },
        "20161": {
            "year_quarter": 20161,
            "year": 2016,
            "quarter": 1,
            "eps": 0.07,
            "eps_growth_year": 75,
            "eps_4q": 0.82,
            "eps_4q_growth_year": -4.74,
            "roe": 0.68,
            "roe_4q": 7.68,
            "gross_profit": 28899,
            "gross_margin": 21.58,
            "gross_margin_4q_avg": 22.27,
            "net_income": 5201,
            "net_income_4q": null,
            "revenue": 133944,
            "revenue_4q": null,
            "common_shares": 707000,
            "book_valuer_per_share": 10.9,
            "book_valuer_per_share_4q_avg": 10.81,
            "equity": 770740,
            "current_ratio": 349.65,
            "debt_ratio": 27.52,
            "inventory_turnover_ratio": 0.87,
            "account_receivable_turnover_ratio": 2.11,
            "reinvestment_rate": -212.75,
            "research_to_sale_ratio": 2.41,
            "price_fair": 27.62,
            "eps_avg_yearly": 0.79,
            "eps_latest_yearly": 0.28,
            "eps_growth_yearly": 171.14
        },
        "20162": {
            "year_quarter": 20162,
            "year": 2016,
            "quarter": 2,
            "eps": 0.03,
            "eps_growth_year": -88.89,
            "eps_4q": 0.57,
            "eps_4q_growth_year": -28.33,
            "roe": 0.31,
            "roe_4q": 5.42,
            "gross_profit": 22278,
            "gross_margin": 17.13,
            "gross_margin_4q_avg": 20.86,
            "net_income": 2359,
            "net_income_4q": null,
            "revenue": 130049,
            "revenue_4q": null,
            "common_shares": 707000,
            "book_valuer_per_share": 10.54,
            "book_valuer_per_share_4q_avg": 10.81,
            "equity": 744826,
            "current_ratio": 320.09,
            "debt_ratio": 26.87,
            "inventory_turnover_ratio": 0.89,
            "account_receivable_turnover_ratio": 1.98,
            "reinvestment_rate": -207.07,
            "research_to_sale_ratio": 2.68,
            "price_fair": 25.67,
            "eps_avg_yearly": 0.73,
            "eps_latest_yearly": 0.12,
            "eps_growth_yearly": 137.83
        },
        "20163": {
            "year_quarter": 20163,
            "year": 2016,
            "quarter": 3,
            "eps": 0.08,
            "eps_growth_year": -77.78,
            "eps_4q": 0.3,
            "eps_4q_growth_year": -64.48,
            "roe": 0.82,
            "roe_4q": 2.84,
            "gross_profit": 26019,
            "gross_margin": 21.53,
            "gross_margin_4q_avg": 20.18,
            "net_income": 6119,
            "net_income_4q": null,
            "revenue": 120849,
            "revenue_4q": null,
            "common_shares": 728210,
            "book_valuer_per_share": 10.19,
            "book_valuer_per_share_4q_avg": 10.62,
            "equity": 742365,
            "current_ratio": 323.13,
            "debt_ratio": 25.91,
            "inventory_turnover_ratio": 0.82,
            "account_receivable_turnover_ratio": 1.91,
            "reinvestment_rate": -199.71,
            "research_to_sale_ratio": 3.01,
            "price_fair": 24.55,
            "eps_avg_yearly": 0.7,
            "eps_latest_yearly": 0.32,
            "eps_growth_yearly": 178.51
        },
        "20164": {
            "year_quarter": 20164,
            "year": 2016,
            "quarter": 4,
            "eps": 0,
            "eps_growth_year": -96.99,
            "eps_4q": 0.19,
            "eps_4q_growth_year": -75.48,
            "roe": 0.03,
            "roe_4q": 1.8399999999999999,
            "gross_profit": 20777,
            "gross_margin": 14.89,
            "gross_margin_4q_avg": 18.78,
            "net_income": 246,
            "net_income_4q": null,
            "revenue": 139531,
            "revenue_4q": null,
            "common_shares": 728210,
            "book_valuer_per_share": 10.15,
            "book_valuer_per_share_4q_avg": 10.45,
            "equity": 739467,
            "current_ratio": 271.49,
            "debt_ratio": 27.8,
            "inventory_turnover_ratio": 1.08,
            "account_receivable_turnover_ratio": 2.17,
            "reinvestment_rate": -178.89,
            "research_to_sale_ratio": 2.72,
            "price_fair": 24.55,
            "eps_avg_yearly": 0.7,
            "eps_latest_yearly": 0.32,
            "eps_growth_yearly": 178.51
        },
        "20171": {
            "year_quarter": 20171,
            "year": 2017,
            "quarter": 1,
            "eps": 0.02,
            "eps_growth_year": -71.43,
            "eps_4q": 0.14,
            "eps_4q_growth_year": -82.27,
            "roe": 0.25,
            "roe_4q": 1.4100000000000001,
            "gross_profit": 16137,
            "gross_margin": 16.7,
            "gross_margin_4q_avg": 17.56,
            "net_income": 1807,
            "net_income_4q": null,
            "revenue": 96608,
            "revenue_4q": null,
            "common_shares": 728210,
            "book_valuer_per_share": 10.02,
            "book_valuer_per_share_4q_avg": 10.23,
            "equity": 729387,
            "current_ratio": 378.18,
            "debt_ratio": 26.35,
            "inventory_turnover_ratio": 0.78,
            "account_receivable_turnover_ratio": 1.56,
            "reinvestment_rate": -33.77,
            "research_to_sale_ratio": 3.38,
            "price_fair": 24.55,
            "eps_avg_yearly": 0.7,
            "eps_latest_yearly": 0.32,
            "eps_growth_yearly": 178.51
        },
        "20172": {
            "year_quarter": 20172,
            "year": 2017,
            "quarter": 2,
            "eps": 16.96,
            "eps_growth_year": 56433.33,
            "eps_4q": 17.07,
            "eps_4q_growth_year": 2918.2,
            "roe": 90.65,
            "roe_4q": 91.75,
            "gross_profit": 9866,
            "gross_margin": 7.47,
            "gross_margin_4q_avg": 15.15,
            "net_income": 1235237,
            "net_income_4q": null,
            "revenue": 132143,
            "revenue_4q": null,
            "common_shares": 728210,
            "book_valuer_per_share": 27.41,
            "book_valuer_per_share_4q_avg": 14.44,
            "equity": 1995816,
            "current_ratio": 520.87,
            "debt_ratio": 17.38,
            "inventory_turnover_ratio": 1.21,
            "account_receivable_turnover_ratio": 2.01,
            "reinvestment_rate": 3.62,
            "research_to_sale_ratio": 3.99,
            "price_fair": 192.4,
            "eps_avg_yearly": 5.5,
            "eps_latest_yearly": 67.84,
            "eps_growth_yearly": 24365.76
        },
        "20173": {
            "year_quarter": 20173,
            "year": 2017,
            "quarter": 3,
            "eps": 0.01,
            "eps_growth_year": -87.5,
            "eps_4q": 61.91,
            "eps_4q_growth_year": 20757.87,
            "roe": 0.05,
            "roe_4q": 90.98,
            "gross_profit": 8722,
            "gross_margin": 7.92,
            "gross_margin_4q_avg": 11.75,
            "net_income": 933,
            "net_income_4q": null,
            "revenue": 110071,
            "revenue_4q": null,
            "common_shares": 200000,
            "book_valuer_per_share": 73.45,
            "book_valuer_per_share_4q_avg": 30.26,
            "equity": 1468948,
            "current_ratio": 202.65,
            "debt_ratio": 39.15,
            "inventory_turnover_ratio": 1.09,
            "account_receivable_turnover_ratio": 1.57,
            "reinvestment_rate": 5.09,
            "research_to_sale_ratio": 3.52,
            "price_fair": 190.9,
            "eps_avg_yearly": 5.45,
            "eps_latest_yearly": 0.04,
            "eps_growth_yearly": 24338.89
        },
        "20174": {
            "year_quarter": 20174,
            "year": 2017,
            "quarter": 4,
            "eps": -0.5,
            "eps_growth_year": -14821.73,
            "eps_4q": 61.4,
            "eps_4q_growth_year": 32010.09,
            "roe": -0.68,
            "roe_4q": 90.27000000000001,
            "gross_profit": 5723,
            "gross_margin": 7.25,
            "gross_margin_4q_avg": 9.84,
            "net_income": -9946,
            "net_income_4q": null,
            "revenue": 78894,
            "revenue_4q": null,
            "common_shares": 200000,
            "book_valuer_per_share": 73.78,
            "book_valuer_per_share_4q_avg": 46.17,
            "equity": 1475673,
            "current_ratio": 345.04,
            "debt_ratio": 22.29,
            "inventory_turnover_ratio": 0.84,
            "account_receivable_turnover_ratio": 1.39,
            "reinvestment_rate": 9.37,
            "research_to_sale_ratio": 5.3,
            "price_fair": 203.75,
            "eps_avg_yearly": 5.82,
            "eps_latest_yearly": 0.04,
            "eps_growth_yearly": 26209.18
        },
        "20181": {
            "year_quarter": 20181,
            "year": 2018,
            "quarter": 1,
            "eps": 0.25,
            "eps_growth_year": 1150,
            "eps_4q": 61.56,
            "eps_4q_growth_year": 42470.83,
            "roe": 0.34,
            "roe_4q": 90.36,
            "gross_profit": 13241,
            "gross_margin": 12.01,
            "gross_margin_4q_avg": 8.66,
            "net_income": 5052,
            "net_income_4q": null,
            "revenue": 110241,
            "revenue_4q": null,
            "common_shares": 200000,
            "book_valuer_per_share": 74.05,
            "book_valuer_per_share_4q_avg": 62.17,
            "equity": 1480965,
            "current_ratio": 351.81,
            "debt_ratio": 21.42,
            "inventory_turnover_ratio": 1.1,
            "account_receivable_turnover_ratio": 1.96,
            "reinvestment_rate": 10.97,
            "research_to_sale_ratio": 3.19,
            "price_fair": 218.75,
            "eps_avg_yearly": 6.25,
            "eps_latest_yearly": 0.04,
            "eps_growth_yearly": 28393.28
        },
        "20182": {
            "year_quarter": 20182,
            "year": 2018,
            "quarter": 2,
            "eps": 2.26,
            "eps_growth_year": -86.67,
            "eps_4q": 0.59,
            "eps_4q_growth_year": -96.54,
            "roe": 3.76,
            "roe_4q": 3.4699999999999993,
            "gross_profit": 22326,
            "gross_margin": 17.84,
            "gross_margin_4q_avg": 11.26,
            "net_income": 45256,
            "net_income_4q": null,
            "revenue": 125168,
            "revenue_4q": null,
            "common_shares": 200000,
            "book_valuer_per_share": 46.31,
            "book_valuer_per_share_4q_avg": 66.9,
            "equity": 926221,
            "current_ratio": 148.59,
            "debt_ratio": 44.17,
            "inventory_turnover_ratio": 1.24,
            "account_receivable_turnover_ratio": 1.64,
            "reinvestment_rate": 11.01,
            "research_to_sale_ratio": 2.92,
            "price_fair": 241.27,
            "eps_avg_yearly": 6.89,
            "eps_latest_yearly": 9.04,
            "eps_growth_yearly": 28629.91
        },
        "20183": {
            "year_quarter": 20183,
            "year": 2018,
            "quarter": 3,
            "eps": 1.01,
            "eps_growth_year": 10000,
            "eps_4q": 1.59,
            "eps_4q_growth_year": -97.44,
            "roe": 7.35,
            "roe_4q": 10.77,
            "gross_profit": 15553,
            "gross_margin": 15.63,
            "gross_margin_4q_avg": 13.18,
            "net_income": 70716,
            "net_income_4q": null,
            "revenue": 99488,
            "revenue_4q": null,
            "common_shares": 700000,
            "book_valuer_per_share": 14.24,
            "book_valuer_per_share_4q_avg": 52.1,
            "equity": 996937,
            "current_ratio": 363.64,
            "debt_ratio": 17.12,
            "inventory_turnover_ratio": 1.11,
            "account_receivable_turnover_ratio": 1.31,
            "reinvestment_rate": 10.38,
            "research_to_sale_ratio": 3.81,
            "price_fair": 249.32,
            "eps_avg_yearly": 7.12,
            "eps_latest_yearly": 4.04,
            "eps_growth_yearly": 28612.48
        },
        "20184": {
            "year_quarter": 20184,
            "year": 2018,
            "quarter": 4,
            "eps": -0.43,
            "eps_growth_year": null,
            "eps_4q": 1.3,
            "eps_4q_growth_year": -97.89,
            "roe": -3.1,
            "roe_4q": 8.35,
            "gross_profit": 10007,
            "gross_margin": 10.32,
            "gross_margin_4q_avg": 13.95,
            "net_income": -30309,
            "net_income_4q": null,
            "revenue": 96929,
            "revenue_4q": null,
            "common_shares": 700000,
            "book_valuer_per_share": 13.7,
            "book_valuer_per_share_4q_avg": 37.08,
            "equity": 959180,
            "current_ratio": 376.81,
            "debt_ratio": 17.09,
            "inventory_turnover_ratio": 1.15,
            "account_receivable_turnover_ratio": 1.49,
            "reinvestment_rate": 10.26,
            "research_to_sale_ratio": 3.12,
            "price_fair": 269.82,
            "eps_avg_yearly": 7.71,
            "eps_latest_yearly": 4.04,
            "eps_growth_yearly": 31230.66
        },
        "20191": {
            "year_quarter": 20191,
            "year": 2019,
            "quarter": 1,
            "eps": 0.67,
            "eps_growth_year": 168,
            "eps_4q": 1.89,
            "eps_4q_growth_year": -96.93,
            "roe": 4.76,
            "roe_4q": 12.77,
            "gross_profit": 15394,
            "gross_margin": 14.43,
            "gross_margin_4q_avg": 14.56,
            "net_income": 46721,
            "net_income_4q": null,
            "revenue": 106700,
            "revenue_4q": null,
            "common_shares": 700000,
            "book_valuer_per_share": 14.37,
            "book_valuer_per_share_4q_avg": 22.16,
            "equity": 1005901,
            "current_ratio": 391.71,
            "debt_ratio": 17.17,
            "inventory_turnover_ratio": 1.13,
            "account_receivable_turnover_ratio": 1.51,
            "reinvestment_rate": 9.35,
            "research_to_sale_ratio": 3.03,
            "price_fair": 296.24,
            "eps_avg_yearly": 8.46,
            "eps_latest_yearly": 4.04,
            "eps_growth_yearly": 34384.32
        },
        "20192": {
            "year_quarter": 20192,
            "year": 2019,
            "quarter": 2,
            "eps": 0.54,
            "eps_growth_year": -76.11,
            "eps_4q": 1.79,
            "eps_4q_growth_year": 203.33,
            "roe": 3.88,
            "roe_4q": 12.89,
            "gross_profit": 13991,
            "gross_margin": 11.75,
            "gross_margin_4q_avg": 13.03,
            "net_income": 38133,
            "net_income_4q": null,
            "revenue": 119030,
            "revenue_4q": null,
            "common_shares": 700000,
            "book_valuer_per_share": 13.71,
            "book_valuer_per_share_4q_avg": 14.01,
            "equity": 960034,
            "current_ratio": 239.08,
            "debt_ratio": 25.51,
            "inventory_turnover_ratio": 1.46,
            "account_receivable_turnover_ratio": 1.55,
            "reinvestment_rate": 9.82,
            "research_to_sale_ratio": 2.07,
            "price_fair": 300.02,
            "eps_avg_yearly": 8.57,
            "eps_latest_yearly": 2.16,
            "eps_growth_yearly": 34146.56
        },
        "20193": {
            "year_quarter": 20193,
            "year": 2019,
            "quarter": 3,
            "eps": 0.28,
            "eps_growth_year": -72.28,
            "eps_4q": 1.06,
            "eps_4q_growth_year": -33.13,
            "roe": 2.03,
            "roe_4q": 7.57,
            "gross_profit": 18081,
            "gross_margin": 16.74,
            "gross_margin_4q_avg": 13.31,
            "net_income": 19736,
            "net_income_4q": null,
            "revenue": 108026,
            "revenue_4q": null,
            "common_shares": 700000,
            "book_valuer_per_share": 14,
            "book_valuer_per_share_4q_avg": 13.95,
            "equity": 979770,
            "current_ratio": 300.67,
            "debt_ratio": 20.9,
            "inventory_turnover_ratio": 1.49,
            "account_receivable_turnover_ratio": 1.37,
            "reinvestment_rate": 7.56,
            "research_to_sale_ratio": 2.46,
            "price_fair": 298.9,
            "eps_avg_yearly": 8.54,
            "eps_latest_yearly": 1.12,
            "eps_growth_yearly": 34113.97
        },
        "20194": {
            "year_quarter": 20194,
            "year": 2019,
            "quarter": 4,
            "eps": 0.14,
            "eps_growth_year": null,
            "eps_4q": 1.63,
            "eps_4q_growth_year": 25.88,
            "roe": 0.97,
            "roe_4q": 11.64,
            "gross_profit": 12568,
            "gross_margin": 14.09,
            "gross_margin_4q_avg": 14.25,
            "net_income": 9604,
            "net_income_4q": null,
            "revenue": 89167,
            "revenue_4q": null,
            "common_shares": 700000,
            "book_valuer_per_share": 14.19,
            "book_valuer_per_share_4q_avg": 14.07,
            "equity": 993112,
            "current_ratio": 320.16,
            "debt_ratio": 18.92,
            "inventory_turnover_ratio": 1.26,
            "account_receivable_turnover_ratio": 1.31,
            "reinvestment_rate": 7.39,
            "research_to_sale_ratio": 2.68,
            "price_fair": 299.32,
            "eps_avg_yearly": 8.55,
            "eps_latest_yearly": 0.56,
            "eps_growth_yearly": 34121.74
        },
        "20201": {
            "year_quarter": 20201,
            "year": 2020,
            "quarter": 1,
            "eps": -1.14,
            "eps_growth_year": -270.15,
            "eps_4q": -0.17,
            "eps_4q_growth_year": -109.09,
            "roe": -8.34,
            "roe_4q": -1.46,
            "gross_profit": 21087,
            "gross_margin": 19.93,
            "gross_margin_4q_avg": 15.63,
            "net_income": -79508,
            "net_income_4q": null,
            "revenue": 105796,
            "revenue_4q": null,
            "common_shares": 700000,
            "book_valuer_per_share": 13.05,
            "book_valuer_per_share_4q_avg": 13.74,
            "equity": 913604,
            "current_ratio": 247.74,
            "debt_ratio": 22.05,
            "inventory_turnover_ratio": 1.31,
            "account_receivable_turnover_ratio": 1.52,
            "reinvestment_rate": 7.58,
            "research_to_sale_ratio": 2.83,
            "price_fair": 331.49,
            "eps_avg_yearly": 9.47,
            "eps_latest_yearly": 0.56,
            "eps_growth_yearly": 37929.21
        },
        "20202": {
            "year_quarter": 20202,
            "year": 2020,
            "quarter": 2,
            "eps": 0.66,
            "eps_growth_year": 22.22,
            "eps_4q": -0.06,
            "eps_4q_growth_year": -103.25,
            "roe": 5.15,
            "roe_4q": -0.18999999999999995,
            "gross_profit": 10887,
            "gross_margin": 13.36,
            "gross_margin_4q_avg": 16.03,
            "net_income": 46100,
            "net_income_4q": null,
            "revenue": 81502,
            "revenue_4q": null,
            "common_shares": 700000,
            "book_valuer_per_share": 12.51,
            "book_valuer_per_share_4q_avg": 13.44,
            "equity": 875704,
            "current_ratio": 207.64,
            "debt_ratio": 25.6,
            "inventory_turnover_ratio": 1.13,
            "account_receivable_turnover_ratio": 1.21,
            "reinvestment_rate": 7.24,
            "research_to_sale_ratio": 2.97,
            "price_fair": 372.4,
            "eps_avg_yearly": 10.64,
            "eps_latest_yearly": 0.56,
            "eps_growth_yearly": 42698.93
        },
        "20203": {
            "year_quarter": 20203,
            "year": 2020,
            "quarter": 3,
            "eps": -0.05,
            "eps_growth_year": -117.86,
            "eps_4q": -0.39,
            "eps_4q_growth_year": -137.06,
            "roe": -0.43,
            "roe_4q": -2.6499999999999995,
            "gross_profit": 8882,
            "gross_margin": 11.95,
            "gross_margin_4q_avg": 14.83,
            "net_income": -3723,
            "net_income_4q": null,
            "revenue": 74352,
            "revenue_4q": null,
            "common_shares": 700000,
            "book_valuer_per_share": 12.46,
            "book_valuer_per_share_4q_avg": 13.05,
            "equity": 871981,
            "current_ratio": 212.5,
            "debt_ratio": 24.84,
            "inventory_turnover_ratio": 1.14,
            "account_receivable_turnover_ratio": 1.44,
            "reinvestment_rate": 7.25,
            "research_to_sale_ratio": 3.34,
            "price_fair": 424,
            "eps_avg_yearly": 12.11,
            "eps_latest_yearly": 0.56,
            "eps_growth_yearly": 48703.54
        },
        "20204": {
            "year_quarter": 20204,
            "year": 2020,
            "quarter": 4,
            "eps": 0.12,
            "eps_growth_year": -9.39,
            "eps_4q": -0.41,
            "eps_4q_growth_year": -124.9,
            "roe": 0.99,
            "roe_4q": -2.629999999999999,
            "gross_profit": 7029,
            "gross_margin": 9.86,
            "gross_margin_4q_avg": 13.78,
            "net_income": 8702,
            "net_income_4q": null,
            "revenue": 71312,
            "revenue_4q": null,
            "common_shares": 700000,
            "book_valuer_per_share": 12.56,
            "book_valuer_per_share_4q_avg": 12.65,
            "equity": 879196,
            "current_ratio": 209.84,
            "debt_ratio": 25.54,
            "inventory_turnover_ratio": 1.01,
            "account_receivable_turnover_ratio": 1.38,
            "reinvestment_rate": 8.51,
            "research_to_sale_ratio": 3.06,
            "price_fair": 424,
            "eps_avg_yearly": 12.11,
            "eps_latest_yearly": 0.56,
            "eps_growth_yearly": 48703.54
        },
        "20211": {
            "year_quarter": 20211,
            "year": 2021,
            "quarter": 1,
            "eps": 0.13,
            "eps_growth_year": null,
            "eps_4q": 0.86,
            "eps_4q_growth_year": null,
            "roe": 1.06,
            "roe_4q": 6.7700000000000005,
            "gross_profit": 15666,
            "gross_margin": 15.95,
            "gross_margin_4q_avg": 12.78,
            "net_income": 9412,
            "net_income_4q": null,
            "revenue": 98207,
            "revenue_4q": null,
            "common_shares": 700000,
            "book_valuer_per_share": 12.69,
            "book_valuer_per_share_4q_avg": 12.56,
            "equity": 888608,
            "current_ratio": 211.3,
            "debt_ratio": 25.46,
            "inventory_turnover_ratio": 1.24,
            "account_receivable_turnover_ratio": 1.63,
            "reinvestment_rate": 12.59,
            "research_to_sale_ratio": 2.57,
            "price_fair": 373.28,
            "eps_avg_yearly": 10.67,
            "eps_latest_yearly": 0.52,
            "eps_growth_yearly": 42619.77
        },
        "20212": {
            "year_quarter": 20212,
            "year": 2021,
            "quarter": 2,
            "eps": 0.22,
            "eps_growth_year": -66.67,
            "eps_4q": 0.43,
            "eps_4q_growth_year": null,
            "roe": 1.76,
            "roe_4q": 3.3800000000000003,
            "gross_profit": 15139,
            "gross_margin": 15.28,
            "gross_margin_4q_avg": 13.26,
            "net_income": 15746,
            "net_income_4q": null,
            "revenue": 99078,
            "revenue_4q": null,
            "common_shares": 700000,
            "book_valuer_per_share": 12.92,
            "book_valuer_per_share_4q_avg": 12.66,
            "equity": 904354,
            "current_ratio": 230.62,
            "debt_ratio": 23.72,
            "inventory_turnover_ratio": 1.39,
            "account_receivable_turnover_ratio": 1.52,
            "reinvestment_rate": 40.53,
            "research_to_sale_ratio": 2.08,
            "price_fair": 80.33,
            "eps_avg_yearly": 2.3,
            "eps_latest_yearly": 0.88,
            "eps_growth_yearly": 304.38
        },
        "20213": {
            "year_quarter": 20213,
            "year": 2021,
            "quarter": 3,
            "eps": 0.87,
            "eps_growth_year": null,
            "eps_4q": 1.36,
            "eps_4q_growth_year": null,
            "roe": 6.62,
            "roe_4q": 10.430000000000001,
            "gross_profit": 17978,
            "gross_margin": 19.51,
            "gross_margin_4q_avg": 15.15,
            "net_income": 61246,
            "net_income_4q": null,
            "revenue": 92157,
            "revenue_4q": null,
            "common_shares": 700000,
            "book_valuer_per_share": 13.49,
            "book_valuer_per_share_4q_avg": 12.92,
            "equity": 944600,
            "current_ratio": 241.46,
            "debt_ratio": 23.89,
            "inventory_turnover_ratio": 1.31,
            "account_receivable_turnover_ratio": 1.54,
            "reinvestment_rate": 22.1,
            "research_to_sale_ratio": 1.67,
            "price_fair": 95.38,
            "eps_avg_yearly": 2.73,
            "eps_latest_yearly": 3.48,
            "eps_growth_yearly": 502.08
        },
        "20214": {
            "year_quarter": 20214,
            "year": 2021,
            "quarter": 4,
            "eps": 0.74,
            "eps_growth_year": 495.87,
            "eps_4q": 2.01,
            "eps_4q_growth_year": null,
            "roe": 5.32,
            "roe_4q": 14.760000000000002,
            "gross_profit": 12953,
            "gross_margin": 17.14,
            "gross_margin_4q_avg": 16.97,
            "net_income": 50361,
            "net_income_4q": null,
            "revenue": 75558,
            "revenue_4q": null,
            "common_shares": 700000,
            "book_valuer_per_share": 13.93,
            "book_valuer_per_share_4q_avg": 13.26,
            "equity": 947348,
            "current_ratio": 103.44,
            "debt_ratio": 24.78,
            "inventory_turnover_ratio": 1.13,
            "account_receivable_turnover_ratio": 1.38,
            "reinvestment_rate": 108.51,
            "research_to_sale_ratio": 1.99,
            "price_fair": 96.29,
            "eps_avg_yearly": 2.75,
            "eps_latest_yearly": 2.96,
            "eps_growth_yearly": 439.65
        },
        "20221": {
            "year_quarter": 20221,
            "year": 2022,
            "quarter": 1,
            "eps": 1.03,
            "eps_growth_year": 692.31,
            "eps_4q": 2.91,
            "eps_4q_growth_year": 237.24,
            "roe": 7.11,
            "roe_4q": 20.810000000000002,
            "gross_profit": 21797,
            "gross_margin": 23.34,
            "gross_margin_4q_avg": 18.82,
            "net_income": 69360,
            "net_income_4q": null,
            "revenue": 93393,
            "revenue_4q": null,
            "common_shares": 675000,
            "book_valuer_per_share": 14.87,
            "book_valuer_per_share_4q_avg": 13.8,
            "equity": 1003703,
            "current_ratio": 105.4,
            "debt_ratio": 24.83,
            "inventory_turnover_ratio": 1.29,
            "account_receivable_turnover_ratio": 1.67,
            "reinvestment_rate": 97.97,
            "research_to_sale_ratio": 1.58,
            "price_fair": 101.08,
            "eps_avg_yearly": 2.89,
            "eps_latest_yearly": 4.12,
            "eps_growth_yearly": 411.36
        },
        "20222": {
            "year_quarter": 20222,
            "year": 2022,
            "quarter": 2,
            "eps": -1.36,
            "eps_growth_year": -718.18,
            "eps_4q": 1.32,
            "eps_4q_growth_year": 207.39,
            "roe": -9.9,
            "roe_4q": 9.15,
            "gross_profit": 18274,
            "gross_margin": 20.1,
            "gross_margin_4q_avg": 20.02,
            "net_income": -91637,
            "net_income_4q": null,
            "revenue": 90938,
            "revenue_4q": null,
            "common_shares": 675000,
            "book_valuer_per_share": 12.55,
            "book_valuer_per_share_4q_avg": 13.71,
            "equity": 847068,
            "current_ratio": 182.88,
            "debt_ratio": 40.47,
            "inventory_turnover_ratio": 1.35,
            "account_receivable_turnover_ratio": 1.53,
            "reinvestment_rate": 139.67,
            "research_to_sale_ratio": 1.37,
            "price_fair": 77.16,
            "eps_avg_yearly": 2.2,
            "eps_latest_yearly": 4.12,
            "eps_growth_yearly": 99.74
        },
        "20223": {
            "year_quarter": 20223,
            "year": 2022,
            "quarter": 3,
            "eps": -0.05,
            "eps_growth_year": -105.75,
            "eps_4q": 0.36,
            "eps_4q_growth_year": -73.36,
            "roe": -0.43,
            "roe_4q": 2.1000000000000005,
            "gross_profit": 12984,
            "gross_margin": 17.98,
            "gross_margin_4q_avg": 19.64,
            "net_income": -3657,
            "net_income_4q": null,
            "revenue": 72203,
            "revenue_4q": null,
            "common_shares": 675000,
            "book_valuer_per_share": 12.49,
            "book_valuer_per_share_4q_avg": 13.46,
            "equity": 843411,
            "current_ratio": 167.01,
            "debt_ratio": 40.28,
            "inventory_turnover_ratio": 1.12,
            "account_receivable_turnover_ratio": 1.33,
            "reinvestment_rate": 233.6,
            "research_to_sale_ratio": 1.53,
            "price_fair": 69.13,
            "eps_avg_yearly": 1.98,
            "eps_latest_yearly": 4.12,
            "eps_growth_yearly": 139.86
        },
        "20224": {
            "year_quarter": 20224,
            "year": 2022,
            "quarter": 4,
            "eps": -0.23,
            "eps_growth_year": -130.53,
            "eps_4q": -0.61,
            "eps_4q_growth_year": -130.34,
            "roe": -1.83,
            "roe_4q": -5.05,
            "gross_profit": 8653,
            "gross_margin": 12.57,
            "gross_margin_4q_avg": 18.5,
            "net_income": -15264,
            "net_income_4q": null,
            "revenue": 68829,
            "revenue_4q": null,
            "common_shares": 675000,
            "book_valuer_per_share": 12.29,
            "book_valuer_per_share_4q_avg": 13.05,
            "equity": 829253,
            "current_ratio": 134.87,
            "debt_ratio": 42.49,
            "inventory_turnover_ratio": 1.28,
            "account_receivable_turnover_ratio": 1.42,
            "reinvestment_rate": 239.64,
            "research_to_sale_ratio": 2.21,
            "price_fair": 69.13,
            "eps_avg_yearly": 1.98,
            "eps_latest_yearly": 4.12,
            "eps_growth_yearly": 139.86
        },
        "20231": {
            "year_quarter": 20231,
            "year": 2023,
            "quarter": 1,
            "eps": 0.38,
            "eps_growth_year": -63.11,
            "eps_4q": -1.25,
            "eps_4q_growth_year": -143.03,
            "roe": 3.08,
            "roe_4q": -9.08,
            "gross_profit": 9599,
            "gross_margin": 16.77,
            "gross_margin_4q_avg": 16.86,
            "net_income": 25913,
            "net_income_4q": null,
            "revenue": 57239,
            "revenue_4q": null,
            "common_shares": 675000,
            "book_valuer_per_share": 12.67,
            "book_valuer_per_share_4q_avg": 12.5,
            "equity": 855166,
            "current_ratio": 138.01,
            "debt_ratio": 41.68,
            "inventory_turnover_ratio": 1.32,
            "account_receivable_turnover_ratio": 1.32,
            "reinvestment_rate": 286.09,
            "research_to_sale_ratio": 1.36,
            "price_fair": 69.13,
            "eps_avg_yearly": 1.98,
            "eps_latest_yearly": 4.12,
            "eps_growth_yearly": 139.86
        },
        "20232": {
            "year_quarter": 20232,
            "year": 2023,
            "quarter": 2,
            "eps": 0.41,
            "eps_growth_year": null,
            "eps_4q": 0.52,
            "eps_4q_growth_year": -60.83,
            "roe": 3.22,
            "roe_4q": 4.040000000000001,
            "gross_profit": -672,
            "gross_margin": -2,
            "gross_margin_4q_avg": 11.33,
            "net_income": 27998,
            "net_income_4q": null,
            "revenue": 33614,
            "revenue_4q": null,
            "common_shares": 675000,
            "book_valuer_per_share": 13.08,
            "book_valuer_per_share_4q_avg": 12.63,
            "equity": 883119,
            "current_ratio": 55.82,
            "debt_ratio": 40.41,
            "inventory_turnover_ratio": 1.11,
            "account_receivable_turnover_ratio": 1.12,
            "reinvestment_rate": 325.49,
            "research_to_sale_ratio": 2.23,
            "price_fair": 66.85,
            "eps_avg_yearly": 1.91,
            "eps_latest_yearly": 1.64,
            "eps_growth_yearly": 153.51
        },
        "20233": {
            "year_quarter": 20233,
            "year": 2023,
            "quarter": 3,
            "eps": 0.04,
            "eps_growth_year": null,
            "eps_4q": 0.62,
            "eps_4q_growth_year": 70.02,
            "roe": 0.33,
            "roe_4q": 4.800000000000001,
            "gross_profit": -829,
            "gross_margin": -2.33,
            "gross_margin_4q_avg": 6.25,
            "net_income": 2884,
            "net_income_4q": null,
            "revenue": 35612,
            "revenue_4q": null,
            "common_shares": 675000,
            "book_valuer_per_share": 13.13,
            "book_valuer_per_share_4q_avg": 12.79,
            "equity": 886079,
            "current_ratio": 69.53,
            "debt_ratio": 42.26,
            "inventory_turnover_ratio": 1.22,
            "account_receivable_turnover_ratio": 1.47,
            "reinvestment_rate": 324.61,
            "research_to_sale_ratio": 2.08,
            "price_fair": 62.65,
            "eps_avg_yearly": 1.79,
            "eps_latest_yearly": 0.16,
            "eps_growth_yearly": 132.46
        },
        "20234": {
            "year_quarter": 20234,
            "year": 2023,
            "quarter": 4,
            "eps": 0.99,
            "eps_growth_year": null,
            "eps_4q": 1.83,
            "eps_4q_growth_year": null,
            "roe": 7.25,
            "roe_4q": 13.88,
            "gross_profit": 1021,
            "gross_margin": 2.9,
            "gross_margin_4q_avg": 3.84,
            "net_income": 66664,
            "net_income_4q": null,
            "revenue": 35259,
            "revenue_4q": null,
            "common_shares": 675000,
            "book_valuer_per_share": 14.12,
            "book_valuer_per_share_4q_avg": 13.25,
            "equity": 953339,
            "current_ratio": 79.36,
            "debt_ratio": 38.47,
            "inventory_turnover_ratio": 1.18,
            "account_receivable_turnover_ratio": 1.38,
            "reinvestment_rate": 232.07,
            "research_to_sale_ratio": 2.54,
            "price_fair": 77.53,
            "eps_avg_yearly": 2.22,
            "eps_latest_yearly": 3.96,
            "eps_growth_yearly": 1344.96
        }
    },
    "months": {
        "2001-06": {
            "month": "2001-06",
            "price": "3.01",
            "revenue": 178044
        },
        "2001-07": {
            "month": "2001-07",
            "price": "2.93",
            "revenue": 182967
        },
        "2001-08": {
            "month": "2001-08",
            "price": "3.16",
            "revenue": 204248
        },
        "2001-09": {
            "month": "2001-09",
            "price": "2.84",
            "revenue": 172649
        },
        "2001-10": {
            "month": "2001-10",
            "price": "2.07",
            "revenue": 197567
        },
        "2001-11": {
            "month": "2001-11",
            "price": "1.86",
            "revenue": 186902
        },
        "2001-12": {
            "month": "2001-12",
            "price": "1.80",
            "revenue": 156602
        },
        "2002-01": {
            "month": "2002-01",
            "price": "1.74",
            "revenue": 144888
        },
        "2002-02": {
            "month": "2002-02",
            "price": "2.87",
            "revenue": 99739
        },
        "2002-03": {
            "month": "2002-03",
            "price": "3.51",
            "revenue": 233139
        },
        "2002-04": {
            "month": "2002-04",
            "price": "3.78",
            "revenue": 238176
        },
        "2002-05": {
            "month": "2002-05",
            "price": "3.27",
            "revenue": 250968
        },
        "2002-06": {
            "month": "2002-06",
            "price": "3.09",
            "revenue": 192353
        },
        "2002-07": {
            "month": "2002-07",
            "price": "3.01",
            "revenue": 165523
        },
        "2002-08": {
            "month": "2002-08",
            "price": "2.96",
            "revenue": 177609
        },
        "2002-09": {
            "month": "2002-09",
            "price": "3.08",
            "revenue": 163693
        },
        "2002-10": {
            "month": "2002-10",
            "price": "2.86",
            "revenue": 162702
        },
        "2002-11": {
            "month": "2002-11",
            "price": "3.22",
            "revenue": 158896
        },
        "2002-12": {
            "month": "2002-12",
            "price": "5.07",
            "revenue": 153410
        },
        "2003-01": {
            "month": "2003-01",
            "price": "6.24",
            "revenue": 94496
        },
        "2003-02": {
            "month": "2003-02",
            "price": "6.53",
            "revenue": 94171
        },
        "2003-03": {
            "month": "2003-03",
            "price": "4.57",
            "revenue": 168471
        },
        "2003-04": {
            "month": "2003-04",
            "price": "4.17",
            "revenue": 170929
        },
        "2003-05": {
            "month": "2003-05",
            "price": "2.90",
            "revenue": 157819
        },
        "2003-06": {
            "month": "2003-06",
            "price": "3.28",
            "revenue": 149517
        },
        "2003-07": {
            "month": "2003-07",
            "price": "3.32",
            "revenue": 123390
        },
        "2003-08": {
            "month": "2003-08",
            "price": "3.48",
            "revenue": 105640
        },
        "2003-09": {
            "month": "2003-09",
            "price": "3.14",
            "revenue": 121068
        },
        "2003-10": {
            "month": "2003-10",
            "price": "3.17",
            "revenue": 151510
        },
        "2003-11": {
            "month": "2003-11",
            "price": "3.18",
            "revenue": 144410
        },
        "2003-12": {
            "month": "2003-12",
            "price": "3.08",
            "revenue": 124226
        },
        "2004-01": {
            "month": "2004-01",
            "price": "3.19",
            "revenue": 71225
        },
        "2004-02": {
            "month": "2004-02",
            "price": "4.24",
            "revenue": 119367
        },
        "2004-03": {
            "month": "2004-03",
            "price": "4.41",
            "revenue": 148601
        },
        "2004-04": {
            "month": "2004-04",
            "price": "3.89",
            "revenue": 159079
        },
        "2004-05": {
            "month": "2004-05",
            "price": "3.26",
            "revenue": 151648
        },
        "2004-06": {
            "month": "2004-06",
            "price": "2.93",
            "revenue": 127185
        },
        "2004-07": {
            "month": "2004-07",
            "price": "2.90",
            "revenue": 116540
        },
        "2004-08": {
            "month": "2004-08",
            "price": "3.18",
            "revenue": 93506
        },
        "2004-09": {
            "month": "2004-09",
            "price": "3.45",
            "revenue": 89809
        },
        "2004-10": {
            "month": "2004-10",
            "price": "2.97",
            "revenue": 105864
        },
        "2004-11": {
            "month": "2004-11",
            "price": "2.81",
            "revenue": 119159
        },
        "2004-12": {
            "month": "2004-12",
            "price": "2.66",
            "revenue": 120850
        },
        "2005-01": {
            "month": "2005-01",
            "price": "2.89",
            "revenue": 85714
        },
        "2005-02": {
            "month": "2005-02",
            "price": "2.80",
            "revenue": 63675
        },
        "2005-03": {
            "month": "2005-03",
            "price": "2.51",
            "revenue": 132484
        },
        "2005-04": {
            "month": "2005-04",
            "price": "1.66",
            "revenue": 121730
        },
        "2005-05": {
            "month": "2005-05",
            "price": "1.40",
            "revenue": 133480
        },
        "2005-06": {
            "month": "2005-06",
            "price": "1.59",
            "revenue": 107538
        },
        "2005-07": {
            "month": "2005-07",
            "price": "1.63",
            "revenue": 83532
        },
        "2005-08": {
            "month": "2005-08",
            "price": "1.44",
            "revenue": 98139
        },
        "2005-09": {
            "month": "2005-09",
            "price": "1.62",
            "revenue": 73484
        },
        "2005-10": {
            "month": "2005-10",
            "price": "1.46",
            "revenue": 91330
        },
        "2005-11": {
            "month": "2005-11",
            "price": "1.30",
            "revenue": 103167
        },
        "2005-12": {
            "month": "2005-12",
            "price": "1.34",
            "revenue": 74569
        },
        "2006-01": {
            "month": "2006-01",
            "price": "1.43",
            "revenue": 43591
        },
        "2006-02": {
            "month": "2006-02",
            "price": "1.35",
            "revenue": 53372
        },
        "2006-03": {
            "month": "2006-03",
            "price": "1.26",
            "revenue": 106933
        },
        "2006-04": {
            "month": "2006-04",
            "price": "1.25",
            "revenue": 112471
        },
        "2006-05": {
            "month": "2006-05",
            "price": "1.62",
            "revenue": 107340
        },
        "2006-06": {
            "month": "2006-06",
            "price": "1.51",
            "revenue": 99372
        },
        "2006-07": {
            "month": "2006-07",
            "price": "1.39",
            "revenue": 69790
        },
        "2006-08": {
            "month": "2006-08",
            "price": "1.28",
            "revenue": 77066
        },
        "2006-09": {
            "month": "2006-09",
            "price": "1.37",
            "revenue": 74589
        },
        "2006-10": {
            "month": "2006-10",
            "price": "1.54",
            "revenue": 77553
        },
        "2006-11": {
            "month": "2006-11",
            "price": "1.54",
            "revenue": 82201
        },
        "2006-12": {
            "month": "2006-12",
            "price": "2.28",
            "revenue": 64937
        },
        "2007-01": {
            "month": "2007-01",
            "price": "2.32",
            "revenue": 50423
        },
        "2007-02": {
            "month": "2007-02",
            "price": "1.97",
            "revenue": 27913
        },
        "2007-03": {
            "month": "2007-03",
            "price": "2.11",
            "revenue": 85751
        },
        "2007-04": {
            "month": "2007-04",
            "price": "2.48",
            "revenue": 95442
        },
        "2007-05": {
            "month": "2007-05",
            "price": "2.27",
            "revenue": 91591
        },
        "2007-06": {
            "month": "2007-06",
            "price": "2.22",
            "revenue": 73351
        },
        "2007-07": {
            "month": "2007-07",
            "price": "2.90",
            "revenue": 58591
        },
        "2007-08": {
            "month": "2007-08",
            "price": "2.36",
            "revenue": 58786
        },
        "2007-09": {
            "month": "2007-09",
            "price": "2.85",
            "revenue": 59958
        },
        "2007-10": {
            "month": "2007-10",
            "price": "2.69",
            "revenue": 72543
        },
        "2007-11": {
            "month": "2007-11",
            "price": "2.25",
            "revenue": 80978
        },
        "2007-12": {
            "month": "2007-12",
            "price": "2.02",
            "revenue": 56280
        },
        "2008-01": {
            "month": "2008-01",
            "price": "1.81",
            "revenue": 48521
        },
        "2008-02": {
            "month": "2008-02",
            "price": "1.95",
            "revenue": 43424
        },
        "2008-03": {
            "month": "2008-03",
            "price": "1.97",
            "revenue": 77647
        },
        "2008-04": {
            "month": "2008-04",
            "price": "2.19",
            "revenue": 90162
        },
        "2008-05": {
            "month": "2008-05",
            "price": "2.26",
            "revenue": 88530
        },
        "2008-06": {
            "month": "2008-06",
            "price": "2.32",
            "revenue": 57301
        },
        "2008-07": {
            "month": "2008-07",
            "price": "2.55",
            "revenue": 51581
        },
        "2008-08": {
            "month": "2008-08",
            "price": "2.47",
            "revenue": 37189
        },
        "2008-09": {
            "month": "2008-09",
            "price": "1.83",
            "revenue": 42705
        },
        "2008-10": {
            "month": "2008-10",
            "price": "1.40",
            "revenue": 63297
        },
        "2008-11": {
            "month": "2008-11",
            "price": "1.56",
            "revenue": 35284
        },
        "2008-12": {
            "month": "2008-12",
            "price": "1.78",
            "revenue": 44894
        },
        "2009-01": {
            "month": "2009-01",
            "price": "1.71",
            "revenue": 16407
        },
        "2009-02": {
            "month": "2009-02",
            "price": "1.61",
            "revenue": 30416
        },
        "2009-03": {
            "month": "2009-03",
            "price": "1.68",
            "revenue": 46924
        },
        "2009-04": {
            "month": "2009-04",
            "price": "3.02",
            "revenue": 51825
        },
        "2009-05": {
            "month": "2009-05",
            "price": "3.30",
            "revenue": 35176
        },
        "2009-06": {
            "month": "2009-06",
            "price": "2.96",
            "revenue": 44061
        },
        "2009-07": {
            "month": "2009-07",
            "price": "3.00",
            "revenue": 36017
        },
        "2009-08": {
            "month": "2009-08",
            "price": "3.11",
            "revenue": 21199
        },
        "2009-09": {
            "month": "2009-09",
            "price": "3.14",
            "revenue": 43465
        },
        "2009-10": {
            "month": "2009-10",
            "price": "3.53",
            "revenue": 42039
        },
        "2009-11": {
            "month": "2009-11",
            "price": "4.89",
            "revenue": 49772
        },
        "2009-12": {
            "month": "2009-12",
            "price": "5.42",
            "revenue": 42801
        },
        "2010-01": {
            "month": "2010-01",
            "price": "6.25",
            "revenue": 34626
        },
        "2010-02": {
            "month": "2010-02",
            "price": "5.60",
            "revenue": 23835
        },
        "2010-03": {
            "month": "2010-03",
            "price": "6.09",
            "revenue": 50176
        },
        "2010-04": {
            "month": "2010-04",
            "price": "6.56",
            "revenue": 56236
        },
        "2010-05": {
            "month": "2010-05",
            "price": "5.72",
            "revenue": 51861
        },
        "2010-06": {
            "month": "2010-06",
            "price": "5.57",
            "revenue": 50984
        },
        "2010-07": {
            "month": "2010-07",
            "price": "6.50",
            "revenue": 38342
        },
        "2010-08": {
            "month": "2010-08",
            "price": "6.40",
            "revenue": 39892
        },
        "2010-09": {
            "month": "2010-09",
            "price": "6.30",
            "revenue": 41082
        },
        "2010-10": {
            "month": "2010-10",
            "price": "6.40",
            "revenue": 40903
        },
        "2010-11": {
            "month": "2010-11",
            "price": "5.40",
            "revenue": 47476
        },
        "2010-12": {
            "month": "2010-12",
            "price": "5.41",
            "revenue": 39104
        },
        "2011-01": {
            "month": "2011-01",
            "price": "5.46",
            "revenue": 34815
        },
        "2011-02": {
            "month": "2011-02",
            "price": "5.28",
            "revenue": 22237
        },
        "2011-03": {
            "month": "2011-03",
            "price": "4.96",
            "revenue": 57768
        },
        "2011-04": {
            "month": "2011-04",
            "price": "5.11",
            "revenue": 45882
        },
        "2011-05": {
            "month": "2011-05",
            "price": "5.21",
            "revenue": 51364
        },
        "2011-06": {
            "month": "2011-06",
            "price": "4.92",
            "revenue": 34463
        },
        "2011-07": {
            "month": "2011-07",
            "price": "4.74",
            "revenue": 27962
        },
        "2011-08": {
            "month": "2011-08",
            "price": "4.60",
            "revenue": 37217
        },
        "2011-09": {
            "month": "2011-09",
            "price": "4.72",
            "revenue": 36417
        },
        "2011-10": {
            "month": "2011-10",
            "price": "5.22",
            "revenue": 37731
        },
        "2011-11": {
            "month": "2011-11",
            "price": "5.21",
            "revenue": 44319
        },
        "2011-12": {
            "month": "2011-12",
            "price": "4.62",
            "revenue": 32545
        },
        "2012-01": {
            "month": "2012-01",
            "price": "4.92",
            "revenue": 25895
        },
        "2012-02": {
            "month": "2012-02",
            "price": "5.73",
            "revenue": 34505
        },
        "2012-03": {
            "month": "2012-03",
            "price": "7.66",
            "revenue": 44281
        },
        "2012-04": {
            "month": "2012-04",
            "price": "9.21",
            "revenue": 43986
        },
        "2012-05": {
            "month": "2012-05",
            "price": "7.14",
            "revenue": 38939
        },
        "2012-06": {
            "month": "2012-06",
            "price": "6.88",
            "revenue": 30723
        },
        "2012-07": {
            "month": "2012-07",
            "price": "6.55",
            "revenue": 33885
        },
        "2012-08": {
            "month": "2012-08",
            "price": "6.99",
            "revenue": 38326
        },
        "2012-09": {
            "month": "2012-09",
            "price": "8.38",
            "revenue": 29143
        },
        "2012-10": {
            "month": "2012-10",
            "price": "7.43",
            "revenue": 30581
        },
        "2012-11": {
            "month": "2012-11",
            "price": "7.03",
            "revenue": 29586
        },
        "2012-12": {
            "month": "2012-12",
            "price": "8.34",
            "revenue": 31854
        },
        "2013-01": {
            "month": "2013-01",
            "price": "8.18",
            "revenue": 42611
        },
        "2013-02": {
            "month": "2013-02",
            "price": "8.16",
            "revenue": 28667
        },
        "2013-03": {
            "month": "2013-03",
            "price": "8.03",
            "revenue": 61957
        },
        "2013-04": {
            "month": "2013-04",
            "price": "7.98",
            "revenue": 61932
        },
        "2013-05": {
            "month": "2013-05",
            "price": "7.92",
            "revenue": 54071
        },
        "2013-06": {
            "month": "2013-06",
            "price": "7.97",
            "revenue": 49699
        },
        "2013-07": {
            "month": "2013-07",
            "price": "7.99",
            "revenue": 48387
        },
        "2013-08": {
            "month": "2013-08",
            "price": "8.01",
            "revenue": 49476
        },
        "2013-09": {
            "month": "2013-09",
            "price": "7.99",
            "revenue": 50334
        },
        "2013-10": {
            "month": "2013-10",
            "price": "8.21",
            "revenue": 57070
        },
        "2013-11": {
            "month": "2013-11",
            "price": "8.96",
            "revenue": 49757
        },
        "2013-12": {
            "month": "2013-12",
            "price": "9.00",
            "revenue": 53319
        },
        "2014-01": {
            "month": "2014-01",
            "price": "9.16",
            "revenue": 46675
        },
        "2014-02": {
            "month": "2014-02",
            "price": "10.11",
            "revenue": 43171
        },
        "2014-03": {
            "month": "2014-03",
            "price": "11.62",
            "revenue": 76739
        },
        "2014-04": {
            "month": "2014-04",
            "price": "11.59",
            "revenue": 71237
        },
        "2014-05": {
            "month": "2014-05",
            "price": "12.94",
            "revenue": 64469
        },
        "2014-06": {
            "month": "2014-06",
            "price": "13.34",
            "revenue": 55500
        },
        "2014-07": {
            "month": "2014-07",
            "price": "13.47",
            "revenue": 53235
        },
        "2014-08": {
            "month": "2014-08",
            "price": "12.69",
            "revenue": 51546
        },
        "2014-09": {
            "month": "2014-09",
            "price": "13.10",
            "revenue": 51847
        },
        "2014-10": {
            "month": "2014-10",
            "price": "13.10",
            "revenue": 56337
        },
        "2014-11": {
            "month": "2014-11",
            "price": "14.94",
            "revenue": 49804
        },
        "2014-12": {
            "month": "2014-12",
            "price": "15.40",
            "revenue": 48766
        },
        "2015-01": {
            "month": "2015-01",
            "price": "14.58",
            "revenue": 52835
        },
        "2015-02": {
            "month": "2015-02",
            "price": "14.50",
            "revenue": 33781
        },
        "2015-03": {
            "month": "2015-03",
            "price": "16.80",
            "revenue": 75969
        },
        "2015-04": {
            "month": "2015-04",
            "price": "16.80",
            "revenue": 65526
        },
        "2015-05": {
            "month": "2015-05",
            "price": "14.45",
            "revenue": 61281
        },
        "2015-06": {
            "month": "2015-06",
            "price": "14.44",
            "revenue": 49299
        },
        "2015-07": {
            "month": "2015-07",
            "price": "13.60",
            "revenue": 51798
        },
        "2015-08": {
            "month": "2015-08",
            "price": "12.42",
            "revenue": 54977
        },
        "2015-09": {
            "month": "2015-09",
            "price": "12.43",
            "revenue": 47211
        },
        "2015-10": {
            "month": "2015-10",
            "price": "12.59",
            "revenue": 56973
        },
        "2015-11": {
            "month": "2015-11",
            "price": "12.87",
            "revenue": 46658
        },
        "2015-12": {
            "month": "2015-12",
            "price": "12.67",
            "revenue": 41377
        },
        "2016-01": {
            "month": "2016-01",
            "price": "12.80",
            "revenue": 49023
        },
        "2016-02": {
            "month": "2016-02",
            "price": "12.99",
            "revenue": 30087
        },
        "2016-03": {
            "month": "2016-03",
            "price": "13.17",
            "revenue": 54784
        },
        "2016-04": {
            "month": "2016-04",
            "price": "13.74",
            "revenue": 46442
        },
        "2016-05": {
            "month": "2016-05",
            "price": "13.26",
            "revenue": 40471
        },
        "2016-06": {
            "month": "2016-06",
            "price": "13.51",
            "revenue": 43108
        },
        "2016-07": {
            "month": "2016-07",
            "price": "14.09",
            "revenue": 35618
        },
        "2016-08": {
            "month": "2016-08",
            "price": "13.98",
            "revenue": 41135
        },
        "2016-09": {
            "month": "2016-09",
            "price": "13.96",
            "revenue": 44413
        },
        "2016-10": {
            "month": "2016-10",
            "price": "14.12",
            "revenue": 47301
        },
        "2016-11": {
            "month": "2016-11",
            "price": "13.97",
            "revenue": 45325
        },
        "2016-12": {
            "month": "2016-12",
            "price": "17.18",
            "revenue": 41361
        },
        "2017-01": {
            "month": "2017-01",
            "price": "18.48",
            "revenue": 41789
        },
        "2017-02": {
            "month": "2017-02",
            "price": "19.46",
            "revenue": 26977
        },
        "2017-03": {
            "month": "2017-03",
            "price": "23.42",
            "revenue": 56293
        },
        "2017-04": {
            "month": "2017-04",
            "price": "29.42",
            "revenue": 39846
        },
        "2017-05": {
            "month": "2017-05",
            "price": "29.86",
            "revenue": 41872
        },
        "2017-06": {
            "month": "2017-06",
            "price": "31.80",
            "revenue": 42027
        },
        "2017-07": {
            "month": "2017-07",
            "price": "33.51",
            "revenue": 34018
        },
        "2017-08": {
            "month": "2017-08",
            "price": "35.18",
            "revenue": 37565
        },
        "2017-09": {
            "month": "2017-09",
            "price": "35.89",
            "revenue": 38489
        },
        "2017-10": {
            "month": "2017-10",
            "price": "121.62",
            "revenue": 30831
        },
        "2017-11": {
            "month": "2017-11",
            "price": "122.31",
            "revenue": 25657
        },
        "2017-12": {
            "month": "2017-12",
            "price": "127.11",
            "revenue": 22395
        },
        "2018-01": {
            "month": "2018-01",
            "price": "130.21",
            "revenue": 38654
        },
        "2018-02": {
            "month": "2018-02",
            "price": "132.67",
            "revenue": 27244
        },
        "2018-03": {
            "month": "2018-03",
            "price": "173.65",
            "revenue": 44343
        },
        "2018-04": {
            "month": "2018-04",
            "price": "178.83",
            "revenue": 44078
        },
        "2018-05": {
            "month": "2018-05",
            "price": "155.64",
            "revenue": 46418
        },
        "2018-06": {
            "month": "2018-06",
            "price": "171.78",
            "revenue": 41942
        },
        "2018-07": {
            "month": "2018-07",
            "price": "146.84",
            "revenue": 33500
        },
        "2018-08": {
            "month": "2018-08",
            "price": "137.86",
            "revenue": 33915
        },
        "2018-09": {
            "month": "2018-09",
            "price": "34.40",
            "revenue": 32073
        },
        "2018-10": {
            "month": "2018-10",
            "price": "20.79",
            "revenue": 31961
        },
        "2018-11": {
            "month": "2018-11",
            "price": "19.36",
            "revenue": 33475
        },
        "2018-12": {
            "month": "2018-12",
            "price": "22.34",
            "revenue": 33637
        },
        "2019-01": {
            "month": "2019-01",
            "price": "22.68",
            "revenue": 40159
        },
        "2019-02": {
            "month": "2019-02",
            "price": "24.05",
            "revenue": 26143
        },
        "2019-03": {
            "month": "2019-03",
            "price": "23.34",
            "revenue": 40398
        },
        "2019-04": {
            "month": "2019-04",
            "price": "22.59",
            "revenue": 41940
        },
        "2019-05": {
            "month": "2019-05",
            "price": "21.54",
            "revenue": 41185
        },
        "2019-06": {
            "month": "2019-06",
            "price": "22.25",
            "revenue": 35645
        },
        "2019-07": {
            "month": "2019-07",
            "price": "22.43",
            "revenue": 36120
        },
        "2019-08": {
            "month": "2019-08",
            "price": "20.88",
            "revenue": 36918
        },
        "2019-09": {
            "month": "2019-09",
            "price": "22.02",
            "revenue": 34988
        },
        "2019-10": {
            "month": "2019-10",
            "price": "21.42",
            "revenue": 33314
        },
        "2019-11": {
            "month": "2019-11",
            "price": "21.37",
            "revenue": 29938
        },
        "2019-12": {
            "month": "2019-12",
            "price": "21.59",
            "revenue": 25915
        },
        "2020-01": {
            "month": "2020-01",
            "price": "22.05",
            "revenue": 25237
        },
        "2020-02": {
            "month": "2020-02",
            "price": "20.45",
            "revenue": 37720
        },
        "2020-03": {
            "month": "2020-03",
            "price": "19.29",
            "revenue": 42839
        },
        "2020-04": {
            "month": "2020-04",
            "price": "18.54",
            "revenue": 33730
        },
        "2020-05": {
            "month": "2020-05",
            "price": "18.72",
            "revenue": 21656
        },
        "2020-06": {
            "month": "2020-06",
            "price": "20.30",
            "revenue": 26117
        },
        "2020-07": {
            "month": "2020-07",
            "price": "21.38",
            "revenue": 25051
        },
        "2020-08": {
            "month": "2020-08",
            "price": "20.36",
            "revenue": 25061
        },
        "2020-09": {
            "month": "2020-09",
            "price": "24.33",
            "revenue": 24238
        },
        "2020-10": {
            "month": "2020-10",
            "price": "23.14",
            "revenue": 21733
        },
        "2020-11": {
            "month": "2020-11",
            "price": "24.18",
            "revenue": 24506
        },
        "2020-12": {
            "month": "2020-12",
            "price": "22.82",
            "revenue": 25074
        },
        "2021-01": {
            "month": "2021-01",
            "price": "22.16",
            "revenue": 35379
        },
        "2021-02": {
            "month": "2021-02",
            "price": "20.76",
            "revenue": 25709
        },
        "2021-03": {
            "month": "2021-03",
            "price": "21.15",
            "revenue": 38412
        },
        "2021-04": {
            "month": "2021-04",
            "price": "21.93",
            "revenue": 37820
        },
        "2021-05": {
            "month": "2021-05",
            "price": "18.88",
            "revenue": 30176
        },
        "2021-06": {
            "month": "2021-06",
            "price": "18.52",
            "revenue": 31082
        },
        "2021-07": {
            "month": "2021-07",
            "price": "18.80",
            "revenue": 30418
        },
        "2021-08": {
            "month": "2021-08",
            "price": "16.69",
            "revenue": 32146
        },
        "2021-09": {
            "month": "2021-09",
            "price": "16.15",
            "revenue": 29616
        },
        "2021-10": {
            "month": "2021-10",
            "price": "17.93",
            "revenue": 25808
        },
        "2021-11": {
            "month": "2021-11",
            "price": "24.24",
            "revenue": 24805
        },
        "2021-12": {
            "month": "2021-12",
            "price": "27.91",
            "revenue": 24923
        },
        "2022-01": {
            "month": "2022-01",
            "price": "26.31",
            "revenue": 31656
        },
        "2022-02": {
            "month": "2022-02",
            "price": "24.95",
            "revenue": 24568
        },
        "2022-03": {
            "month": "2022-03",
            "price": "24.95",
            "revenue": 37170
        },
        "2022-04": {
            "month": "2022-04",
            "price": "22.56",
            "revenue": 32023
        },
        "2022-05": {
            "month": "2022-05",
            "price": "27.09",
            "revenue": 31557
        },
        "2022-06": {
            "month": "2022-06",
            "price": "23.59",
            "revenue": 28108
        },
        "2022-07": {
            "month": "2022-07",
            "price": "20.40",
            "revenue": 24624
        },
        "2022-08": {
            "month": "2022-08",
            "price": "20.87",
            "revenue": 26052
        },
        "2022-09": {
            "month": "2022-09",
            "price": "18.91",
            "revenue": 21527
        },
        "2022-10": {
            "month": "2022-10",
            "price": "15.82",
            "revenue": 18605
        },
        "2022-11": {
            "month": "2022-11",
            "price": "16.09",
            "revenue": 22082
        },
        "2022-12": {
            "month": "2022-12",
            "price": "15.93",
            "revenue": 25955
        },
        "2023-01": {
            "month": "2023-01",
            "price": "15.19",
            "revenue": 18695
        },
        "2023-02": {
            "month": "2023-02",
            "price": "15.83",
            "revenue": 22684
        },
        "2023-03": {
            "month": "2023-03",
            "price": "17.26",
            "revenue": 15860
        },
        "2023-04": {
            "month": "2023-04",
            "price": "17.29",
            "revenue": 14701
        },
        "2023-05": {
            "month": "2023-05",
            "price": "18.92",
            "revenue": 9343
        },
        "2023-06": {
            "month": "2023-06",
            "price": "18.09",
            "revenue": 9571
        },
        "2023-07": {
            "month": "2023-07",
            "price": "17.98",
            "revenue": 9500
        },
        "2023-08": {
            "month": "2023-08",
            "price": "18.50",
            "revenue": 14991
        },
        "2023-09": {
            "month": "2023-09",
            "price": "19.28",
            "revenue": 11120
        },
        "2023-10": {
            "month": "2023-10",
            "price": "18.86",
            "revenue": 9079
        },
        "2023-11": {
            "month": "2023-11",
            "price": "19.48",
            "revenue": 11208
        },
        "2023-12": {
            "month": "2023-12",
            "price": "20.42",
            "revenue": 14972
        }
    }
}
