{
    "summary": {
        "stock_name": "勝昱",
        "stock_id": "4304",
        "category": "塑膠",
        "main_business": "各項包裝材料之製造加工及買賣業務<br>各種絕源材料印刷電路基板之製造加工及買賣業務<br>各種塑膠薄膜及金屬薄膜之製造加工及買賣業務",
        "website_url": "http://www.sunvic.com.tw",
        "ceo": "侯信立",
        "pe_ratio": -6,
        "report_year_from": 2001,
        "report_year_to": 2023,
        "age": 22,
        "eps_negative_percentage": 65,
        "eps_growth_avg": {
            "last_all": -61.96,
            "last_2y": -100,
            "last_4y": -100,
            "last_8y": -100,
            "last_12y": -72.22,
            "last_16y": -79.17,
            "last_20y": -61.96,
            "at_2006_last_3y": -42.59,
            "at_2007_last_3y": -57.84,
            "at_2008_last_3y": -100,
            "at_2009_last_3y": -100,
            "at_2010_last_3y": -58.33,
            "at_2011_last_3y": -72.22,
            "at_2012_last_3y": -58.33,
            "at_2013_last_3y": -58.33,
            "at_2014_last_3y": -100,
            "at_2015_last_3y": null,
            "at_2016_last_3y": null,
            "at_2017_last_3y": null,
            "at_2018_last_3y": null,
            "at_2019_last_3y": null,
            "at_2020_last_3y": null,
            "at_2021_last_3y": null,
            "at_2022_last_3y": -100,
            "at_2023_last_3y": -100,
            "at_2006_last_all": -44.75,
            "at_2007_last_all": -44.75,
            "at_2008_last_all": -55.8,
            "at_2009_last_all": -55.8,
            "at_2010_last_all": -49.28,
            "at_2011_last_all": -56.53,
            "at_2012_last_all": -56.53,
            "at_2013_last_all": -56.53,
            "at_2014_last_all": -56.53,
            "at_2015_last_all": -56.53,
            "at_2016_last_all": -56.53,
            "at_2017_last_all": -56.53,
            "at_2018_last_all": -56.53,
            "at_2019_last_all": -56.53,
            "at_2020_last_all": -56.53,
            "at_2021_last_all": -56.53,
            "at_2022_last_all": -61.96,
            "at_2023_last_all": -61.96
        },
        "latest_eps": -1.62,
        "latest_price": 9.97,
        "latest_roe": -26.21,
        "latest_gross_margin": 3.66,
        "latest_equity": 194462,
        "latest_revenue": 145262,
        "latest_gross_profit": 5315,
        "latest_net_income": -15394,
        "latest_debt_ratio": 62.5,
        "latest_current_ratio": 109.08,
        "latest_account_receivable_turnover_ratio": 1.34,
        "latest_inventory_turnover_ratio": 1.43,
        "latest_reinvestment_rate": null,
        "latest_research_to_sale_ratio": 0.07
    },
    "eps_dividends": {
        "1997": {
            "cash": 0,
            "stock": 1,
            "eps": 0
        },
        "1998": {
            "cash": 0,
            "stock": 1.37,
            "eps": 0
        },
        "2000": {
            "cash": 0,
            "stock": 2,
            "eps": 0
        },
        "2001": {
            "cash": 0,
            "stock": 2,
            "eps": 1.19
        },
        "2002": {
            "cash": 0,
            "stock": 0,
            "eps": 0.58
        },
        "2003": {
            "cash": 0,
            "stock": 0,
            "eps": 0.51
        },
        "2004": {
            "cash": 0,
            "stock": 0.5,
            "eps": 0.43
        },
        "2005": {
            "cash": 0,
            "stock": 0.4,
            "eps": -0.66
        },
        "2006": {
            "cash": 0,
            "stock": 0,
            "eps": -6.67
        },
        "2007": {
            "cash": 0,
            "stock": 0,
            "eps": 0.16
        },
        "2008": {
            "cash": 0,
            "stock": 0,
            "eps": -1.18
        },
        "2009": {
            "cash": 0,
            "stock": 0,
            "eps": 0.12
        },
        "2010": {
            "cash": 0,
            "stock": 0,
            "eps": 0.1
        },
        "2011": {
            "cash": 0,
            "stock": 0,
            "eps": -1.01
        },
        "2012": {
            "cash": 0,
            "stock": 0,
            "eps": -0.57
        },
        "2013": {
            "cash": 0,
            "stock": 0,
            "eps": -1.68
        },
        "2014": {
            "cash": 0,
            "stock": 0,
            "eps": -2.05
        },
        "2015": {
            "cash": 0,
            "stock": 0,
            "eps": -1.68
        },
        "2016": {
            "cash": 0,
            "stock": 0,
            "eps": -0.58
        },
        "2017": {
            "cash": 0,
            "stock": 0,
            "eps": -1.74
        },
        "2018": {
            "cash": 0,
            "stock": 0,
            "eps": -1.81
        },
        "2019": {
            "cash": 0,
            "stock": 0,
            "eps": -1.19
        },
        "2020": {
            "cash": 0,
            "stock": 0,
            "eps": -1.14
        },
        "2021": {
            "cash": 0,
            "stock": 0,
            "eps": 4.22
        },
        "2022": {
            "cash": 0,
            "stock": 0,
            "eps": -1.57
        },
        "2023": {
            "cash": 0,
            "stock": 0,
            "eps": -0.43
        }
    },
    "dividends": {
        "1997-06-25": {
            "cash": 0,
            "stock": 1
        },
        "1998-05-28": {
            "cash": 0,
            "stock": 1.37
        },
        "2000-06-09": {
            "cash": 0,
            "stock": 2
        },
        "2001-05-30": {
            "cash": 0,
            "stock": 2
        },
        "2004-04-09": {
            "cash": 0,
            "stock": 0.5
        },
        "2005-06-24": {
            "cash": 0,
            "stock": 0.4
        }
    },
    "prices": {
        "200101": "21.46",
        "200102": "26.96",
        "200103": "28.45",
        "200104": "28.63",
        "200105": "23.83",
        "200106": "22.70",
        "200107": "19.58",
        "200108": "18.20",
        "200109": "15.04",
        "200110": "12.80",
        "200111": "12.92",
        "200112": "14.56",
        "200201": "15.58",
        "200202": "17.28",
        "200203": "17.99",
        "200204": "17.50",
        "200205": "14.89",
        "200206": "14.98",
        "200207": "13.66",
        "200208": "12.32",
        "200209": "11.44",
        "200210": "10.60",
        "200211": "10.69",
        "200212": "11.09",
        "200301": "11.05",
        "200302": "10.18",
        "200303": "9.35",
        "200304": "9.36",
        "200305": "8.55",
        "200306": "8.38",
        "200307": "8.37",
        "200308": "7.83",
        "200309": "7.36",
        "200310": "7.92",
        "200311": "9.20",
        "200312": "11.09",
        "200401": "11.32",
        "200402": "12.71",
        "200403": "15.83",
        "200404": "18.23",
        "200405": "22.04",
        "200406": "25.64",
        "200407": "15.36",
        "200408": "13.76",
        "200409": "14.29",
        "200410": "12.04",
        "200411": "10.70",
        "200412": "9.82",
        "200501": "9.65",
        "200502": "9.73",
        "200503": "12.27",
        "200504": "12.64",
        "200505": "11.42",
        "200506": "11.51",
        "200507": "12.10",
        "200508": "12.06",
        "200509": "11.08",
        "200510": "10.73",
        "200511": "10.06",
        "200512": "10.13",
        "200601": "9.62",
        "200602": "8.51",
        "200603": "7.66",
        "200604": "8.03",
        "200605": "6.94",
        "200606": "4.29",
        "200607": "2.31",
        "200608": "2.24",
        "200609": "3.07",
        "200610": "3.63",
        "200611": "3.35",
        "200612": "4.34",
        "200701": "4.94",
        "200702": "4.45",
        "200703": "4.12",
        "200704": "5.24",
        "200705": "4.52",
        "200706": "4.55",
        "200707": "4.56",
        "200708": "4.77",
        "200709": "4.85",
        "200710": "5.14",
        "200711": "16.09",
        "200712": "13.94",
        "200801": "12.40",
        "200802": "12.33",
        "200803": "12.36",
        "200804": "11.64",
        "200805": "11.21",
        "200806": "10.86",
        "200807": "8.18",
        "200808": "8.15",
        "200809": "7.98",
        "200810": "6.67",
        "200811": "5.12",
        "200812": "3.41",
        "200901": "3.83",
        "200902": "5.40",
        "200903": "5.82",
        "200904": "6.96",
        "200905": "6.64",
        "200906": "6.02",
        "200907": "6.31",
        "200908": "7.12",
        "200909": "8.84",
        "200910": "9.86",
        "200911": "10.03",
        "200912": "9.74",
        "201001": "10.62",
        "201002": "10.06",
        "201003": "11.77",
        "201004": "15.30",
        "201005": "14.99",
        "201006": "14.11",
        "201007": "23.49",
        "201008": "18.94",
        "201009": "16.13",
        "201010": "14.14",
        "201011": "11.92",
        "201012": "13.47",
        "201101": "12.84",
        "201102": "14.19",
        "201103": "16.96",
        "201104": "15.49",
        "201105": "13.28",
        "201106": "13.26",
        "201107": "13.18",
        "201108": "12.11",
        "201109": "11.75",
        "201110": "11.80",
        "201111": "11.34",
        "201112": "10.42",
        "201201": "8.83",
        "201202": "9.62",
        "201203": "10.26",
        "201204": "11.12",
        "201205": "10.74",
        "201206": "9.88",
        "201207": "8.80",
        "201208": "8.55",
        "201209": "8.54",
        "201210": "6.99",
        "201211": "5.77",
        "201212": "6.27",
        "201301": "6.55",
        "201302": "6.96",
        "201303": "7.88",
        "201304": "9.14",
        "201305": "8.57",
        "201306": "7.81",
        "201307": "7.14",
        "201308": "6.98",
        "201309": "7.60",
        "201310": "7.67",
        "201311": "7.86",
        "201312": "7.95",
        "201401": "8.60",
        "201402": "8.53",
        "201403": "8.29",
        "201404": "9.27",
        "201405": "10.24",
        "201406": "10.83",
        "201407": "12.45",
        "201408": "12.97",
        "201409": "12.08",
        "201410": "10.74",
        "201411": "8.84",
        "201412": "8.27",
        "201501": "10.54",
        "201502": "10.25",
        "201503": "11.91",
        "201504": "12.35",
        "201505": "14.89",
        "201506": "15.34",
        "201507": "17.33",
        "201508": "14.13",
        "201509": "14.42",
        "201510": "13.14",
        "201511": "11.90",
        "201512": "13.52",
        "201601": "12.44",
        "201602": "11.52",
        "201603": "10.45",
        "201604": "7.97",
        "201605": "6.40",
        "201606": "7.42",
        "201607": "8.54",
        "201608": "8.37",
        "201609": "8.37",
        "201610": "8.76",
        "201611": "8.31",
        "201612": "7.86",
        "201701": "8.28",
        "201702": "8.50",
        "201703": "8.38",
        "201704": "7.83",
        "201705": "7.29",
        "201706": "7.08",
        "201707": "6.28",
        "201708": "6.08",
        "201709": "6.07",
        "201710": "5.81",
        "201711": "5.40",
        "201712": "4.96",
        "201801": "4.77",
        "201802": "4.99",
        "201803": "5.72",
        "201804": "6.57",
        "201805": "5.78",
        "201806": "6.21",
        "201807": "5.31",
        "201808": "5.30",
        "201809": "6.95",
        "201810": "6.33",
        "201811": "5.46",
        "201812": "5.07",
        "201901": "5.46",
        "201902": "6.22",
        "201903": "6.65",
        "201904": "6.76",
        "201905": "6.73",
        "201906": "9.77",
        "201907": "13.44",
        "201908": "13.98",
        "201909": "12.70",
        "201910": "11.40",
        "201911": "6.77",
        "201912": "6.47",
        "202001": "6.91",
        "202002": "7.32",
        "202003": "6.14",
        "202004": "4.76",
        "202005": "4.62",
        "202006": "4.86",
        "202007": "4.94",
        "202008": "4.74",
        "202009": "4.81",
        "202010": "4.41",
        "202011": "4.59",
        "202012": "5.51",
        "202101": "5.18",
        "202102": "5.33",
        "202103": "4.64",
        "202104": "6.97",
        "202105": "6.41",
        "202106": "6.06",
        "202107": "7.54",
        "202108": "6.97",
        "202109": "6.83",
        "202110": "6.49",
        "202111": "6.60",
        "202112": "7.61",
        "202201": "12.77",
        "202202": "13.81",
        "202203": "14.48",
        "202204": "12.71",
        "202205": "8.98",
        "202206": "8.91",
        "202207": "8.45",
        "202208": "9.05",
        "202209": "10.27",
        "202210": "8.90",
        "202211": "8.15",
        "202212": "9.32",
        "202301": "9.64",
        "202302": "9.80",
        "202303": "9.90",
        "202304": "10.00",
        "202305": "9.75",
        "202306": "9.77"
    },
    "quarters": {
        "20011": {
            "year_quarter": 20011,
            "year": 2001,
            "quarter": 1,
            "eps": 0.28,
            "eps_growth_year": -62.67,
            "eps_4q": 1.73,
            "eps_4q_growth_year": -43.35,
            "roe": 1.82,
            "roe_4q": 1.82,
            "gross_profit": 21627,
            "gross_margin": 20.6,
            "gross_margin_4q_avg": 20.6,
            "net_income": 9249,
            "revenue": 105006,
            "common_shares": 333600,
            "book_valuer_per_share": 15.37,
            "book_valuer_per_share_4q_avg": 15.37,
            "equity": 512632,
            "current_ratio": 522.08,
            "debt_ratio": 25,
            "inventory_turnover_ratio": 0.69,
            "account_receivable_turnover_ratio": null,
            "reinvestment_rate": null,
            "research_to_sale_ratio": null,
            "price_fair": 0,
            "eps_avg_yearly": 0,
            "eps_latest_yearly": 0,
            "eps_growth_yearly": 0
        },
        "20012": {
            "year_quarter": 20012,
            "year": 2001,
            "quarter": 2,
            "eps": 0.56,
            "eps_growth_year": -3.45,
            "eps_4q": 1.82,
            "eps_4q_growth_year": -38.97,
            "roe": 3.57,
            "roe_4q": 5.39,
            "gross_profit": 18173,
            "gross_margin": 18.87,
            "gross_margin_4q_avg": 19.74,
            "net_income": 18739,
            "revenue": 96321,
            "common_shares": 333600,
            "book_valuer_per_share": 16.11,
            "book_valuer_per_share_4q_avg": 15.74,
            "equity": 537557,
            "current_ratio": 454.37,
            "debt_ratio": 25.35,
            "inventory_turnover_ratio": 0.81,
            "account_receivable_turnover_ratio": null,
            "reinvestment_rate": null,
            "research_to_sale_ratio": null,
            "price_fair": 0,
            "eps_avg_yearly": 0,
            "eps_latest_yearly": 0,
            "eps_growth_yearly": 0
        },
        "20013": {
            "year_quarter": 20013,
            "year": 2001,
            "quarter": 3,
            "eps": -0.19,
            "eps_growth_year": -141.3,
            "eps_4q": 0.98,
            "eps_4q_growth_year": -57.23,
            "roe": -1.42,
            "roe_4q": 3.9699999999999998,
            "gross_profit": 16820,
            "gross_margin": 17.1,
            "gross_margin_4q_avg": 18.86,
            "net_income": -7576,
            "revenue": 98370,
            "common_shares": 402426,
            "book_valuer_per_share": 13.18,
            "book_valuer_per_share_4q_avg": 14.89,
            "equity": 530509,
            "current_ratio": 298.2,
            "debt_ratio": 29.69,
            "inventory_turnover_ratio": 0.89,
            "account_receivable_turnover_ratio": null,
            "reinvestment_rate": null,
            "research_to_sale_ratio": null,
            "price_fair": 0,
            "eps_avg_yearly": 0,
            "eps_latest_yearly": 0,
            "eps_growth_yearly": 0
        },
        "20014": {
            "year_quarter": 20014,
            "year": 2001,
            "quarter": 4,
            "eps": 0.54,
            "eps_growth_year": -11.48,
            "eps_4q": 1.04,
            "eps_4q_growth_year": -50.92,
            "roe": 4.02,
            "roe_4q": 7.99,
            "gross_profit": 20361,
            "gross_margin": 16.46,
            "gross_margin_4q_avg": 18.26,
            "net_income": 21842,
            "revenue": 123721,
            "common_shares": 402426,
            "book_valuer_per_share": 13.79,
            "book_valuer_per_share_4q_avg": 14.61,
            "equity": 555087,
            "current_ratio": 590.35,
            "debt_ratio": 26.02,
            "inventory_turnover_ratio": 0.79,
            "account_receivable_turnover_ratio": null,
            "reinvestment_rate": null,
            "research_to_sale_ratio": null,
            "price_fair": 0,
            "eps_avg_yearly": 0,
            "eps_latest_yearly": 0,
            "eps_growth_yearly": 0
        },
        "20021": {
            "year_quarter": 20021,
            "year": 2002,
            "quarter": 1,
            "eps": 0.14,
            "eps_growth_year": -50,
            "eps_4q": 0.97,
            "eps_4q_growth_year": -43.63,
            "roe": 0.99,
            "roe_4q": 7.16,
            "gross_profit": 17930,
            "gross_margin": 15.06,
            "gross_margin_4q_avg": 16.87,
            "net_income": 5547,
            "revenue": 119052,
            "common_shares": 402426,
            "book_valuer_per_share": 13.93,
            "book_valuer_per_share_4q_avg": 14.25,
            "equity": 560620,
            "current_ratio": 253.01,
            "debt_ratio": 31.66,
            "inventory_turnover_ratio": 0.68,
            "account_receivable_turnover_ratio": null,
            "reinvestment_rate": null,
            "research_to_sale_ratio": null,
            "price_fair": 1.68,
            "eps_avg_yearly": 0.56,
            "eps_latest_yearly": 0.56,
            "eps_growth_yearly": -296.3
        },
        "20022": {
            "year_quarter": 20022,
            "year": 2002,
            "quarter": 2,
            "eps": 0.07,
            "eps_growth_year": -87.5,
            "eps_4q": 0.56,
            "eps_4q_growth_year": -69.03,
            "roe": 0.5,
            "roe_4q": 4.09,
            "gross_profit": 18783,
            "gross_margin": 16.65,
            "gross_margin_4q_avg": 16.32,
            "net_income": 2803,
            "revenue": 112815,
            "common_shares": 402426,
            "book_valuer_per_share": 13.77,
            "book_valuer_per_share_4q_avg": 13.67,
            "equity": 554259,
            "current_ratio": 252.66,
            "debt_ratio": 29.95,
            "inventory_turnover_ratio": 0.83,
            "account_receivable_turnover_ratio": null,
            "reinvestment_rate": null,
            "research_to_sale_ratio": null,
            "price_fair": 1.26,
            "eps_avg_yearly": 0.42,
            "eps_latest_yearly": 0.28,
            "eps_growth_yearly": -248.15
        },
        "20023": {
            "year_quarter": 20023,
            "year": 2002,
            "quarter": 3,
            "eps": 0.11,
            "eps_growth_year": null,
            "eps_4q": 0.82,
            "eps_4q_growth_year": -16.08,
            "roe": 0.83,
            "roe_4q": 6.34,
            "gross_profit": 15650,
            "gross_margin": 15.05,
            "gross_margin_4q_avg": 15.81,
            "net_income": 4649,
            "revenue": 104002,
            "common_shares": 442669,
            "book_valuer_per_share": 12.73,
            "book_valuer_per_share_4q_avg": 13.56,
            "equity": 563376,
            "current_ratio": 235.55,
            "debt_ratio": 30.7,
            "inventory_turnover_ratio": 0.86,
            "account_receivable_turnover_ratio": null,
            "reinvestment_rate": null,
            "research_to_sale_ratio": null,
            "price_fair": 1.28,
            "eps_avg_yearly": 0.43,
            "eps_latest_yearly": 0.44,
            "eps_growth_yearly": -89.24
        },
        "20024": {
            "year_quarter": 20024,
            "year": 2002,
            "quarter": 4,
            "eps": 0.26,
            "eps_growth_year": -51.85,
            "eps_4q": 0.55,
            "eps_4q_growth_year": -46.92,
            "roe": 1.96,
            "roe_4q": 4.28,
            "gross_profit": 20062,
            "gross_margin": 14.98,
            "gross_margin_4q_avg": 15.44,
            "net_income": 11477,
            "revenue": 133890,
            "common_shares": 442669,
            "book_valuer_per_share": 12.96,
            "book_valuer_per_share_4q_avg": 13.35,
            "equity": 605207,
            "current_ratio": 300.91,
            "debt_ratio": 34.06,
            "inventory_turnover_ratio": 0.75,
            "account_receivable_turnover_ratio": null,
            "reinvestment_rate": 60.32,
            "research_to_sale_ratio": null,
            "price_fair": 20.3,
            "eps_avg_yearly": 0.58,
            "eps_latest_yearly": 1.04,
            "eps_growth_yearly": 69.43
        },
        "20031": {
            "year_quarter": 20031,
            "year": 2003,
            "quarter": 1,
            "eps": 0.1,
            "eps_growth_year": -28.57,
            "eps_4q": 0.54,
            "eps_4q_growth_year": -44.17,
            "roe": 0.72,
            "roe_4q": 4.01,
            "gross_profit": 20467,
            "gross_margin": 17.93,
            "gross_margin_4q_avg": 16.15,
            "net_income": 4271,
            "revenue": 114155,
            "common_shares": 442669,
            "book_valuer_per_share": 13.06,
            "book_valuer_per_share_4q_avg": 13.13,
            "equity": 578148,
            "current_ratio": 164.54,
            "debt_ratio": 34.31,
            "inventory_turnover_ratio": 0.63,
            "account_receivable_turnover_ratio": null,
            "reinvestment_rate": 39.67,
            "research_to_sale_ratio": null,
            "price_fair": 8.88,
            "eps_avg_yearly": 0.54,
            "eps_latest_yearly": 0.4,
            "eps_growth_yearly": 6.32
        },
        "20032": {
            "year_quarter": 20032,
            "year": 2003,
            "quarter": 2,
            "eps": 0.07,
            "eps_growth_year": 0,
            "eps_4q": 0.51,
            "eps_4q_growth_year": -9.12,
            "roe": 0.56,
            "roe_4q": 4.07,
            "gross_profit": 16921,
            "gross_margin": 16.91,
            "gross_margin_4q_avg": 16.22,
            "net_income": 3221,
            "revenue": 100043,
            "common_shares": 442669,
            "book_valuer_per_share": 12.8,
            "book_valuer_per_share_4q_avg": 12.89,
            "equity": 566690,
            "current_ratio": 135.17,
            "debt_ratio": 38.65,
            "inventory_turnover_ratio": 0.77,
            "account_receivable_turnover_ratio": null,
            "reinvestment_rate": 30.46,
            "research_to_sale_ratio": null,
            "price_fair": 1.5,
            "eps_avg_yearly": 0.5,
            "eps_latest_yearly": 0.28,
            "eps_growth_yearly": -14.74
        },
        "20033": {
            "year_quarter": 20033,
            "year": 2003,
            "quarter": 3,
            "eps": 0.15,
            "eps_growth_year": 36.36,
            "eps_4q": 0.57,
            "eps_4q_growth_year": -30.95,
            "roe": 1.2,
            "roe_4q": 4.4399999999999995,
            "gross_profit": 17854,
            "gross_margin": 16.67,
            "gross_margin_4q_avg": 16.62,
            "net_income": 6787,
            "revenue": 107127,
            "common_shares": 442669,
            "book_valuer_per_share": 12.8,
            "book_valuer_per_share_4q_avg": 12.91,
            "equity": 566755,
            "current_ratio": 153.37,
            "debt_ratio": 35.46,
            "inventory_turnover_ratio": 0.76,
            "account_receivable_turnover_ratio": null,
            "reinvestment_rate": 23.18,
            "research_to_sale_ratio": null,
            "price_fair": 18,
            "eps_avg_yearly": 0.51,
            "eps_latest_yearly": 0.6,
            "eps_growth_yearly": 52.67
        },
        "20034": {
            "year_quarter": 20034,
            "year": 2003,
            "quarter": 4,
            "eps": 0.19,
            "eps_growth_year": -26.92,
            "eps_4q": 0.51,
            "eps_4q_growth_year": -7.74,
            "roe": 1.48,
            "roe_4q": 3.96,
            "gross_profit": 25688,
            "gross_margin": 18.92,
            "gross_margin_4q_avg": 17.61,
            "net_income": 8437,
            "revenue": 135739,
            "common_shares": 442669,
            "book_valuer_per_share": 13.01,
            "book_valuer_per_share_4q_avg": 12.92,
            "equity": 575920,
            "current_ratio": 205.65,
            "debt_ratio": 42.2,
            "inventory_turnover_ratio": 0.65,
            "account_receivable_turnover_ratio": null,
            "reinvestment_rate": 72.06,
            "research_to_sale_ratio": null,
            "price_fair": 19.08,
            "eps_avg_yearly": 0.55,
            "eps_latest_yearly": 0.76,
            "eps_growth_yearly": 59.42
        },
        "20041": {
            "year_quarter": 20041,
            "year": 2004,
            "quarter": 1,
            "eps": 0.29,
            "eps_growth_year": 190,
            "eps_4q": 0.71,
            "eps_4q_growth_year": 31.05,
            "roe": 2.2,
            "roe_4q": 5.4399999999999995,
            "gross_profit": 22972,
            "gross_margin": 18.41,
            "gross_margin_4q_avg": 17.73,
            "net_income": 12679,
            "revenue": 124760,
            "common_shares": 442669,
            "book_valuer_per_share": 13.07,
            "book_valuer_per_share_4q_avg": 12.92,
            "equity": 578392,
            "current_ratio": 146.54,
            "debt_ratio": 36.45,
            "inventory_turnover_ratio": 0.59,
            "account_receivable_turnover_ratio": null,
            "reinvestment_rate": 18.81,
            "research_to_sale_ratio": null,
            "price_fair": 21.47,
            "eps_avg_yearly": 0.61,
            "eps_latest_yearly": 1.16,
            "eps_growth_yearly": 76.21
        },
        "20042": {
            "year_quarter": 20042,
            "year": 2004,
            "quarter": 2,
            "eps": 0.09,
            "eps_growth_year": 28.57,
            "eps_4q": 0.75,
            "eps_4q_growth_year": 45.31,
            "roe": 0.66,
            "roe_4q": 5.54,
            "gross_profit": 23284,
            "gross_margin": 16.94,
            "gross_margin_4q_avg": 17.74,
            "net_income": 3829,
            "revenue": 137439,
            "common_shares": 442669,
            "book_valuer_per_share": 13.3,
            "book_valuer_per_share_4q_avg": 13.05,
            "equity": 588548,
            "current_ratio": 141.24,
            "debt_ratio": 38.24,
            "inventory_turnover_ratio": 0.9,
            "account_receivable_turnover_ratio": null,
            "reinvestment_rate": 15.46,
            "research_to_sale_ratio": null,
            "price_fair": 20.58,
            "eps_avg_yearly": 0.59,
            "eps_latest_yearly": 0.36,
            "eps_growth_yearly": 41
        },
        "20043": {
            "year_quarter": 20043,
            "year": 2004,
            "quarter": 3,
            "eps": -0.05,
            "eps_growth_year": -133.33,
            "eps_4q": 0.51,
            "eps_4q_growth_year": -9.97,
            "roe": -0.39,
            "roe_4q": 3.95,
            "gross_profit": 20325,
            "gross_margin": 16.99,
            "gross_margin_4q_avg": 17.82,
            "net_income": -2260,
            "revenue": 119656,
            "common_shares": 442669,
            "book_valuer_per_share": 12.91,
            "book_valuer_per_share_4q_avg": 13.07,
            "equity": 571303,
            "current_ratio": 135.63,
            "debt_ratio": 38.67,
            "inventory_turnover_ratio": 0.71,
            "account_receivable_turnover_ratio": null,
            "reinvestment_rate": 3.68,
            "research_to_sale_ratio": null,
            "price_fair": 20.58,
            "eps_avg_yearly": 0.59,
            "eps_latest_yearly": 0.36,
            "eps_growth_yearly": 41
        },
        "20044": {
            "year_quarter": 20044,
            "year": 2004,
            "quarter": 4,
            "eps": 0.1,
            "eps_growth_year": -47.37,
            "eps_4q": 0.4,
            "eps_4q_growth_year": -21.67,
            "roe": 0.84,
            "roe_4q": 3.31,
            "gross_profit": 25441,
            "gross_margin": 16.46,
            "gross_margin_4q_avg": 17.2,
            "net_income": 4738,
            "revenue": 154582,
            "common_shares": 464802,
            "book_valuer_per_share": 11.91,
            "book_valuer_per_share_4q_avg": 12.8,
            "equity": 553628,
            "current_ratio": 160.58,
            "debt_ratio": 50.91,
            "inventory_turnover_ratio": 0.59,
            "account_receivable_turnover_ratio": null,
            "reinvestment_rate": 88.36,
            "research_to_sale_ratio": null,
            "price_fair": 20.58,
            "eps_avg_yearly": 0.59,
            "eps_latest_yearly": 0.36,
            "eps_growth_yearly": 41
        },
        "20051": {
            "year_quarter": 20051,
            "year": 2005,
            "quarter": 1,
            "eps": -0.01,
            "eps_growth_year": -103.45,
            "eps_4q": 0.17,
            "eps_4q_growth_year": -76.09,
            "roe": -0.06,
            "roe_4q": 1.05,
            "gross_profit": 19294,
            "gross_margin": 14.04,
            "gross_margin_4q_avg": 16.11,
            "net_income": -350,
            "revenue": 137409,
            "common_shares": 464802,
            "book_valuer_per_share": 11.86,
            "book_valuer_per_share_4q_avg": 12.5,
            "equity": 551087,
            "current_ratio": 126.34,
            "debt_ratio": 44.46,
            "inventory_turnover_ratio": 0.5,
            "account_receivable_turnover_ratio": null,
            "reinvestment_rate": -1.66,
            "research_to_sale_ratio": null,
            "price_fair": 20.58,
            "eps_avg_yearly": 0.59,
            "eps_latest_yearly": 0.36,
            "eps_growth_yearly": 41
        },
        "20052": {
            "year_quarter": 20052,
            "year": 2005,
            "quarter": 2,
            "eps": 0,
            "eps_growth_year": -100,
            "eps_4q": 0.05,
            "eps_4q_growth_year": -93.95,
            "roe": -0.01,
            "roe_4q": 0.38,
            "gross_profit": 17238,
            "gross_margin": 8.05,
            "gross_margin_4q_avg": 13.89,
            "net_income": -30,
            "revenue": 214053,
            "common_shares": 464802,
            "book_valuer_per_share": 11.88,
            "book_valuer_per_share_4q_avg": 12.14,
            "equity": 552301,
            "current_ratio": 120.05,
            "debt_ratio": 48.53,
            "inventory_turnover_ratio": 1.1,
            "account_receivable_turnover_ratio": null,
            "reinvestment_rate": -16.95,
            "research_to_sale_ratio": null,
            "price_fair": 20.58,
            "eps_avg_yearly": 0.59,
            "eps_latest_yearly": 0.36,
            "eps_growth_yearly": 41
        },
        "20053": {
            "year_quarter": 20053,
            "year": 2005,
            "quarter": 3,
            "eps": 0.07,
            "eps_growth_year": null,
            "eps_4q": 0.16,
            "eps_4q_growth_year": -68.75,
            "roe": 0.6,
            "roe_4q": 1.37,
            "gross_profit": 32202,
            "gross_margin": 8.3,
            "gross_margin_4q_avg": 11.71,
            "net_income": 3385,
            "revenue": 388033,
            "common_shares": 464802,
            "book_valuer_per_share": 12.39,
            "book_valuer_per_share_4q_avg": 12.01,
            "equity": 576083,
            "current_ratio": 112.53,
            "debt_ratio": 58.09,
            "inventory_turnover_ratio": 1.62,
            "account_receivable_turnover_ratio": null,
            "reinvestment_rate": -16.35,
            "research_to_sale_ratio": null,
            "price_fair": 20.58,
            "eps_avg_yearly": 0.59,
            "eps_latest_yearly": 0.36,
            "eps_growth_yearly": 41
        },
        "20054": {
            "year_quarter": 20054,
            "year": 2005,
            "quarter": 4,
            "eps": -0.72,
            "eps_growth_year": -820,
            "eps_4q": -0.65,
            "eps_4q_growth_year": -262.21,
            "roe": -6.06,
            "roe_4q": -5.529999999999999,
            "gross_profit": 2030,
            "gross_margin": 0.53,
            "gross_margin_4q_avg": 7.73,
            "net_income": -33812,
            "revenue": 381409,
            "common_shares": 482955,
            "book_valuer_per_share": 11.17,
            "book_valuer_per_share_4q_avg": 11.83,
            "equity": 539707,
            "current_ratio": 121.95,
            "debt_ratio": 68.1,
            "inventory_turnover_ratio": 1.2,
            "account_receivable_turnover_ratio": null,
            "reinvestment_rate": 260.12,
            "research_to_sale_ratio": null,
            "price_fair": 20.58,
            "eps_avg_yearly": 0.59,
            "eps_latest_yearly": 0.36,
            "eps_growth_yearly": 41
        },
        "20061": {
            "year_quarter": 20061,
            "year": 2006,
            "quarter": 1,
            "eps": -0.47,
            "eps_growth_year": null,
            "eps_4q": -1.11,
            "eps_4q_growth_year": -751.42,
            "roe": -4.25,
            "roe_4q": -9.719999999999999,
            "gross_profit": 11576,
            "gross_margin": 3.99,
            "gross_margin_4q_avg": 5.22,
            "net_income": -22412,
            "revenue": 289794,
            "common_shares": 482955,
            "book_valuer_per_share": 10.65,
            "book_valuer_per_share_4q_avg": 11.52,
            "equity": 514506,
            "current_ratio": 103.08,
            "debt_ratio": 64.68,
            "inventory_turnover_ratio": 0.96,
            "account_receivable_turnover_ratio": null,
            "reinvestment_rate": -379.33,
            "research_to_sale_ratio": null,
            "price_fair": 20.69,
            "eps_avg_yearly": 0.59,
            "eps_latest_yearly": 0.36,
            "eps_growth_yearly": 78.48
        },
        "20062": {
            "year_quarter": 20062,
            "year": 2006,
            "quarter": 2,
            "eps": -5.66,
            "eps_growth_year": null,
            "eps_4q": -6.76,
            "eps_4q_growth_year": -15065.73,
            "roe": -72.27,
            "roe_4q": -81.98,
            "gross_profit": 21071,
            "gross_margin": 14.22,
            "gross_margin_4q_avg": 6.76,
            "net_income": -273401,
            "revenue": 148168,
            "common_shares": 482955,
            "book_valuer_per_share": 5.01,
            "book_valuer_per_share_4q_avg": 9.81,
            "equity": 242064,
            "current_ratio": 67.71,
            "debt_ratio": 75.36,
            "inventory_turnover_ratio": 0.74,
            "account_receivable_turnover_ratio": null,
            "reinvestment_rate": null,
            "research_to_sale_ratio": null,
            "price_fair": 22.05,
            "eps_avg_yearly": 0.63,
            "eps_latest_yearly": 0.36,
            "eps_growth_yearly": 113.29
        },
        "20063": {
            "year_quarter": 20063,
            "year": 2006,
            "quarter": 3,
            "eps": -0.21,
            "eps_growth_year": -400,
            "eps_4q": -3.46,
            "eps_4q_growth_year": -2261.63,
            "roe": -3.67,
            "roe_4q": -86.25,
            "gross_profit": 17752,
            "gross_margin": 12.34,
            "gross_margin_4q_avg": 7.77,
            "net_income": -10597,
            "revenue": 143851,
            "common_shares": 982955,
            "book_valuer_per_share": 3.41,
            "book_valuer_per_share_4q_avg": 7.56,
            "equity": 335486,
            "current_ratio": 77.11,
            "debt_ratio": 64.31,
            "inventory_turnover_ratio": 1.04,
            "account_receivable_turnover_ratio": null,
            "reinvestment_rate": null,
            "research_to_sale_ratio": null,
            "price_fair": 23,
            "eps_avg_yearly": 0.66,
            "eps_latest_yearly": 0.36,
            "eps_growth_yearly": 96.82
        },
        "20064": {
            "year_quarter": 20064,
            "year": 2006,
            "quarter": 4,
            "eps": -0.33,
            "eps_growth_year": null,
            "eps_4q": -5.67,
            "eps_4q_growth_year": null,
            "roe": -4.97,
            "roe_4q": -85.16,
            "gross_profit": 9013,
            "gross_margin": 7.93,
            "gross_margin_4q_avg": 9.62,
            "net_income": -18694,
            "revenue": 113612,
            "common_shares": 1315955,
            "book_valuer_per_share": 3.17,
            "book_valuer_per_share_4q_avg": 5.56,
            "equity": 417269,
            "current_ratio": 134.35,
            "debt_ratio": 62.65,
            "inventory_turnover_ratio": 0.68,
            "account_receivable_turnover_ratio": null,
            "reinvestment_rate": null,
            "research_to_sale_ratio": null,
            "price_fair": 19.02,
            "eps_avg_yearly": 0.59,
            "eps_latest_yearly": 0.36,
            "eps_growth_yearly": 22.05
        },
        "20071": {
            "year_quarter": 20071,
            "year": 2007,
            "quarter": 1,
            "eps": -0.14,
            "eps_growth_year": null,
            "eps_4q": -2.47,
            "eps_4q_growth_year": null,
            "roe": -4.42,
            "roe_4q": -85.33,
            "gross_profit": 8480,
            "gross_margin": 7.25,
            "gross_margin_4q_avg": 10.44,
            "net_income": -18178,
            "revenue": 116888,
            "common_shares": 1315955,
            "book_valuer_per_share": 3.08,
            "book_valuer_per_share_4q_avg": 3.67,
            "equity": 405267,
            "current_ratio": 97.54,
            "debt_ratio": 54.2,
            "inventory_turnover_ratio": 0.6,
            "account_receivable_turnover_ratio": null,
            "reinvestment_rate": null,
            "research_to_sale_ratio": null,
            "price_fair": 22.12,
            "eps_avg_yearly": 0.63,
            "eps_latest_yearly": 0.36,
            "eps_growth_yearly": 75.69
        },
        "20072": {
            "year_quarter": 20072,
            "year": 2007,
            "quarter": 2,
            "eps": 0.08,
            "eps_growth_year": null,
            "eps_4q": -0.3,
            "eps_4q_growth_year": null,
            "roe": 2.43,
            "roe_4q": -10.629999999999999,
            "gross_profit": 7500,
            "gross_margin": 5.85,
            "gross_margin_4q_avg": 8.34,
            "net_income": 9987,
            "revenue": 128169,
            "common_shares": 1315955,
            "book_valuer_per_share": 3.16,
            "book_valuer_per_share_4q_avg": 3.21,
            "equity": 416069,
            "current_ratio": 98.39,
            "debt_ratio": 53.14,
            "inventory_turnover_ratio": 0.85,
            "account_receivable_turnover_ratio": null,
            "reinvestment_rate": null,
            "research_to_sale_ratio": null,
            "price_fair": 25.2,
            "eps_avg_yearly": 0.72,
            "eps_latest_yearly": 0.36,
            "eps_growth_yearly": 124.62
        },
        "20073": {
            "year_quarter": 20073,
            "year": 2007,
            "quarter": 3,
            "eps": 0.18,
            "eps_growth_year": null,
            "eps_4q": -0.45,
            "eps_4q_growth_year": null,
            "roe": 1.62,
            "roe_4q": -5.339999999999999,
            "gross_profit": 8230,
            "gross_margin": 6.65,
            "gross_margin_4q_avg": 6.92,
            "net_income": 7641,
            "revenue": 123704,
            "common_shares": 508765,
            "book_valuer_per_share": 10.36,
            "book_valuer_per_share_4q_avg": 4.94,
            "equity": 527329,
            "current_ratio": 143.39,
            "debt_ratio": 42.96,
            "inventory_turnover_ratio": 0.84,
            "account_receivable_turnover_ratio": null,
            "reinvestment_rate": null,
            "research_to_sale_ratio": null,
            "price_fair": 26.25,
            "eps_avg_yearly": 0.75,
            "eps_latest_yearly": 0.72,
            "eps_growth_yearly": 135.33
        },
        "20074": {
            "year_quarter": 20074,
            "year": 2007,
            "quarter": 4,
            "eps": 0.04,
            "eps_growth_year": null,
            "eps_4q": 0.03,
            "eps_4q_growth_year": null,
            "roe": 0.3,
            "roe_4q": -0.0699999999999994,
            "gross_profit": -4156,
            "gross_margin": -3.47,
            "gross_margin_4q_avg": 4.07,
            "net_income": 1591,
            "revenue": 119895,
            "common_shares": 508765,
            "book_valuer_per_share": 10.49,
            "book_valuer_per_share_4q_avg": 6.77,
            "equity": 533762,
            "current_ratio": 144.64,
            "debt_ratio": 57.6,
            "inventory_turnover_ratio": 0.67,
            "account_receivable_turnover_ratio": null,
            "reinvestment_rate": null,
            "research_to_sale_ratio": null,
            "price_fair": 21,
            "eps_avg_yearly": 0.6,
            "eps_latest_yearly": 0.16,
            "eps_growth_yearly": 30.89
        },
        "20081": {
            "year_quarter": 20081,
            "year": 2008,
            "quarter": 1,
            "eps": -0.32,
            "eps_growth_year": null,
            "eps_4q": 0.06,
            "eps_4q_growth_year": null,
            "roe": -3.14,
            "roe_4q": 1.21,
            "gross_profit": 27107,
            "gross_margin": 9.02,
            "gross_margin_4q_avg": 4.51,
            "net_income": -16367,
            "revenue": 300630,
            "common_shares": 505273,
            "book_valuer_per_share": 10.08,
            "book_valuer_per_share_4q_avg": 8.52,
            "equity": 509510,
            "current_ratio": 139.42,
            "debt_ratio": 60,
            "inventory_turnover_ratio": 1.07,
            "account_receivable_turnover_ratio": null,
            "reinvestment_rate": null,
            "research_to_sale_ratio": null,
            "price_fair": 1.24,
            "eps_avg_yearly": 0.41,
            "eps_latest_yearly": 0.16,
            "eps_growth_yearly": -28.99
        },
        "20082": {
            "year_quarter": 20082,
            "year": 2008,
            "quarter": 2,
            "eps": 0.06,
            "eps_growth_year": -25,
            "eps_4q": -0.08,
            "eps_4q_growth_year": null,
            "roe": 0.61,
            "roe_4q": -0.6100000000000003,
            "gross_profit": 46111,
            "gross_margin": 13.08,
            "gross_margin_4q_avg": 6.32,
            "net_income": 3145,
            "revenue": 352661,
            "common_shares": 505273,
            "book_valuer_per_share": 10.25,
            "book_valuer_per_share_4q_avg": 10.3,
            "equity": 517908,
            "current_ratio": 131.68,
            "debt_ratio": 61.52,
            "inventory_turnover_ratio": 1.16,
            "account_receivable_turnover_ratio": null,
            "reinvestment_rate": null,
            "research_to_sale_ratio": null,
            "price_fair": 15.4,
            "eps_avg_yearly": 0.44,
            "eps_latest_yearly": 0.16,
            "eps_growth_yearly": 94.44
        },
        "20083": {
            "year_quarter": 20083,
            "year": 2008,
            "quarter": 3,
            "eps": -0.19,
            "eps_growth_year": -205.56,
            "eps_4q": -0.42,
            "eps_4q_growth_year": null,
            "roe": -1.88,
            "roe_4q": -4.11,
            "gross_profit": 32262,
            "gross_margin": 9.99,
            "gross_margin_4q_avg": 7.16,
            "net_income": -9826,
            "revenue": 322933,
            "common_shares": 505273,
            "book_valuer_per_share": 10.47,
            "book_valuer_per_share_4q_avg": 10.32,
            "equity": 529193,
            "current_ratio": 124.79,
            "debt_ratio": 63.22,
            "inventory_turnover_ratio": 1.18,
            "account_receivable_turnover_ratio": null,
            "reinvestment_rate": null,
            "research_to_sale_ratio": null,
            "price_fair": 15.4,
            "eps_avg_yearly": 0.44,
            "eps_latest_yearly": 0.16,
            "eps_growth_yearly": 94.44
        },
        "20084": {
            "year_quarter": 20084,
            "year": 2008,
            "quarter": 4,
            "eps": -0.73,
            "eps_growth_year": -1925,
            "eps_4q": -1.19,
            "eps_4q_growth_year": -4646.84,
            "roe": -7.22,
            "roe_4q": -11.63,
            "gross_profit": 1560,
            "gross_margin": 0.57,
            "gross_margin_4q_avg": 8.17,
            "net_income": -36955,
            "revenue": 275254,
            "common_shares": 505273,
            "book_valuer_per_share": 9.79,
            "book_valuer_per_share_4q_avg": 10.15,
            "equity": 494545,
            "current_ratio": 121.68,
            "debt_ratio": 62.64,
            "inventory_turnover_ratio": 1.19,
            "account_receivable_turnover_ratio": 1.38,
            "reinvestment_rate": null,
            "research_to_sale_ratio": null,
            "price_fair": 15.4,
            "eps_avg_yearly": 0.44,
            "eps_latest_yearly": 0.16,
            "eps_growth_yearly": 94.44
        },
        "20091": {
            "year_quarter": 20091,
            "year": 2009,
            "quarter": 1,
            "eps": -0.28,
            "eps_growth_year": null,
            "eps_4q": -1.14,
            "eps_4q_growth_year": -2142.45,
            "roe": -2.83,
            "roe_4q": -11.32,
            "gross_profit": 24390,
            "gross_margin": 9.31,
            "gross_margin_4q_avg": 8.24,
            "net_income": -13909,
            "revenue": 261924,
            "common_shares": 505273,
            "book_valuer_per_share": 9.68,
            "book_valuer_per_share_4q_avg": 10.05,
            "equity": 488888,
            "current_ratio": 121.62,
            "debt_ratio": 60.79,
            "inventory_turnover_ratio": 1.24,
            "account_receivable_turnover_ratio": 0.71,
            "reinvestment_rate": null,
            "research_to_sale_ratio": null,
            "price_fair": 15.4,
            "eps_avg_yearly": 0.44,
            "eps_latest_yearly": 0.16,
            "eps_growth_yearly": 94.44
        },
        "20092": {
            "year_quarter": 20092,
            "year": 2009,
            "quarter": 2,
            "eps": 0.01,
            "eps_growth_year": -83.33,
            "eps_4q": -1.19,
            "eps_4q_growth_year": null,
            "roe": 0.14,
            "roe_4q": -11.79,
            "gross_profit": 38348,
            "gross_margin": 11.79,
            "gross_margin_4q_avg": 7.92,
            "net_income": 693,
            "revenue": 325269,
            "common_shares": 505273,
            "book_valuer_per_share": 9.46,
            "book_valuer_per_share_4q_avg": 9.85,
            "equity": 477946,
            "current_ratio": 119.15,
            "debt_ratio": 62.64,
            "inventory_turnover_ratio": 1.77,
            "account_receivable_turnover_ratio": 0.88,
            "reinvestment_rate": null,
            "research_to_sale_ratio": null,
            "price_fair": 15.4,
            "eps_avg_yearly": 0.44,
            "eps_latest_yearly": 0.16,
            "eps_growth_yearly": 94.44
        },
        "20093": {
            "year_quarter": 20093,
            "year": 2009,
            "quarter": 3,
            "eps": 0.18,
            "eps_growth_year": null,
            "eps_4q": -0.82,
            "eps_4q_growth_year": null,
            "roe": 1.89,
            "roe_4q": -8.02,
            "gross_profit": 50145,
            "gross_margin": 13.53,
            "gross_margin_4q_avg": 8.8,
            "net_income": 9070,
            "revenue": 370607,
            "common_shares": 505273,
            "book_valuer_per_share": 9.56,
            "book_valuer_per_share_4q_avg": 9.62,
            "equity": 483154,
            "current_ratio": 117.14,
            "debt_ratio": 62.21,
            "inventory_turnover_ratio": 2.31,
            "account_receivable_turnover_ratio": 0.88,
            "reinvestment_rate": null,
            "research_to_sale_ratio": null,
            "price_fair": 18.67,
            "eps_avg_yearly": 0.53,
            "eps_latest_yearly": 0.72,
            "eps_growth_yearly": 2329.63
        },
        "20094": {
            "year_quarter": 20094,
            "year": 2009,
            "quarter": 4,
            "eps": 0.21,
            "eps_growth_year": null,
            "eps_4q": 0.15,
            "eps_4q_growth_year": null,
            "roe": 2.21,
            "roe_4q": 1.4099999999999993,
            "gross_profit": 55879,
            "gross_margin": 15.16,
            "gross_margin_4q_avg": 12.45,
            "net_income": 10749,
            "revenue": 368566,
            "common_shares": 446725,
            "book_valuer_per_share": 10.96,
            "book_valuer_per_share_4q_avg": 9.92,
            "equity": 489805,
            "current_ratio": 116.33,
            "debt_ratio": 63.52,
            "inventory_turnover_ratio": 2.43,
            "account_receivable_turnover_ratio": 1.65,
            "reinvestment_rate": null,
            "research_to_sale_ratio": null,
            "price_fair": 21.35,
            "eps_avg_yearly": 0.61,
            "eps_latest_yearly": 0.84,
            "eps_growth_yearly": 1763.89
        },
        "20101": {
            "year_quarter": 20101,
            "year": 2010,
            "quarter": 1,
            "eps": 0.12,
            "eps_growth_year": null,
            "eps_4q": 0.58,
            "eps_4q_growth_year": null,
            "roe": 1.06,
            "roe_4q": 5.3,
            "gross_profit": 39845,
            "gross_margin": 13.32,
            "gross_margin_4q_avg": 13.45,
            "net_income": 5232,
            "revenue": 299114,
            "common_shares": 446725,
            "book_valuer_per_share": 11.07,
            "book_valuer_per_share_4q_avg": 10.26,
            "equity": 494421,
            "current_ratio": 118.9,
            "debt_ratio": 60.85,
            "inventory_turnover_ratio": 2,
            "account_receivable_turnover_ratio": 0.64,
            "reinvestment_rate": null,
            "research_to_sale_ratio": 0.27,
            "price_fair": 20.44,
            "eps_avg_yearly": 0.58,
            "eps_latest_yearly": 0.48,
            "eps_growth_yearly": 1376.83
        },
        "20102": {
            "year_quarter": 20102,
            "year": 2010,
            "quarter": 2,
            "eps": -0.02,
            "eps_growth_year": -340.31,
            "eps_4q": 0.4,
            "eps_4q_growth_year": null,
            "roe": -0.24,
            "roe_4q": 4.92,
            "gross_profit": 38364,
            "gross_margin": 11.9,
            "gross_margin_4q_avg": 13.48,
            "net_income": -1434,
            "revenue": 322456,
            "common_shares": 596725,
            "book_valuer_per_share": 11.62,
            "book_valuer_per_share_4q_avg": 10.8,
            "equity": 693282,
            "current_ratio": 143.88,
            "debt_ratio": 53.06,
            "inventory_turnover_ratio": 2.21,
            "account_receivable_turnover_ratio": 0.69,
            "reinvestment_rate": null,
            "research_to_sale_ratio": 0.44,
            "price_fair": 20.44,
            "eps_avg_yearly": 0.58,
            "eps_latest_yearly": 0.48,
            "eps_growth_yearly": 1376.83
        },
        "20103": {
            "year_quarter": 20103,
            "year": 2010,
            "quarter": 3,
            "eps": -0.06,
            "eps_growth_year": -132.73,
            "eps_4q": 0.18,
            "eps_4q_growth_year": null,
            "roe": -0.51,
            "roe_4q": 2.52,
            "gross_profit": 35027,
            "gross_margin": 10.89,
            "gross_margin_4q_avg": 12.82,
            "net_income": -3516,
            "revenue": 321501,
            "common_shares": 596725,
            "book_valuer_per_share": 11.47,
            "book_valuer_per_share_4q_avg": 11.28,
            "equity": 684314,
            "current_ratio": 149.67,
            "debt_ratio": 51.11,
            "inventory_turnover_ratio": 2.16,
            "account_receivable_turnover_ratio": 0.7,
            "reinvestment_rate": null,
            "research_to_sale_ratio": 0.27,
            "price_fair": 20.44,
            "eps_avg_yearly": 0.58,
            "eps_latest_yearly": 0.48,
            "eps_growth_yearly": 1376.83
        },
        "20104": {
            "year_quarter": 20104,
            "year": 2010,
            "quarter": 4,
            "eps": 0.06,
            "eps_growth_year": -71.48,
            "eps_4q": 0.06,
            "eps_4q_growth_year": -56.28,
            "roe": 0.53,
            "roe_4q": 0.8400000000000001,
            "gross_profit": 47432,
            "gross_margin": 16.24,
            "gross_margin_4q_avg": 13.09,
            "net_income": 3574,
            "revenue": 292133,
            "common_shares": 596725,
            "book_valuer_per_share": 11.17,
            "book_valuer_per_share_4q_avg": 11.33,
            "equity": 666489,
            "current_ratio": 140.9,
            "debt_ratio": 51.54,
            "inventory_turnover_ratio": 1.71,
            "account_receivable_turnover_ratio": 0.68,
            "reinvestment_rate": null,
            "research_to_sale_ratio": 0.25,
            "price_fair": 20.44,
            "eps_avg_yearly": 0.58,
            "eps_latest_yearly": 0.48,
            "eps_growth_yearly": 1376.83
        },
        "20111": {
            "year_quarter": 20111,
            "year": 2011,
            "quarter": 1,
            "eps": -0.11,
            "eps_growth_year": -191.67,
            "eps_4q": -0.13,
            "eps_4q_growth_year": -122.81,
            "roe": -0.97,
            "roe_4q": -1.19,
            "gross_profit": 28842,
            "gross_margin": 11.5,
            "gross_margin_4q_avg": 12.63,
            "net_income": -6469,
            "revenue": 250710,
            "common_shares": 596725,
            "book_valuer_per_share": 11.15,
            "book_valuer_per_share_4q_avg": 11.35,
            "equity": 665606,
            "current_ratio": 141.27,
            "debt_ratio": 50.5,
            "inventory_turnover_ratio": 1.44,
            "account_receivable_turnover_ratio": 0.69,
            "reinvestment_rate": null,
            "research_to_sale_ratio": 0.23,
            "price_fair": 20.44,
            "eps_avg_yearly": 0.58,
            "eps_latest_yearly": 0.48,
            "eps_growth_yearly": 1376.83
        },
        "20112": {
            "year_quarter": 20112,
            "year": 2011,
            "quarter": 2,
            "eps": -0.23,
            "eps_growth_year": null,
            "eps_4q": -0.34,
            "eps_4q_growth_year": -185.68,
            "roe": -2.1,
            "roe_4q": -3.05,
            "gross_profit": 24163,
            "gross_margin": 9.57,
            "gross_margin_4q_avg": 12.05,
            "net_income": -13824,
            "revenue": 252539,
            "common_shares": 596725,
            "book_valuer_per_share": 10.87,
            "book_valuer_per_share_4q_avg": 11.17,
            "equity": 648538,
            "current_ratio": 146.04,
            "debt_ratio": 47.73,
            "inventory_turnover_ratio": 1.56,
            "account_receivable_turnover_ratio": 0.69,
            "reinvestment_rate": null,
            "research_to_sale_ratio": 0.26,
            "price_fair": 20.44,
            "eps_avg_yearly": 0.58,
            "eps_latest_yearly": 0.48,
            "eps_growth_yearly": 1376.83
        },
        "20113": {
            "year_quarter": 20113,
            "year": 2011,
            "quarter": 3,
            "eps": -0.13,
            "eps_growth_year": null,
            "eps_4q": -0.41,
            "eps_4q_growth_year": -323.03,
            "roe": -1.2,
            "roe_4q": -3.7399999999999993,
            "gross_profit": 24536,
            "gross_margin": 11.62,
            "gross_margin_4q_avg": 12.23,
            "net_income": -7884,
            "revenue": 211132,
            "common_shares": 596725,
            "book_valuer_per_share": 11.22,
            "book_valuer_per_share_4q_avg": 11.1,
            "equity": 669297,
            "current_ratio": 145.73,
            "debt_ratio": 47.41,
            "inventory_turnover_ratio": 1.32,
            "account_receivable_turnover_ratio": 0.57,
            "reinvestment_rate": null,
            "research_to_sale_ratio": 0.12,
            "price_fair": 19.25,
            "eps_avg_yearly": 0.55,
            "eps_latest_yearly": 0.48,
            "eps_growth_yearly": 1596.03
        },
        "20114": {
            "year_quarter": 20114,
            "year": 2011,
            "quarter": 4,
            "eps": -0.54,
            "eps_growth_year": -1006.88,
            "eps_4q": -1.02,
            "eps_4q_growth_year": -1671.3,
            "roe": -4.96,
            "roe_4q": -9.23,
            "gross_profit": -12383,
            "gross_margin": -6.34,
            "gross_margin_4q_avg": 6.59,
            "net_income": -32412,
            "revenue": 195310,
            "common_shares": 596725,
            "book_valuer_per_share": 10.67,
            "book_valuer_per_share_4q_avg": 10.98,
            "equity": 636539,
            "current_ratio": 141.79,
            "debt_ratio": 45.95,
            "inventory_turnover_ratio": 1.57,
            "account_receivable_turnover_ratio": 0.59,
            "reinvestment_rate": null,
            "research_to_sale_ratio": 0.04,
            "price_fair": 23.8,
            "eps_avg_yearly": 0.68,
            "eps_latest_yearly": 0.48,
            "eps_growth_yearly": 2231.75
        },
        "20121": {
            "year_quarter": 20121,
            "year": 2012,
            "quarter": 1,
            "eps": -0.2,
            "eps_growth_year": null,
            "eps_4q": -1.11,
            "eps_4q_growth_year": null,
            "roe": -1.92,
            "roe_4q": -10.18,
            "gross_profit": 20577,
            "gross_margin": 12.14,
            "gross_margin_4q_avg": 6.75,
            "net_income": -11981,
            "revenue": 169513,
            "common_shares": 596725,
            "book_valuer_per_share": 10.29,
            "book_valuer_per_share_4q_avg": 10.76,
            "equity": 614227,
            "current_ratio": 145.71,
            "debt_ratio": 43.3,
            "inventory_turnover_ratio": 1.28,
            "account_receivable_turnover_ratio": 0.58,
            "reinvestment_rate": null,
            "research_to_sale_ratio": 0.01,
            "price_fair": 23.8,
            "eps_avg_yearly": 0.68,
            "eps_latest_yearly": 0.48,
            "eps_growth_yearly": 2231.75
        },
        "20122": {
            "year_quarter": 20122,
            "year": 2012,
            "quarter": 2,
            "eps": -0.08,
            "eps_growth_year": null,
            "eps_4q": -0.95,
            "eps_4q_growth_year": null,
            "roe": -0.76,
            "roe_4q": -8.84,
            "gross_profit": 24563,
            "gross_margin": 14.03,
            "gross_margin_4q_avg": 7.86,
            "net_income": -4685,
            "revenue": 175089,
            "common_shares": 596725,
            "book_valuer_per_share": 10.24,
            "book_valuer_per_share_4q_avg": 10.61,
            "equity": 610894,
            "current_ratio": 143.74,
            "debt_ratio": 43.96,
            "inventory_turnover_ratio": 1.35,
            "account_receivable_turnover_ratio": 0.64,
            "reinvestment_rate": null,
            "research_to_sale_ratio": 0,
            "price_fair": 23.8,
            "eps_avg_yearly": 0.68,
            "eps_latest_yearly": 0.48,
            "eps_growth_yearly": 2231.75
        },
        "20123": {
            "year_quarter": 20123,
            "year": 2012,
            "quarter": 3,
            "eps": -0.45,
            "eps_growth_year": null,
            "eps_4q": -1.28,
            "eps_4q_growth_year": null,
            "roe": -4.55,
            "roe_4q": -12.19,
            "gross_profit": 2398,
            "gross_margin": 1.55,
            "gross_margin_4q_avg": 5.35,
            "net_income": -27101,
            "revenue": 154562,
            "common_shares": 596725,
            "book_valuer_per_share": 9.72,
            "book_valuer_per_share_4q_avg": 10.23,
            "equity": 580300,
            "current_ratio": 135.85,
            "debt_ratio": 44.41,
            "inventory_turnover_ratio": 1.41,
            "account_receivable_turnover_ratio": 0.61,
            "reinvestment_rate": null,
            "research_to_sale_ratio": 0,
            "price_fair": 23.8,
            "eps_avg_yearly": 0.68,
            "eps_latest_yearly": 0.48,
            "eps_growth_yearly": 2231.75
        },
        "20124": {
            "year_quarter": 20124,
            "year": 2012,
            "quarter": 4,
            "eps": 0.16,
            "eps_growth_year": null,
            "eps_4q": -0.58,
            "eps_4q_growth_year": null,
            "roe": 1.61,
            "roe_4q": -5.619999999999999,
            "gross_profit": 12607,
            "gross_margin": 8.47,
            "gross_margin_4q_avg": 9.05,
            "net_income": 9420,
            "revenue": 148830,
            "common_shares": 596725,
            "book_valuer_per_share": 9.88,
            "book_valuer_per_share_4q_avg": 10.03,
            "equity": 589647,
            "current_ratio": 158.08,
            "debt_ratio": 36.72,
            "inventory_turnover_ratio": 1.27,
            "account_receivable_turnover_ratio": 0.68,
            "reinvestment_rate": null,
            "research_to_sale_ratio": 0,
            "price_fair": 23.8,
            "eps_avg_yearly": 0.68,
            "eps_latest_yearly": 0.48,
            "eps_growth_yearly": 2231.75
        },
        "20131": {
            "year_quarter": 20131,
            "year": 2013,
            "quarter": 1,
            "eps": -0.54,
            "eps_growth_year": null,
            "eps_4q": -0.91,
            "eps_4q_growth_year": null,
            "roe": -5.54,
            "roe_4q": -9.24,
            "gross_profit": -210,
            "gross_margin": -0.15,
            "gross_margin_4q_avg": 5.98,
            "net_income": -31969,
            "revenue": 143787,
            "common_shares": 596725,
            "book_valuer_per_share": 9.45,
            "book_valuer_per_share_4q_avg": 9.82,
            "equity": 564200,
            "current_ratio": 150.49,
            "debt_ratio": 39.97,
            "inventory_turnover_ratio": 1.36,
            "account_receivable_turnover_ratio": 0.68,
            "reinvestment_rate": null,
            "research_to_sale_ratio": 0,
            "price_fair": 23.8,
            "eps_avg_yearly": 0.68,
            "eps_latest_yearly": 0.48,
            "eps_growth_yearly": 2231.75
        },
        "20132": {
            "year_quarter": 20132,
            "year": 2013,
            "quarter": 2,
            "eps": -0.45,
            "eps_growth_year": null,
            "eps_4q": -1.21,
            "eps_4q_growth_year": null,
            "roe": -4.95,
            "roe_4q": -13.43,
            "gross_profit": 12366,
            "gross_margin": 7.61,
            "gross_margin_4q_avg": 4.37,
            "net_income": -27386,
            "revenue": 162571,
            "common_shares": 596725,
            "book_valuer_per_share": 9.07,
            "book_valuer_per_share_4q_avg": 9.53,
            "equity": 541514,
            "current_ratio": 141.14,
            "debt_ratio": 40.57,
            "inventory_turnover_ratio": 1.25,
            "account_receivable_turnover_ratio": 0.76,
            "reinvestment_rate": null,
            "research_to_sale_ratio": 0,
            "price_fair": 23.8,
            "eps_avg_yearly": 0.68,
            "eps_latest_yearly": 0.48,
            "eps_growth_yearly": 2231.75
        },
        "20133": {
            "year_quarter": 20133,
            "year": 2013,
            "quarter": 3,
            "eps": -0.28,
            "eps_growth_year": null,
            "eps_4q": -1.11,
            "eps_4q_growth_year": null,
            "roe": -3.12,
            "roe_4q": -12,
            "gross_profit": 13005,
            "gross_margin": 7.69,
            "gross_margin_4q_avg": 5.91,
            "net_income": -16595,
            "revenue": 169185,
            "common_shares": 596725,
            "book_valuer_per_share": 8.72,
            "book_valuer_per_share_4q_avg": 9.28,
            "equity": 520638,
            "current_ratio": 135.5,
            "debt_ratio": 42.13,
            "inventory_turnover_ratio": 1.23,
            "account_receivable_turnover_ratio": 0.75,
            "reinvestment_rate": null,
            "research_to_sale_ratio": 0,
            "price_fair": 1.98,
            "eps_avg_yearly": 0.66,
            "eps_latest_yearly": 0.48,
            "eps_growth_yearly": -52.38
        },
        "20134": {
            "year_quarter": 20134,
            "year": 2013,
            "quarter": 4,
            "eps": -0.41,
            "eps_growth_year": -357.73,
            "eps_4q": -1.67,
            "eps_4q_growth_year": null,
            "roe": -5.86,
            "roe_4q": -19.47,
            "gross_profit": 1680,
            "gross_margin": 0.99,
            "gross_margin_4q_avg": 4.04,
            "net_income": -29781,
            "revenue": 169338,
            "common_shares": 596725,
            "book_valuer_per_share": 8.32,
            "book_valuer_per_share_4q_avg": 8.89,
            "equity": 496360,
            "current_ratio": 127.59,
            "debt_ratio": 46.62,
            "inventory_turnover_ratio": 1.38,
            "account_receivable_turnover_ratio": 0.67,
            "reinvestment_rate": null,
            "research_to_sale_ratio": 0,
            "price_fair": 1.44,
            "eps_avg_yearly": 0.48,
            "eps_latest_yearly": 0.48,
            "eps_growth_yearly": -171.43
        },
        "20141": {
            "year_quarter": 20141,
            "year": 2014,
            "quarter": 1,
            "eps": -0.7,
            "eps_growth_year": null,
            "eps_4q": -1.83,
            "eps_4q_growth_year": null,
            "roe": -8.72,
            "roe_4q": -22.650000000000002,
            "gross_profit": -10666,
            "gross_margin": -7.41,
            "gross_margin_4q_avg": 2.22,
            "net_income": -41494,
            "revenue": 143856,
            "common_shares": 596725,
            "book_valuer_per_share": 7.62,
            "book_valuer_per_share_4q_avg": 8.43,
            "equity": 454952,
            "current_ratio": 115.68,
            "debt_ratio": 50.08,
            "inventory_turnover_ratio": 1.25,
            "account_receivable_turnover_ratio": 0.58,
            "reinvestment_rate": null,
            "research_to_sale_ratio": 0.02,
            "price_fair": 0,
            "eps_avg_yearly": 0,
            "eps_latest_yearly": 0,
            "eps_growth_yearly": 0
        },
        "20142": {
            "year_quarter": 20142,
            "year": 2014,
            "quarter": 2,
            "eps": -0.57,
            "eps_growth_year": null,
            "eps_4q": -2.09,
            "eps_4q_growth_year": null,
            "roe": -7.83,
            "roe_4q": -25.53,
            "gross_profit": -7335,
            "gross_margin": -5.37,
            "gross_margin_4q_avg": -1.03,
            "net_income": -34112,
            "revenue": 136692,
            "common_shares": 596725,
            "book_valuer_per_share": 6.99,
            "book_valuer_per_share_4q_avg": 7.91,
            "equity": 416907,
            "current_ratio": 108.31,
            "debt_ratio": 49.25,
            "inventory_turnover_ratio": 1.26,
            "account_receivable_turnover_ratio": 0.62,
            "reinvestment_rate": null,
            "research_to_sale_ratio": 0.02,
            "price_fair": 0,
            "eps_avg_yearly": 0,
            "eps_latest_yearly": 0,
            "eps_growth_yearly": 0
        },
        "20143": {
            "year_quarter": 20143,
            "year": 2014,
            "quarter": 3,
            "eps": -0.38,
            "eps_growth_year": null,
            "eps_4q": -2.12,
            "eps_4q_growth_year": null,
            "roe": -5.6,
            "roe_4q": -28.009999999999998,
            "gross_profit": 5534,
            "gross_margin": 3.72,
            "gross_margin_4q_avg": -2.02,
            "net_income": -22871,
            "revenue": 148874,
            "common_shares": 596725,
            "book_valuer_per_share": 6.7,
            "book_valuer_per_share_4q_avg": 7.41,
            "equity": 399766,
            "current_ratio": 103.14,
            "debt_ratio": 49.67,
            "inventory_turnover_ratio": 1.46,
            "account_receivable_turnover_ratio": 0.72,
            "reinvestment_rate": null,
            "research_to_sale_ratio": 0.02,
            "price_fair": 0,
            "eps_avg_yearly": 0,
            "eps_latest_yearly": 0,
            "eps_growth_yearly": 0
        },
        "20144": {
            "year_quarter": 20144,
            "year": 2014,
            "quarter": 4,
            "eps": -0.4,
            "eps_growth_year": null,
            "eps_4q": -2.11,
            "eps_4q_growth_year": null,
            "roe": -6.03,
            "roe_4q": -28.18,
            "gross_profit": 2529,
            "gross_margin": 1.96,
            "gross_margin_4q_avg": -1.78,
            "net_income": -23613,
            "revenue": 129005,
            "common_shares": 596725,
            "book_valuer_per_share": 6.42,
            "book_valuer_per_share_4q_avg": 6.93,
            "equity": 383105,
            "current_ratio": 99.6,
            "debt_ratio": 49.9,
            "inventory_turnover_ratio": 1.32,
            "account_receivable_turnover_ratio": 0.68,
            "reinvestment_rate": null,
            "research_to_sale_ratio": 0.02,
            "price_fair": 0,
            "eps_avg_yearly": 0,
            "eps_latest_yearly": 0,
            "eps_growth_yearly": 0
        },
        "20151": {
            "year_quarter": 20151,
            "year": 2015,
            "quarter": 1,
            "eps": -0.26,
            "eps_growth_year": null,
            "eps_4q": -1.92,
            "eps_4q_growth_year": null,
            "roe": -2.76,
            "roe_4q": -22.22,
            "gross_profit": 5521,
            "gross_margin": 5.22,
            "gross_margin_4q_avg": 1.38,
            "net_income": -11956,
            "revenue": 105803,
            "common_shares": 513335,
            "book_valuer_per_share": 9.43,
            "book_valuer_per_share_4q_avg": 7.39,
            "equity": 484119,
            "current_ratio": 134.54,
            "debt_ratio": 39.57,
            "inventory_turnover_ratio": 1.01,
            "account_receivable_turnover_ratio": 0.68,
            "reinvestment_rate": null,
            "research_to_sale_ratio": 0,
            "price_fair": 0,
            "eps_avg_yearly": 0,
            "eps_latest_yearly": 0,
            "eps_growth_yearly": 0
        },
        "20152": {
            "year_quarter": 20152,
            "year": 2015,
            "quarter": 2,
            "eps": -0.29,
            "eps_growth_year": null,
            "eps_4q": -1.52,
            "eps_4q_growth_year": null,
            "roe": -3.09,
            "roe_4q": -17.479999999999997,
            "gross_profit": 10156,
            "gross_margin": 9.38,
            "gross_margin_4q_avg": 5.07,
            "net_income": -14704,
            "revenue": 108263,
            "common_shares": 513335,
            "book_valuer_per_share": 9.09,
            "book_valuer_per_share_4q_avg": 7.91,
            "equity": 466427,
            "current_ratio": 138.02,
            "debt_ratio": 40.23,
            "inventory_turnover_ratio": 1.01,
            "account_receivable_turnover_ratio": 0.84,
            "reinvestment_rate": null,
            "research_to_sale_ratio": 0.17,
            "price_fair": 0,
            "eps_avg_yearly": 0,
            "eps_latest_yearly": 0,
            "eps_growth_yearly": 0
        },
        "20153": {
            "year_quarter": 20153,
            "year": 2015,
            "quarter": 3,
            "eps": -0.38,
            "eps_growth_year": null,
            "eps_4q": -1.31,
            "eps_4q_growth_year": null,
            "roe": -4.28,
            "roe_4q": -16.16,
            "gross_profit": 6576,
            "gross_margin": 6.44,
            "gross_margin_4q_avg": 5.75,
            "net_income": -19689,
            "revenue": 102064,
            "common_shares": 513335,
            "book_valuer_per_share": 8.86,
            "book_valuer_per_share_4q_avg": 8.45,
            "equity": 454670,
            "current_ratio": 150.4,
            "debt_ratio": 39.29,
            "inventory_turnover_ratio": 1.04,
            "account_receivable_turnover_ratio": 0.79,
            "reinvestment_rate": null,
            "research_to_sale_ratio": 0.04,
            "price_fair": 0,
            "eps_avg_yearly": 0,
            "eps_latest_yearly": 0,
            "eps_growth_yearly": 0
        },
        "20154": {
            "year_quarter": 20154,
            "year": 2015,
            "quarter": 4,
            "eps": -0.75,
            "eps_growth_year": null,
            "eps_4q": -1.6,
            "eps_4q_growth_year": null,
            "roe": -8.21,
            "roe_4q": -18.340000000000003,
            "gross_profit": 6317,
            "gross_margin": 6.08,
            "gross_margin_4q_avg": 6.78,
            "net_income": -35599,
            "revenue": 103888,
            "common_shares": 513335,
            "book_valuer_per_share": 8.04,
            "book_valuer_per_share_4q_avg": 8.86,
            "equity": 412831,
            "current_ratio": 132.38,
            "debt_ratio": 47.27,
            "inventory_turnover_ratio": 1.15,
            "account_receivable_turnover_ratio": 0.83,
            "reinvestment_rate": null,
            "research_to_sale_ratio": 0.04,
            "price_fair": 0,
            "eps_avg_yearly": 0,
            "eps_latest_yearly": 0,
            "eps_growth_yearly": 0
        },
        "20161": {
            "year_quarter": 20161,
            "year": 2016,
            "quarter": 1,
            "eps": 0.09,
            "eps_growth_year": null,
            "eps_4q": -1.23,
            "eps_4q_growth_year": null,
            "roe": 1.16,
            "roe_4q": -14.420000000000002,
            "gross_profit": 15398,
            "gross_margin": 16.37,
            "gross_margin_4q_avg": 9.57,
            "net_income": 4817,
            "revenue": 94053,
            "common_shares": 513335,
            "book_valuer_per_share": 8.12,
            "book_valuer_per_share_4q_avg": 8.53,
            "equity": 416782,
            "current_ratio": 119.05,
            "debt_ratio": 47.46,
            "inventory_turnover_ratio": 0.99,
            "account_receivable_turnover_ratio": 0.72,
            "reinvestment_rate": null,
            "research_to_sale_ratio": 0.12,
            "price_fair": 0,
            "eps_avg_yearly": 0,
            "eps_latest_yearly": 0,
            "eps_growth_yearly": 0
        },
        "20162": {
            "year_quarter": 20162,
            "year": 2016,
            "quarter": 2,
            "eps": -0.27,
            "eps_growth_year": null,
            "eps_4q": -1.23,
            "eps_4q_growth_year": null,
            "roe": -3.35,
            "roe_4q": -14.680000000000003,
            "gross_profit": 12999,
            "gross_margin": 12.58,
            "gross_margin_4q_avg": 10.37,
            "net_income": -13662,
            "revenue": 103291,
            "common_shares": 513335,
            "book_valuer_per_share": 7.77,
            "book_valuer_per_share_4q_avg": 8.2,
            "equity": 399044,
            "current_ratio": 112.99,
            "debt_ratio": 51.76,
            "inventory_turnover_ratio": 1.17,
            "account_receivable_turnover_ratio": 0.68,
            "reinvestment_rate": null,
            "research_to_sale_ratio": 0.7,
            "price_fair": 0,
            "eps_avg_yearly": 0,
            "eps_latest_yearly": 0,
            "eps_growth_yearly": 0
        },
        "20163": {
            "year_quarter": 20163,
            "year": 2016,
            "quarter": 3,
            "eps": -0.34,
            "eps_growth_year": null,
            "eps_4q": -1.45,
            "eps_4q_growth_year": null,
            "roe": -4.55,
            "roe_4q": -14.950000000000001,
            "gross_profit": 10734,
            "gross_margin": 9.61,
            "gross_margin_4q_avg": 11.16,
            "net_income": -17622,
            "revenue": 111739,
            "common_shares": 513335,
            "book_valuer_per_share": 7.33,
            "book_valuer_per_share_4q_avg": 7.82,
            "equity": 376253,
            "current_ratio": 105.32,
            "debt_ratio": 52.47,
            "inventory_turnover_ratio": 1.28,
            "account_receivable_turnover_ratio": 0.73,
            "reinvestment_rate": null,
            "research_to_sale_ratio": 1.22,
            "price_fair": 0,
            "eps_avg_yearly": 0,
            "eps_latest_yearly": 0,
            "eps_growth_yearly": 0
        },
        "20164": {
            "year_quarter": 20164,
            "year": 2016,
            "quarter": 4,
            "eps": -0.06,
            "eps_growth_year": null,
            "eps_4q": -0.76,
            "eps_4q_growth_year": null,
            "roe": -3.59,
            "roe_4q": -10.33,
            "gross_profit": 18902,
            "gross_margin": 15.7,
            "gross_margin_4q_avg": 13.57,
            "net_income": -13211,
            "revenue": 120401,
            "common_shares": 513335,
            "book_valuer_per_share": 7.02,
            "book_valuer_per_share_4q_avg": 7.56,
            "equity": 360461,
            "current_ratio": 101.96,
            "debt_ratio": 50.53,
            "inventory_turnover_ratio": 1.11,
            "account_receivable_turnover_ratio": 0.82,
            "reinvestment_rate": null,
            "research_to_sale_ratio": 0.62,
            "price_fair": 0,
            "eps_avg_yearly": 0,
            "eps_latest_yearly": 0,
            "eps_growth_yearly": 0
        },
        "20171": {
            "year_quarter": 20171,
            "year": 2017,
            "quarter": 1,
            "eps": -0.36,
            "eps_growth_year": -500,
            "eps_4q": -1.21,
            "eps_4q_growth_year": null,
            "roe": -5.29,
            "roe_4q": -16.78,
            "gross_profit": 9713,
            "gross_margin": 7.13,
            "gross_margin_4q_avg": 11.26,
            "net_income": -18366,
            "revenue": 136197,
            "common_shares": 513335,
            "book_valuer_per_share": 6.51,
            "book_valuer_per_share_4q_avg": 7.16,
            "equity": 334101,
            "current_ratio": 95.59,
            "debt_ratio": 54.25,
            "inventory_turnover_ratio": 1.23,
            "account_receivable_turnover_ratio": 0.9,
            "reinvestment_rate": null,
            "research_to_sale_ratio": 0.61,
            "price_fair": 0,
            "eps_avg_yearly": 0,
            "eps_latest_yearly": 0,
            "eps_growth_yearly": 0
        },
        "20172": {
            "year_quarter": 20172,
            "year": 2017,
            "quarter": 2,
            "eps": -0.52,
            "eps_growth_year": null,
            "eps_4q": -1.38,
            "eps_4q_growth_year": null,
            "roe": -8.3,
            "roe_4q": -21.73,
            "gross_profit": 10111,
            "gross_margin": 6.59,
            "gross_margin_4q_avg": 9.76,
            "net_income": -26746,
            "revenue": 153487,
            "common_shares": 513335,
            "book_valuer_per_share": 6.04,
            "book_valuer_per_share_4q_avg": 6.73,
            "equity": 310259,
            "current_ratio": 88.6,
            "debt_ratio": 57.76,
            "inventory_turnover_ratio": 1.42,
            "account_receivable_turnover_ratio": 0.97,
            "reinvestment_rate": null,
            "research_to_sale_ratio": 0.56,
            "price_fair": 0,
            "eps_avg_yearly": 0,
            "eps_latest_yearly": 0,
            "eps_growth_yearly": 0
        },
        "20173": {
            "year_quarter": 20173,
            "year": 2017,
            "quarter": 3,
            "eps": -0.33,
            "eps_growth_year": null,
            "eps_4q": -1.27,
            "eps_4q_growth_year": null,
            "roe": -5.57,
            "roe_4q": -22.75,
            "gross_profit": 8786,
            "gross_margin": 7.16,
            "gross_margin_4q_avg": 9.15,
            "net_income": -16871,
            "revenue": 122625,
            "common_shares": 513335,
            "book_valuer_per_share": 5.76,
            "book_valuer_per_share_4q_avg": 6.33,
            "equity": 295753,
            "current_ratio": 85.33,
            "debt_ratio": 57.71,
            "inventory_turnover_ratio": 1.23,
            "account_receivable_turnover_ratio": 0.78,
            "reinvestment_rate": null,
            "research_to_sale_ratio": 0.39,
            "price_fair": 0,
            "eps_avg_yearly": 0,
            "eps_latest_yearly": 0,
            "eps_growth_yearly": 0
        },
        "20174": {
            "year_quarter": 20174,
            "year": 2017,
            "quarter": 4,
            "eps": -0.53,
            "eps_growth_year": null,
            "eps_4q": -1.73,
            "eps_4q_growth_year": null,
            "roe": -9.51,
            "roe_4q": -28.67,
            "gross_profit": 7953,
            "gross_margin": 6.65,
            "gross_margin_4q_avg": 6.88,
            "net_income": -27017,
            "revenue": 119668,
            "common_shares": 513335,
            "book_valuer_per_share": 5.3,
            "book_valuer_per_share_4q_avg": 5.9,
            "equity": 272292,
            "current_ratio": 78.93,
            "debt_ratio": 58.64,
            "inventory_turnover_ratio": 1.43,
            "account_receivable_turnover_ratio": 0.78,
            "reinvestment_rate": null,
            "research_to_sale_ratio": 0.25,
            "price_fair": 0,
            "eps_avg_yearly": 0,
            "eps_latest_yearly": 0,
            "eps_growth_yearly": 0
        },
        "20181": {
            "year_quarter": 20181,
            "year": 2018,
            "quarter": 1,
            "eps": -0.19,
            "eps_growth_year": null,
            "eps_4q": -1.57,
            "eps_4q_growth_year": null,
            "roe": -3.71,
            "roe_4q": -27.09,
            "gross_profit": 9142,
            "gross_margin": 8.26,
            "gross_margin_4q_avg": 7.17,
            "net_income": -9973,
            "revenue": 110612,
            "common_shares": 513335,
            "book_valuer_per_share": 5.17,
            "book_valuer_per_share_4q_avg": 5.57,
            "equity": 265178,
            "current_ratio": 75.84,
            "debt_ratio": 58.85,
            "inventory_turnover_ratio": 1.61,
            "account_receivable_turnover_ratio": 0.76,
            "reinvestment_rate": null,
            "research_to_sale_ratio": 0.16,
            "price_fair": 0,
            "eps_avg_yearly": 0,
            "eps_latest_yearly": 0,
            "eps_growth_yearly": 0
        },
        "20182": {
            "year_quarter": 20182,
            "year": 2018,
            "quarter": 2,
            "eps": -0.56,
            "eps_growth_year": null,
            "eps_4q": -2.05,
            "eps_4q_growth_year": null,
            "roe": -7.88,
            "roe_4q": -26.67,
            "gross_profit": 6239,
            "gross_margin": 5.65,
            "gross_margin_4q_avg": 6.93,
            "net_income": -20044,
            "revenue": 110398,
            "common_shares": 360380,
            "book_valuer_per_share": 6.76,
            "book_valuer_per_share_4q_avg": 5.75,
            "equity": 243620,
            "current_ratio": 71.45,
            "debt_ratio": 61.44,
            "inventory_turnover_ratio": 1.91,
            "account_receivable_turnover_ratio": 0.77,
            "reinvestment_rate": null,
            "research_to_sale_ratio": 0.12,
            "price_fair": 0,
            "eps_avg_yearly": 0,
            "eps_latest_yearly": 0,
            "eps_growth_yearly": 0
        },
        "20183": {
            "year_quarter": 20183,
            "year": 2018,
            "quarter": 3,
            "eps": -0.52,
            "eps_growth_year": null,
            "eps_4q": -2.1,
            "eps_4q_growth_year": null,
            "roe": -8.1,
            "roe_4q": -29.200000000000003,
            "gross_profit": 3708,
            "gross_margin": 3.23,
            "gross_margin_4q_avg": 5.95,
            "net_income": -18775,
            "revenue": 114897,
            "common_shares": 360380,
            "book_valuer_per_share": 6.1,
            "book_valuer_per_share_4q_avg": 5.83,
            "equity": 219983,
            "current_ratio": 66.41,
            "debt_ratio": 63.72,
            "inventory_turnover_ratio": 2.24,
            "account_receivable_turnover_ratio": 0.74,
            "reinvestment_rate": null,
            "research_to_sale_ratio": 0.11,
            "price_fair": 0,
            "eps_avg_yearly": 0,
            "eps_latest_yearly": 0,
            "eps_growth_yearly": 0
        },
        "20184": {
            "year_quarter": 20184,
            "year": 2018,
            "quarter": 4,
            "eps": -0.54,
            "eps_growth_year": null,
            "eps_4q": -1.89,
            "eps_4q_growth_year": null,
            "roe": -9.24,
            "roe_4q": -28.93,
            "gross_profit": 6822,
            "gross_margin": 6.35,
            "gross_margin_4q_avg": 5.87,
            "net_income": -19437,
            "revenue": 107356,
            "common_shares": 360380,
            "book_valuer_per_share": 5.57,
            "book_valuer_per_share_4q_avg": 5.9,
            "equity": 200669,
            "current_ratio": 64.14,
            "debt_ratio": 66.67,
            "inventory_turnover_ratio": 2.05,
            "account_receivable_turnover_ratio": 0.68,
            "reinvestment_rate": null,
            "research_to_sale_ratio": 0.09,
            "price_fair": 0,
            "eps_avg_yearly": 0,
            "eps_latest_yearly": 0,
            "eps_growth_yearly": 0
        },
        "20191": {
            "year_quarter": 20191,
            "year": 2019,
            "quarter": 1,
            "eps": -0.08,
            "eps_growth_year": null,
            "eps_4q": -1.69,
            "eps_4q_growth_year": null,
            "roe": -1.35,
            "roe_4q": -26.569999999999997,
            "gross_profit": 9018,
            "gross_margin": 9.13,
            "gross_margin_4q_avg": 6.09,
            "net_income": -2714,
            "revenue": 98799,
            "common_shares": 360380,
            "book_valuer_per_share": 5.59,
            "book_valuer_per_share_4q_avg": 6.01,
            "equity": 201354,
            "current_ratio": 59.88,
            "debt_ratio": 65.98,
            "inventory_turnover_ratio": 1.86,
            "account_receivable_turnover_ratio": 0.71,
            "reinvestment_rate": null,
            "research_to_sale_ratio": 0.12,
            "price_fair": 0,
            "eps_avg_yearly": 0,
            "eps_latest_yearly": 0,
            "eps_growth_yearly": 0
        },
        "20192": {
            "year_quarter": 20192,
            "year": 2019,
            "quarter": 2,
            "eps": -0.31,
            "eps_growth_year": null,
            "eps_4q": -1.44,
            "eps_4q_growth_year": null,
            "roe": -5.65,
            "roe_4q": -24.340000000000003,
            "gross_profit": 8920,
            "gross_margin": 9.19,
            "gross_margin_4q_avg": 6.98,
            "net_income": -11017,
            "revenue": 97029,
            "common_shares": 360380,
            "book_valuer_per_share": 5.23,
            "book_valuer_per_share_4q_avg": 5.62,
            "equity": 188500,
            "current_ratio": 57.88,
            "debt_ratio": 67.53,
            "inventory_turnover_ratio": 1.86,
            "account_receivable_turnover_ratio": 0.81,
            "reinvestment_rate": null,
            "research_to_sale_ratio": 0.11,
            "price_fair": 0,
            "eps_avg_yearly": 0,
            "eps_latest_yearly": 0,
            "eps_growth_yearly": 0
        },
        "20193": {
            "year_quarter": 20193,
            "year": 2019,
            "quarter": 3,
            "eps": -0.36,
            "eps_growth_year": null,
            "eps_4q": -1.28,
            "eps_4q_growth_year": null,
            "roe": -7.19,
            "roe_4q": -23.43,
            "gross_profit": 13243,
            "gross_margin": 11.62,
            "gross_margin_4q_avg": 9.07,
            "net_income": -12888,
            "revenue": 113920,
            "common_shares": 360380,
            "book_valuer_per_share": 4.72,
            "book_valuer_per_share_4q_avg": 5.28,
            "equity": 170196,
            "current_ratio": 56.31,
            "debt_ratio": 69.9,
            "inventory_turnover_ratio": 2.28,
            "account_receivable_turnover_ratio": 0.93,
            "reinvestment_rate": null,
            "research_to_sale_ratio": 0.11,
            "price_fair": 0,
            "eps_avg_yearly": 0,
            "eps_latest_yearly": 0,
            "eps_growth_yearly": 0
        },
        "20194": {
            "year_quarter": 20194,
            "year": 2019,
            "quarter": 4,
            "eps": -0.44,
            "eps_growth_year": null,
            "eps_4q": -1.18,
            "eps_4q_growth_year": null,
            "roe": -9.82,
            "roe_4q": -24.010000000000005,
            "gross_profit": 12381,
            "gross_margin": 11.7,
            "gross_margin_4q_avg": 10.41,
            "net_income": -15851,
            "revenue": 105835,
            "common_shares": 360380,
            "book_valuer_per_share": 4.24,
            "book_valuer_per_share_4q_avg": 4.95,
            "equity": 152790,
            "current_ratio": 56.54,
            "debt_ratio": 72.64,
            "inventory_turnover_ratio": 2.29,
            "account_receivable_turnover_ratio": 0.79,
            "reinvestment_rate": null,
            "research_to_sale_ratio": 0.09,
            "price_fair": 0,
            "eps_avg_yearly": 0,
            "eps_latest_yearly": 0,
            "eps_growth_yearly": 0
        },
        "20201": {
            "year_quarter": 20201,
            "year": 2020,
            "quarter": 1,
            "eps": -0.64,
            "eps_growth_year": null,
            "eps_4q": -1.74,
            "eps_4q_growth_year": null,
            "roe": -16.23,
            "roe_4q": -38.89,
            "gross_profit": 8192,
            "gross_margin": 8.86,
            "gross_margin_4q_avg": 10.34,
            "net_income": -23037,
            "revenue": 92459,
            "common_shares": 360380,
            "book_valuer_per_share": 3.64,
            "book_valuer_per_share_4q_avg": 4.46,
            "equity": 131138,
            "current_ratio": 53.5,
            "debt_ratio": 76.43,
            "inventory_turnover_ratio": 1.98,
            "account_receivable_turnover_ratio": 0.7,
            "reinvestment_rate": null,
            "research_to_sale_ratio": 0.27,
            "price_fair": 0,
            "eps_avg_yearly": 0,
            "eps_latest_yearly": 0,
            "eps_growth_yearly": 0
        },
        "20202": {
            "year_quarter": 20202,
            "year": 2020,
            "quarter": 2,
            "eps": -0.55,
            "eps_growth_year": null,
            "eps_4q": -1.99,
            "eps_4q_growth_year": null,
            "roe": -16.69,
            "roe_4q": -49.93,
            "gross_profit": 6863,
            "gross_margin": 7.86,
            "gross_margin_4q_avg": 10.01,
            "net_income": -19834,
            "revenue": 87347,
            "common_shares": 360380,
            "book_valuer_per_share": 2.96,
            "book_valuer_per_share_4q_avg": 3.89,
            "equity": 106582,
            "current_ratio": 49.7,
            "debt_ratio": 79.22,
            "inventory_turnover_ratio": 2,
            "account_receivable_turnover_ratio": 0.73,
            "reinvestment_rate": null,
            "research_to_sale_ratio": 0.15,
            "price_fair": 0,
            "eps_avg_yearly": 0,
            "eps_latest_yearly": 0,
            "eps_growth_yearly": 0
        },
        "20203": {
            "year_quarter": 20203,
            "year": 2020,
            "quarter": 3,
            "eps": 0.03,
            "eps_growth_year": null,
            "eps_4q": -1.6,
            "eps_4q_growth_year": null,
            "roe": 1.02,
            "roe_4q": -41.72,
            "gross_profit": 15105,
            "gross_margin": 14.68,
            "gross_margin_4q_avg": 10.78,
            "net_income": 1106,
            "revenue": 102908,
            "common_shares": 360380,
            "book_valuer_per_share": 3.05,
            "book_valuer_per_share_4q_avg": 3.47,
            "equity": 109989,
            "current_ratio": 53.29,
            "debt_ratio": 79.68,
            "inventory_turnover_ratio": 2.33,
            "account_receivable_turnover_ratio": 0.84,
            "reinvestment_rate": null,
            "research_to_sale_ratio": 0.08,
            "price_fair": 0,
            "eps_avg_yearly": 0,
            "eps_latest_yearly": 0,
            "eps_growth_yearly": 0
        },
        "20204": {
            "year_quarter": 20204,
            "year": 2020,
            "quarter": 4,
            "eps": 0.02,
            "eps_growth_year": null,
            "eps_4q": -1.14,
            "eps_4q_growth_year": null,
            "roe": 0.74,
            "roe_4q": -31.160000000000004,
            "gross_profit": 29612,
            "gross_margin": 24.01,
            "gross_margin_4q_avg": 13.85,
            "net_income": 825,
            "revenue": 123326,
            "common_shares": 360380,
            "book_valuer_per_share": 3.16,
            "book_valuer_per_share_4q_avg": 3.2,
            "equity": 113946,
            "current_ratio": 122.8,
            "debt_ratio": 81.64,
            "inventory_turnover_ratio": 2.35,
            "account_receivable_turnover_ratio": 0.89,
            "reinvestment_rate": null,
            "research_to_sale_ratio": 0.03,
            "price_fair": 0.24,
            "eps_avg_yearly": 0.08,
            "eps_latest_yearly": 0.08,
            "eps_growth_yearly": -133.33
        },
        "20211": {
            "year_quarter": 20211,
            "year": 2021,
            "quarter": 1,
            "eps": 0.02,
            "eps_growth_year": null,
            "eps_4q": -0.47,
            "eps_4q_growth_year": null,
            "roe": 0.77,
            "roe_4q": -14.16,
            "gross_profit": 15532,
            "gross_margin": 14.78,
            "gross_margin_4q_avg": 15.33,
            "net_income": 880,
            "revenue": 105101,
            "common_shares": 360380,
            "book_valuer_per_share": 3.16,
            "book_valuer_per_share_4q_avg": 3.08,
            "equity": 113880,
            "current_ratio": 126.15,
            "debt_ratio": 80.21,
            "inventory_turnover_ratio": 2.06,
            "account_receivable_turnover_ratio": 0.76,
            "reinvestment_rate": null,
            "research_to_sale_ratio": 0.11,
            "price_fair": 0.24,
            "eps_avg_yearly": 0.08,
            "eps_latest_yearly": 0.08,
            "eps_growth_yearly": -66.67
        },
        "20212": {
            "year_quarter": 20212,
            "year": 2021,
            "quarter": 2,
            "eps": -0.39,
            "eps_growth_year": null,
            "eps_4q": -0.32,
            "eps_4q_growth_year": null,
            "roe": -13.52,
            "roe_4q": -10.99,
            "gross_profit": 5224,
            "gross_margin": 4.83,
            "gross_margin_4q_avg": 14.58,
            "net_income": -14369,
            "revenue": 108191,
            "common_shares": 360380,
            "book_valuer_per_share": 2.74,
            "book_valuer_per_share_4q_avg": 3.03,
            "equity": 98604,
            "current_ratio": 117.7,
            "debt_ratio": 82.4,
            "inventory_turnover_ratio": 2.24,
            "account_receivable_turnover_ratio": 0.79,
            "reinvestment_rate": null,
            "research_to_sale_ratio": 0.08,
            "price_fair": 0.24,
            "eps_avg_yearly": 0.08,
            "eps_latest_yearly": 0.08,
            "eps_growth_yearly": -66.67
        },
        "20213": {
            "year_quarter": 20213,
            "year": 2021,
            "quarter": 3,
            "eps": -0.47,
            "eps_growth_year": -1666.67,
            "eps_4q": -0.82,
            "eps_4q_growth_year": null,
            "roe": -18.56,
            "roe_4q": -30.57,
            "gross_profit": 1465,
            "gross_margin": 1.81,
            "gross_margin_4q_avg": 11.36,
            "net_income": -16746,
            "revenue": 80727,
            "common_shares": 360380,
            "book_valuer_per_share": 2.27,
            "book_valuer_per_share_4q_avg": 2.83,
            "equity": 81811,
            "current_ratio": 109.88,
            "debt_ratio": 84.71,
            "inventory_turnover_ratio": 1.74,
            "account_receivable_turnover_ratio": 0.65,
            "reinvestment_rate": null,
            "research_to_sale_ratio": 0.11,
            "price_fair": 0.24,
            "eps_avg_yearly": 0.08,
            "eps_latest_yearly": 0.08,
            "eps_growth_yearly": -66.67
        },
        "20214": {
            "year_quarter": 20214,
            "year": 2021,
            "quarter": 4,
            "eps": 5.06,
            "eps_growth_year": 22006.43,
            "eps_4q": 4.22,
            "eps_4q_growth_year": null,
            "roe": 104.78,
            "roe_4q": 73.47,
            "gross_profit": 620,
            "gross_margin": 0.69,
            "gross_margin_4q_avg": 5.53,
            "net_income": 182382,
            "revenue": 89315,
            "common_shares": 360380,
            "book_valuer_per_share": 7.39,
            "book_valuer_per_share_4q_avg": 3.89,
            "equity": 266312,
            "current_ratio": 141.66,
            "debt_ratio": 47.17,
            "inventory_turnover_ratio": 2.05,
            "account_receivable_turnover_ratio": 0.82,
            "reinvestment_rate": -7536.02,
            "research_to_sale_ratio": 0.13,
            "price_fair": 0.24,
            "eps_avg_yearly": 0.08,
            "eps_latest_yearly": 0.08,
            "eps_growth_yearly": -66.67
        },
        "20221": {
            "year_quarter": 20221,
            "year": 2022,
            "quarter": 1,
            "eps": -0.37,
            "eps_growth_year": -1950,
            "eps_4q": 3.83,
            "eps_4q_growth_year": null,
            "roe": -5.11,
            "roe_4q": 67.59,
            "gross_profit": 2783,
            "gross_margin": 3.48,
            "gross_margin_4q_avg": 2.7,
            "net_income": -13250,
            "revenue": 79951,
            "common_shares": 360380,
            "book_valuer_per_share": 6.99,
            "book_valuer_per_share_4q_avg": 4.85,
            "equity": 252037,
            "current_ratio": 135.37,
            "debt_ratio": 47.35,
            "inventory_turnover_ratio": 1.75,
            "account_receivable_turnover_ratio": 0.74,
            "reinvestment_rate": null,
            "research_to_sale_ratio": 0.16,
            "price_fair": 0.24,
            "eps_avg_yearly": 0.08,
            "eps_latest_yearly": 0.08,
            "eps_growth_yearly": -66.67
        },
        "20222": {
            "year_quarter": 20222,
            "year": 2022,
            "quarter": 2,
            "eps": -0.4,
            "eps_growth_year": null,
            "eps_4q": 3.83,
            "eps_4q_growth_year": null,
            "roe": -5.94,
            "roe_4q": 75.17,
            "gross_profit": 4984,
            "gross_margin": 5.08,
            "gross_margin_4q_avg": 2.77,
            "net_income": -14539,
            "revenue": 98052,
            "common_shares": 360380,
            "book_valuer_per_share": 6.6,
            "book_valuer_per_share_4q_avg": 5.81,
            "equity": 237885,
            "current_ratio": 121.81,
            "debt_ratio": 55.4,
            "inventory_turnover_ratio": 1.96,
            "account_receivable_turnover_ratio": 0.88,
            "reinvestment_rate": -1443.6,
            "research_to_sale_ratio": 0.14,
            "price_fair": 0.24,
            "eps_avg_yearly": 0.08,
            "eps_latest_yearly": 0.08,
            "eps_growth_yearly": -66.67
        },
        "20223": {
            "year_quarter": 20223,
            "year": 2022,
            "quarter": 3,
            "eps": -0.47,
            "eps_growth_year": null,
            "eps_4q": 3.82,
            "eps_4q_growth_year": null,
            "roe": -7.35,
            "roe_4q": 86.38,
            "gross_profit": 4021,
            "gross_margin": 2.92,
            "gross_margin_4q_avg": 3.04,
            "net_income": -16849,
            "revenue": 137473,
            "common_shares": 360380,
            "book_valuer_per_share": 6.13,
            "book_valuer_per_share_4q_avg": 6.78,
            "equity": 220780,
            "current_ratio": 112.71,
            "debt_ratio": 63.76,
            "inventory_turnover_ratio": 1.94,
            "account_receivable_turnover_ratio": 1.26,
            "reinvestment_rate": -809.4,
            "research_to_sale_ratio": 0.1,
            "price_fair": 0.24,
            "eps_avg_yearly": 0.08,
            "eps_latest_yearly": 0.08,
            "eps_growth_yearly": -66.67
        },
        "20224": {
            "year_quarter": 20224,
            "year": 2022,
            "quarter": 4,
            "eps": -0.33,
            "eps_growth_year": -106.43,
            "eps_4q": -1.56,
            "eps_4q_growth_year": -137.05,
            "roe": -5.45,
            "roe_4q": -23.85,
            "gross_profit": 11688,
            "gross_margin": 5.91,
            "gross_margin_4q_avg": 4.35,
            "net_income": -11733,
            "revenue": 197790,
            "common_shares": 360380,
            "book_valuer_per_share": 5.83,
            "book_valuer_per_share_4q_avg": 6.39,
            "equity": 210027,
            "current_ratio": 112.4,
            "debt_ratio": 61.56,
            "inventory_turnover_ratio": 2.24,
            "account_receivable_turnover_ratio": 1.81,
            "reinvestment_rate": -381.06,
            "research_to_sale_ratio": 0.09,
            "price_fair": 0.24,
            "eps_avg_yearly": 0.08,
            "eps_latest_yearly": 0.08,
            "eps_growth_yearly": -66.67
        },
        "20231": {
            "year_quarter": 20231,
            "year": 2023,
            "quarter": 1,
            "eps": -0.43,
            "eps_growth_year": null,
            "eps_4q": -1.62,
            "eps_4q_growth_year": -142.4,
            "roe": -7.61,
            "roe_4q": -26.35,
            "gross_profit": 5315,
            "gross_margin": 3.66,
            "gross_margin_4q_avg": 4.39,
            "net_income": -15394,
            "revenue": 145262,
            "common_shares": 360380,
            "book_valuer_per_share": 5.4,
            "book_valuer_per_share_4q_avg": 5.99,
            "equity": 194462,
            "current_ratio": 109.08,
            "debt_ratio": 62.5,
            "inventory_turnover_ratio": 1.43,
            "account_receivable_turnover_ratio": 1.34,
            "reinvestment_rate": null,
            "research_to_sale_ratio": 0.07,
            "price_fair": 0.24,
            "eps_avg_yearly": 0.08,
            "eps_latest_yearly": 0.08,
            "eps_growth_yearly": -66.67
        }
    },
    "months": {
        "2001-06": {
            "month": "2001-06",
            "price": "22.70",
            "revenue": 28072
        },
        "2001-07": {
            "month": "2001-07",
            "price": "19.58",
            "revenue": 30283
        },
        "2001-08": {
            "month": "2001-08",
            "price": "18.20",
            "revenue": 39366
        },
        "2001-09": {
            "month": "2001-09",
            "price": "15.04",
            "revenue": 26178
        },
        "2001-10": {
            "month": "2001-10",
            "price": "12.80",
            "revenue": 46046
        },
        "2001-11": {
            "month": "2001-11",
            "price": "12.92",
            "revenue": 36246
        },
        "2001-12": {
            "month": "2001-12",
            "price": "14.56",
            "revenue": 41505
        },
        "2002-01": {
            "month": "2002-01",
            "price": "15.58",
            "revenue": 48046
        },
        "2002-02": {
            "month": "2002-02",
            "price": "17.28",
            "revenue": 28015
        },
        "2002-03": {
            "month": "2002-03",
            "price": "17.99",
            "revenue": 42990
        },
        "2002-04": {
            "month": "2002-04",
            "price": "17.50",
            "revenue": 39683
        },
        "2002-05": {
            "month": "2002-05",
            "price": "14.89",
            "revenue": 44325
        },
        "2002-06": {
            "month": "2002-06",
            "price": "14.98",
            "revenue": 30542
        },
        "2002-07": {
            "month": "2002-07",
            "price": "13.66",
            "revenue": 26016
        },
        "2002-08": {
            "month": "2002-08",
            "price": "12.32",
            "revenue": 44411
        },
        "2002-09": {
            "month": "2002-09",
            "price": "11.44",
            "revenue": 35354
        },
        "2002-10": {
            "month": "2002-10",
            "price": "10.60",
            "revenue": 48481
        },
        "2002-11": {
            "month": "2002-11",
            "price": "10.69",
            "revenue": 37345
        },
        "2002-12": {
            "month": "2002-12",
            "price": "11.09",
            "revenue": 44550
        },
        "2003-01": {
            "month": "2003-01",
            "price": "11.05",
            "revenue": 35258
        },
        "2003-02": {
            "month": "2003-02",
            "price": "10.18",
            "revenue": 35282
        },
        "2003-03": {
            "month": "2003-03",
            "price": "9.35",
            "revenue": 43616
        },
        "2003-04": {
            "month": "2003-04",
            "price": "9.36",
            "revenue": 33061
        },
        "2003-05": {
            "month": "2003-05",
            "price": "8.55",
            "revenue": 38520
        },
        "2003-06": {
            "month": "2003-06",
            "price": "8.38",
            "revenue": 28484
        },
        "2003-07": {
            "month": "2003-07",
            "price": "8.37",
            "revenue": 33505
        },
        "2003-08": {
            "month": "2003-08",
            "price": "7.83",
            "revenue": 36461
        },
        "2003-09": {
            "month": "2003-09",
            "price": "7.36",
            "revenue": 42174
        },
        "2003-10": {
            "month": "2003-10",
            "price": "7.92",
            "revenue": 42678
        },
        "2003-11": {
            "month": "2003-11",
            "price": "9.20",
            "revenue": 39874
        },
        "2003-12": {
            "month": "2003-12",
            "price": "11.09",
            "revenue": 49352
        },
        "2004-01": {
            "month": "2004-01",
            "price": "11.32",
            "revenue": 25377
        },
        "2004-02": {
            "month": "2004-02",
            "price": "12.71",
            "revenue": 43560
        },
        "2004-03": {
            "month": "2004-03",
            "price": "15.83",
            "revenue": 54621
        },
        "2004-04": {
            "month": "2004-04",
            "price": "18.23",
            "revenue": 37214
        },
        "2004-05": {
            "month": "2004-05",
            "price": "22.04",
            "revenue": 45217
        },
        "2004-06": {
            "month": "2004-06",
            "price": "25.64",
            "revenue": 55008
        },
        "2004-07": {
            "month": "2004-07",
            "price": "15.36",
            "revenue": 45314
        },
        "2004-08": {
            "month": "2004-08",
            "price": "13.76",
            "revenue": 42421
        },
        "2004-09": {
            "month": "2004-09",
            "price": "14.29",
            "revenue": 39954
        },
        "2004-10": {
            "month": "2004-10",
            "price": "12.04",
            "revenue": 55973
        },
        "2004-11": {
            "month": "2004-11",
            "price": "10.70",
            "revenue": 47729
        },
        "2004-12": {
            "month": "2004-12",
            "price": "9.82",
            "revenue": 44349
        },
        "2005-01": {
            "month": "2005-01",
            "price": "9.65",
            "revenue": 46634
        },
        "2005-02": {
            "month": "2005-02",
            "price": "9.73",
            "revenue": 29748
        },
        "2005-03": {
            "month": "2005-03",
            "price": "12.27",
            "revenue": 63249
        },
        "2005-04": {
            "month": "2005-04",
            "price": "12.64",
            "revenue": 59836
        },
        "2005-05": {
            "month": "2005-05",
            "price": "11.42",
            "revenue": 69643
        },
        "2005-06": {
            "month": "2005-06",
            "price": "11.51",
            "revenue": 81989
        },
        "2005-07": {
            "month": "2005-07",
            "price": "12.10",
            "revenue": 109151
        },
        "2005-08": {
            "month": "2005-08",
            "price": "12.06",
            "revenue": 143318
        },
        "2005-09": {
            "month": "2005-09",
            "price": "11.08",
            "revenue": 135939
        },
        "2005-10": {
            "month": "2005-10",
            "price": "10.73",
            "revenue": 138553
        },
        "2005-11": {
            "month": "2005-11",
            "price": "10.06",
            "revenue": 131814
        },
        "2005-12": {
            "month": "2005-12",
            "price": "10.13",
            "revenue": 112356
        },
        "2006-01": {
            "month": "2006-01",
            "price": "9.62",
            "revenue": 104815
        },
        "2006-02": {
            "month": "2006-02",
            "price": "8.51",
            "revenue": 91176
        },
        "2006-03": {
            "month": "2006-03",
            "price": "7.66",
            "revenue": 92376
        },
        "2006-04": {
            "month": "2006-04",
            "price": "8.03",
            "revenue": 51408
        },
        "2006-05": {
            "month": "2006-05",
            "price": "6.94",
            "revenue": 47184
        },
        "2006-06": {
            "month": "2006-06",
            "price": "4.29",
            "revenue": 46630
        },
        "2006-07": {
            "month": "2006-07",
            "price": "2.31",
            "revenue": 43710
        },
        "2006-08": {
            "month": "2006-08",
            "price": "2.24",
            "revenue": 49180
        },
        "2006-09": {
            "month": "2006-09",
            "price": "3.07",
            "revenue": 50963
        },
        "2006-10": {
            "month": "2006-10",
            "price": "3.63",
            "revenue": 38866
        },
        "2006-11": {
            "month": "2006-11",
            "price": "3.35",
            "revenue": 36311
        },
        "2006-12": {
            "month": "2006-12",
            "price": "4.34",
            "revenue": 38435
        },
        "2007-01": {
            "month": "2007-01",
            "price": "4.94",
            "revenue": 76252
        },
        "2007-02": {
            "month": "2007-02",
            "price": "4.45",
            "revenue": 62340
        },
        "2007-03": {
            "month": "2007-03",
            "price": "4.12",
            "revenue": 81745
        },
        "2007-04": {
            "month": "2007-04",
            "price": "5.24",
            "revenue": 77530
        },
        "2007-05": {
            "month": "2007-05",
            "price": "4.52",
            "revenue": 88945
        },
        "2007-06": {
            "month": "2007-06",
            "price": "4.55",
            "revenue": 82182
        },
        "2007-07": {
            "month": "2007-07",
            "price": "4.56",
            "revenue": 83805
        },
        "2007-08": {
            "month": "2007-08",
            "price": "4.77",
            "revenue": 94239
        },
        "2007-09": {
            "month": "2007-09",
            "price": "4.85",
            "revenue": 108347
        },
        "2007-10": {
            "month": "2007-10",
            "price": "5.14",
            "revenue": 98265
        },
        "2007-11": {
            "month": "2007-11",
            "price": "16.09",
            "revenue": 98237
        },
        "2007-12": {
            "month": "2007-12",
            "price": "13.94",
            "revenue": 89391
        },
        "2008-01": {
            "month": "2008-01",
            "price": "12.40",
            "revenue": 98035
        },
        "2008-02": {
            "month": "2008-02",
            "price": "12.33",
            "revenue": 81944
        },
        "2008-03": {
            "month": "2008-03",
            "price": "12.36",
            "revenue": 110102
        },
        "2008-04": {
            "month": "2008-04",
            "price": "11.64",
            "revenue": 119161
        },
        "2008-05": {
            "month": "2008-05",
            "price": "11.21",
            "revenue": 93109
        },
        "2008-06": {
            "month": "2008-06",
            "price": "10.86",
            "revenue": 106001
        },
        "2008-07": {
            "month": "2008-07",
            "price": "8.18",
            "revenue": 90137
        },
        "2008-08": {
            "month": "2008-08",
            "price": "8.15",
            "revenue": 111008
        },
        "2008-09": {
            "month": "2008-09",
            "price": "7.98",
            "revenue": 126419
        },
        "2008-10": {
            "month": "2008-10",
            "price": "6.67",
            "revenue": 139719
        },
        "2008-11": {
            "month": "2008-11",
            "price": "5.12",
            "revenue": 92982
        },
        "2008-12": {
            "month": "2008-12",
            "price": "3.41",
            "revenue": 84030
        },
        "2009-01": {
            "month": "2009-01",
            "price": "3.83",
            "revenue": 76294
        },
        "2009-02": {
            "month": "2009-02",
            "price": "5.40",
            "revenue": 70028
        },
        "2009-03": {
            "month": "2009-03",
            "price": "5.82",
            "revenue": 102822
        },
        "2009-04": {
            "month": "2009-04",
            "price": "6.96",
            "revenue": 123343
        },
        "2009-05": {
            "month": "2009-05",
            "price": "6.64",
            "revenue": 99340
        },
        "2009-06": {
            "month": "2009-06",
            "price": "6.02",
            "revenue": 114624
        },
        "2009-07": {
            "month": "2009-07",
            "price": "6.31",
            "revenue": 116748
        },
        "2009-08": {
            "month": "2009-08",
            "price": "7.12",
            "revenue": 122827
        },
        "2009-09": {
            "month": "2009-09",
            "price": "8.84",
            "revenue": 123160
        },
        "2009-10": {
            "month": "2009-10",
            "price": "9.86",
            "revenue": 118074
        },
        "2009-11": {
            "month": "2009-11",
            "price": "10.03",
            "revenue": 128643
        },
        "2009-12": {
            "month": "2009-12",
            "price": "9.74",
            "revenue": 140108
        },
        "2010-01": {
            "month": "2010-01",
            "price": "10.62",
            "revenue": 106106
        },
        "2010-02": {
            "month": "2010-02",
            "price": "10.06",
            "revenue": 73151
        },
        "2010-03": {
            "month": "2010-03",
            "price": "11.77",
            "revenue": 118072
        },
        "2010-04": {
            "month": "2010-04",
            "price": "15.30",
            "revenue": 132799
        },
        "2010-05": {
            "month": "2010-05",
            "price": "14.99",
            "revenue": 97243
        },
        "2010-06": {
            "month": "2010-06",
            "price": "14.11",
            "revenue": 94486
        },
        "2010-07": {
            "month": "2010-07",
            "price": "23.49",
            "revenue": 101624
        },
        "2010-08": {
            "month": "2010-08",
            "price": "18.94",
            "revenue": 112384
        },
        "2010-09": {
            "month": "2010-09",
            "price": "16.13",
            "revenue": 101990
        },
        "2010-10": {
            "month": "2010-10",
            "price": "14.14",
            "revenue": 89135
        },
        "2010-11": {
            "month": "2010-11",
            "price": "11.92",
            "revenue": 108038
        },
        "2010-12": {
            "month": "2010-12",
            "price": "13.47",
            "revenue": 88945
        },
        "2011-01": {
            "month": "2011-01",
            "price": "12.84",
            "revenue": 88622
        },
        "2011-02": {
            "month": "2011-02",
            "price": "14.19",
            "revenue": 58329
        },
        "2011-03": {
            "month": "2011-03",
            "price": "16.96",
            "revenue": 101638
        },
        "2011-04": {
            "month": "2011-04",
            "price": "15.49",
            "revenue": 88334
        },
        "2011-05": {
            "month": "2011-05",
            "price": "13.28",
            "revenue": 88276
        },
        "2011-06": {
            "month": "2011-06",
            "price": "13.26",
            "revenue": 77290
        },
        "2011-07": {
            "month": "2011-07",
            "price": "13.18",
            "revenue": 72655
        },
        "2011-08": {
            "month": "2011-08",
            "price": "12.11",
            "revenue": 70173
        },
        "2011-09": {
            "month": "2011-09",
            "price": "11.75",
            "revenue": 63540
        },
        "2011-10": {
            "month": "2011-10",
            "price": "11.80",
            "revenue": 55890
        },
        "2011-11": {
            "month": "2011-11",
            "price": "11.34",
            "revenue": 61753
        },
        "2011-12": {
            "month": "2011-12",
            "price": "10.42",
            "revenue": 61987
        },
        "2012-01": {
            "month": "2012-01",
            "price": "8.83",
            "revenue": 47305
        },
        "2012-02": {
            "month": "2012-02",
            "price": "9.62",
            "revenue": 55175
        },
        "2012-03": {
            "month": "2012-03",
            "price": "10.26",
            "revenue": 68667
        },
        "2012-04": {
            "month": "2012-04",
            "price": "11.12",
            "revenue": 63536
        },
        "2012-05": {
            "month": "2012-05",
            "price": "10.74",
            "revenue": 59278
        },
        "2012-06": {
            "month": "2012-06",
            "price": "9.88",
            "revenue": 54206
        },
        "2012-07": {
            "month": "2012-07",
            "price": "8.80",
            "revenue": 58139
        },
        "2012-08": {
            "month": "2012-08",
            "price": "8.55",
            "revenue": 47718
        },
        "2012-09": {
            "month": "2012-09",
            "price": "8.54",
            "revenue": 46236
        },
        "2012-10": {
            "month": "2012-10",
            "price": "6.99",
            "revenue": 47736
        },
        "2012-11": {
            "month": "2012-11",
            "price": "5.77",
            "revenue": 52014
        },
        "2012-12": {
            "month": "2012-12",
            "price": "6.27",
            "revenue": 50547
        },
        "2013-01": {
            "month": "2013-01",
            "price": "6.55",
            "revenue": 62264
        },
        "2013-02": {
            "month": "2013-02",
            "price": "6.96",
            "revenue": 31144
        },
        "2013-03": {
            "month": "2013-03",
            "price": "7.88",
            "revenue": 49441
        },
        "2013-04": {
            "month": "2013-04",
            "price": "9.14",
            "revenue": 51131
        },
        "2013-05": {
            "month": "2013-05",
            "price": "8.57",
            "revenue": 52776
        },
        "2013-06": {
            "month": "2013-06",
            "price": "7.81",
            "revenue": 47636
        },
        "2013-07": {
            "month": "2013-07",
            "price": "7.14",
            "revenue": 53853
        },
        "2013-08": {
            "month": "2013-08",
            "price": "6.98",
            "revenue": 59176
        },
        "2013-09": {
            "month": "2013-09",
            "price": "7.60",
            "revenue": 61905
        },
        "2013-10": {
            "month": "2013-10",
            "price": "7.67",
            "revenue": 59393
        },
        "2013-11": {
            "month": "2013-11",
            "price": "7.86",
            "revenue": 56482
        },
        "2013-12": {
            "month": "2013-12",
            "price": "7.95",
            "revenue": 56529
        },
        "2014-01": {
            "month": "2014-01",
            "price": "8.60",
            "revenue": 58792
        },
        "2014-02": {
            "month": "2014-02",
            "price": "8.53",
            "revenue": 40789
        },
        "2014-03": {
            "month": "2014-03",
            "price": "8.29",
            "revenue": 46725
        },
        "2014-04": {
            "month": "2014-04",
            "price": "9.27",
            "revenue": 52679
        },
        "2014-05": {
            "month": "2014-05",
            "price": "10.24",
            "revenue": 49366
        },
        "2014-06": {
            "month": "2014-06",
            "price": "10.83",
            "revenue": 44888
        },
        "2014-07": {
            "month": "2014-07",
            "price": "12.45",
            "revenue": 50753
        },
        "2014-08": {
            "month": "2014-08",
            "price": "12.97",
            "revenue": 44627
        },
        "2014-09": {
            "month": "2014-09",
            "price": "12.08",
            "revenue": 44765
        },
        "2014-10": {
            "month": "2014-10",
            "price": "10.74",
            "revenue": 40986
        },
        "2014-11": {
            "month": "2014-11",
            "price": "8.84",
            "revenue": 35645
        },
        "2014-12": {
            "month": "2014-12",
            "price": "8.27",
            "revenue": 35351
        },
        "2015-01": {
            "month": "2015-01",
            "price": "10.54",
            "revenue": 40677
        },
        "2015-02": {
            "month": "2015-02",
            "price": "10.25",
            "revenue": 22087
        },
        "2015-03": {
            "month": "2015-03",
            "price": "11.91",
            "revenue": 37718
        },
        "2015-04": {
            "month": "2015-04",
            "price": "12.35",
            "revenue": 39710
        },
        "2015-05": {
            "month": "2015-05",
            "price": "14.89",
            "revenue": 34378
        },
        "2015-06": {
            "month": "2015-06",
            "price": "15.34",
            "revenue": 30422
        },
        "2015-07": {
            "month": "2015-07",
            "price": "17.33",
            "revenue": 35288
        },
        "2015-08": {
            "month": "2015-08",
            "price": "14.13",
            "revenue": 32268
        },
        "2015-09": {
            "month": "2015-09",
            "price": "14.42",
            "revenue": 32617
        },
        "2015-10": {
            "month": "2015-10",
            "price": "13.14",
            "revenue": 35004
        },
        "2015-11": {
            "month": "2015-11",
            "price": "11.90",
            "revenue": 33177
        },
        "2015-12": {
            "month": "2015-12",
            "price": "13.52",
            "revenue": 33360
        },
        "2016-01": {
            "month": "2016-01",
            "price": "12.44",
            "revenue": 36830
        },
        "2016-02": {
            "month": "2016-02",
            "price": "11.52",
            "revenue": 20963
        },
        "2016-03": {
            "month": "2016-03",
            "price": "10.45",
            "revenue": 37431
        },
        "2016-04": {
            "month": "2016-04",
            "price": "7.97",
            "revenue": 32867
        },
        "2016-05": {
            "month": "2016-05",
            "price": "6.40",
            "revenue": 36232
        },
        "2016-06": {
            "month": "2016-06",
            "price": "7.42",
            "revenue": 34681
        },
        "2016-07": {
            "month": "2016-07",
            "price": "8.54",
            "revenue": 31209
        },
        "2016-08": {
            "month": "2016-08",
            "price": "8.37",
            "revenue": 37591
        },
        "2016-09": {
            "month": "2016-09",
            "price": "8.37",
            "revenue": 42051
        },
        "2016-10": {
            "month": "2016-10",
            "price": "8.76",
            "revenue": 37180
        },
        "2016-11": {
            "month": "2016-11",
            "price": "8.31",
            "revenue": 45350
        },
        "2016-12": {
            "month": "2016-12",
            "price": "7.86",
            "revenue": 43035
        },
        "2017-01": {
            "month": "2017-01",
            "price": "8.28",
            "revenue": 38207
        },
        "2017-02": {
            "month": "2017-02",
            "price": "8.50",
            "revenue": 35459
        },
        "2017-03": {
            "month": "2017-03",
            "price": "8.38",
            "revenue": 62203
        },
        "2017-04": {
            "month": "2017-04",
            "price": "7.83",
            "revenue": 47307
        },
        "2017-05": {
            "month": "2017-05",
            "price": "7.29",
            "revenue": 58656
        },
        "2017-06": {
            "month": "2017-06",
            "price": "7.08",
            "revenue": 46708
        },
        "2017-07": {
            "month": "2017-07",
            "price": "6.28",
            "revenue": 35310
        },
        "2017-08": {
            "month": "2017-08",
            "price": "6.08",
            "revenue": 45222
        },
        "2017-09": {
            "month": "2017-09",
            "price": "6.07",
            "revenue": 41918
        },
        "2017-10": {
            "month": "2017-10",
            "price": "5.81",
            "revenue": 37779
        },
        "2017-11": {
            "month": "2017-11",
            "price": "5.40",
            "revenue": 46019
        },
        "2017-12": {
            "month": "2017-12",
            "price": "4.96",
            "revenue": 36998
        },
        "2018-01": {
            "month": "2018-01",
            "price": "4.77",
            "revenue": 45060
        },
        "2018-02": {
            "month": "2018-02",
            "price": "4.99",
            "revenue": 23296
        },
        "2018-03": {
            "month": "2018-03",
            "price": "5.72",
            "revenue": 42368
        },
        "2018-04": {
            "month": "2018-04",
            "price": "6.57",
            "revenue": 33196
        },
        "2018-05": {
            "month": "2018-05",
            "price": "5.78",
            "revenue": 40144
        },
        "2018-06": {
            "month": "2018-06",
            "price": "6.21",
            "revenue": 36556
        },
        "2018-07": {
            "month": "2018-07",
            "price": "5.31",
            "revenue": 33311
        },
        "2018-08": {
            "month": "2018-08",
            "price": "5.30",
            "revenue": 43899
        },
        "2018-09": {
            "month": "2018-09",
            "price": "6.95",
            "revenue": 38854
        },
        "2018-10": {
            "month": "2018-10",
            "price": "6.33",
            "revenue": 40515
        },
        "2018-11": {
            "month": "2018-11",
            "price": "5.46",
            "revenue": 39982
        },
        "2018-12": {
            "month": "2018-12",
            "price": "5.07",
            "revenue": 37575
        },
        "2019-01": {
            "month": "2019-01",
            "price": "5.46",
            "revenue": 40325
        },
        "2019-02": {
            "month": "2019-02",
            "price": "6.22",
            "revenue": 21122
        },
        "2019-03": {
            "month": "2019-03",
            "price": "6.65",
            "revenue": 37004
        },
        "2019-04": {
            "month": "2019-04",
            "price": "6.76",
            "revenue": 32985
        },
        "2019-05": {
            "month": "2019-05",
            "price": "6.73",
            "revenue": 40323
        },
        "2019-06": {
            "month": "2019-06",
            "price": "9.77",
            "revenue": 24980
        },
        "2019-07": {
            "month": "2019-07",
            "price": "13.44",
            "revenue": 38688
        },
        "2019-08": {
            "month": "2019-08",
            "price": "13.98",
            "revenue": 34867
        },
        "2019-09": {
            "month": "2019-09",
            "price": "12.70",
            "revenue": 48616
        },
        "2019-10": {
            "month": "2019-10",
            "price": "11.40",
            "revenue": 25021
        },
        "2019-11": {
            "month": "2019-11",
            "price": "6.77",
            "revenue": 40831
        },
        "2019-12": {
            "month": "2019-12",
            "price": "6.47",
            "revenue": 35020
        },
        "2020-01": {
            "month": "2020-01",
            "price": "6.91",
            "revenue": 25376
        },
        "2020-02": {
            "month": "2020-02",
            "price": "7.32",
            "revenue": 28444
        },
        "2020-03": {
            "month": "2020-03",
            "price": "6.14",
            "revenue": 38480
        },
        "2020-04": {
            "month": "2020-04",
            "price": "4.76",
            "revenue": 32493
        },
        "2020-05": {
            "month": "2020-05",
            "price": "4.62",
            "revenue": 29361
        },
        "2020-06": {
            "month": "2020-06",
            "price": "4.86",
            "revenue": 25575
        },
        "2020-07": {
            "month": "2020-07",
            "price": "4.94",
            "revenue": 34592
        },
        "2020-08": {
            "month": "2020-08",
            "price": "4.74",
            "revenue": 34789
        },
        "2020-09": {
            "month": "2020-09",
            "price": "4.81",
            "revenue": 37266
        },
        "2020-10": {
            "month": "2020-10",
            "price": "4.41",
            "revenue": 35153
        },
        "2020-11": {
            "month": "2020-11",
            "price": "4.59",
            "revenue": 36334
        },
        "2020-12": {
            "month": "2020-12",
            "price": "5.51",
            "revenue": 38985
        },
        "2021-01": {
            "month": "2021-01",
            "price": "5.18",
            "revenue": 38125
        },
        "2021-02": {
            "month": "2021-02",
            "price": "5.33",
            "revenue": 25612
        },
        "2021-03": {
            "month": "2021-03",
            "price": "4.64",
            "revenue": 41281
        },
        "2021-04": {
            "month": "2021-04",
            "price": "6.97",
            "revenue": 31284
        },
        "2021-05": {
            "month": "2021-05",
            "price": "6.41",
            "revenue": 38735
        },
        "2021-06": {
            "month": "2021-06",
            "price": "6.06",
            "revenue": 38076
        },
        "2021-07": {
            "month": "2021-07",
            "price": "7.54",
            "revenue": 28712
        },
        "2021-08": {
            "month": "2021-08",
            "price": "6.97",
            "revenue": 26026
        },
        "2021-09": {
            "month": "2021-09",
            "price": "6.83",
            "revenue": 25704
        },
        "2021-10": {
            "month": "2021-10",
            "price": "6.49",
            "revenue": 30213
        },
        "2021-11": {
            "month": "2021-11",
            "price": "6.60",
            "revenue": 30894
        },
        "2021-12": {
            "month": "2021-12",
            "price": "7.61",
            "revenue": 27528
        },
        "2022-01": {
            "month": "2022-01",
            "price": "12.77",
            "revenue": 26498
        },
        "2022-02": {
            "month": "2022-02",
            "price": "13.81",
            "revenue": 17725
        },
        "2022-03": {
            "month": "2022-03",
            "price": "14.48",
            "revenue": 35836
        },
        "2022-04": {
            "month": "2022-04",
            "price": "12.71",
            "revenue": 28633
        },
        "2022-05": {
            "month": "2022-05",
            "price": "8.98",
            "revenue": 40811
        },
        "2022-06": {
            "month": "2022-06",
            "price": "8.91",
            "revenue": 28965
        },
        "2022-07": {
            "month": "2022-07",
            "price": "8.45",
            "revenue": 43324
        },
        "2022-08": {
            "month": "2022-08",
            "price": "9.05",
            "revenue": 40391
        },
        "2022-09": {
            "month": "2022-09",
            "price": "10.27",
            "revenue": 53676
        },
        "2022-10": {
            "month": "2022-10",
            "price": "8.90",
            "revenue": 39203
        },
        "2022-11": {
            "month": "2022-11",
            "price": "8.15",
            "revenue": 66075
        },
        "2022-12": {
            "month": "2022-12",
            "price": "9.32",
            "revenue": 92989
        },
        "2023-01": {
            "month": "2023-01",
            "price": "9.64",
            "revenue": 34091
        },
        "2023-02": {
            "month": "2023-02",
            "price": "9.80",
            "revenue": 51851
        },
        "2023-03": {
            "month": "2023-03",
            "price": "9.90",
            "revenue": 91336
        },
        "2023-04": {
            "month": "2023-04",
            "price": "10.00",
            "revenue": 42864
        },
        "2023-05": {
            "month": "2023-05",
            "price": "9.75",
            "revenue": 65490
        }
    }
}
