{
    "summary": {
        "stock_name": "世坤",
        "stock_id": "4305",
        "category": "塑膠",
        "main_business": "塑膠布製造<br>反光片",
        "website_url": "https://www.shihkuen.com/zh-tw",
        "ceo": "陳俊成",
        "pe_ratio": 14,
        "report_year_from": 2001,
        "report_year_to": 2023,
        "age": 23,
        "eps_negative_percentage": 0,
        "eps_growth_avg": {
            "last_all": 7.33,
            "last_2y": 8.06,
            "last_4y": -2.73,
            "last_8y": 2.81,
            "last_12y": 12.64,
            "last_16y": 8.84,
            "last_20y": 7.65,
            "at_2006_last_3y": 2.57,
            "at_2007_last_3y": -6.33,
            "at_2008_last_3y": -11.04,
            "at_2009_last_3y": 14.07,
            "at_2010_last_3y": -3.5,
            "at_2011_last_3y": 20.52,
            "at_2012_last_3y": 46.3,
            "at_2013_last_3y": 26.08,
            "at_2014_last_3y": 34.76,
            "at_2015_last_3y": 30.5,
            "at_2016_last_3y": 6.25,
            "at_2017_last_3y": 0.65,
            "at_2018_last_3y": 9.74,
            "at_2019_last_3y": -3.47,
            "at_2020_last_3y": -6.68,
            "at_2021_last_3y": -3.15,
            "at_2022_last_3y": -2.01,
            "at_2023_last_3y": 3.18,
            "at_2024_last_3y": 3.18,
            "at_2006_last_all": 2.17,
            "at_2007_last_all": -6.95,
            "at_2008_last_all": -6.64,
            "at_2009_last_all": 4.97,
            "at_2010_last_all": -0.35,
            "at_2011_last_all": 4.04,
            "at_2012_last_all": 12.61,
            "at_2013_last_all": 12.01,
            "at_2014_last_all": 10.45,
            "at_2015_last_all": 11.6,
            "at_2016_last_all": 10.91,
            "at_2017_last_all": 9.17,
            "at_2018_last_all": 10.28,
            "at_2019_last_all": 8.25,
            "at_2020_last_all": 7.21,
            "at_2021_last_all": 6.71,
            "at_2022_last_all": 7.94,
            "at_2023_last_all": 7.33,
            "at_2024_last_all": 7.33
        },
        "latest_eps": 2.8,
        "latest_price": 39,
        "latest_roe": 14.1,
        "latest_gross_margin": 26.21,
        "latest_equity": 1114993,
        "latest_revenue": 253713,
        "latest_gross_profit": 66498,
        "latest_net_income": 62303,
        "latest_debt_ratio": 11.68,
        "latest_current_ratio": 728.64,
        "latest_account_receivable_turnover_ratio": 1.5,
        "latest_inventory_turnover_ratio": 2.11,
        "latest_reinvestment_rate": -5.93,
        "latest_research_to_sale_ratio": 0.98
    },
    "eps_dividends": {
        "1999": {
            "cash": 0,
            "stock": 1.9,
            "eps": 0
        },
        "2000": {
            "cash": 0,
            "stock": 1.7,
            "eps": 0
        },
        "2001": {
            "cash": 1,
            "stock": 0.41,
            "eps": 1.7
        },
        "2002": {
            "cash": 0.8,
            "stock": 0.69,
            "eps": 1.71
        },
        "2003": {
            "cash": 0.74,
            "stock": 0.75,
            "eps": 1.42
        },
        "2004": {
            "cash": 0.57,
            "stock": 0.6,
            "eps": 1.62
        },
        "2005": {
            "cash": 1,
            "stock": 0.38,
            "eps": 1.39
        },
        "2006": {
            "cash": 1,
            "stock": 0,
            "eps": 1.77
        },
        "2007": {
            "cash": 1.3,
            "stock": 1.3,
            "eps": 0.84
        },
        "2008": {
            "cash": 0.65,
            "stock": 0,
            "eps": 0.8
        },
        "2009": {
            "cash": 0.7,
            "stock": 0,
            "eps": 1.49
        },
        "2010": {
            "cash": 1.2,
            "stock": 0,
            "eps": 0.85
        },
        "2011": {
            "cash": 0.8,
            "stock": 0,
            "eps": 1.22
        },
        "2012": {
            "cash": 1.1,
            "stock": 0,
            "eps": 2.42
        },
        "2013": {
            "cash": 1.7,
            "stock": 0,
            "eps": 2.55
        },
        "2014": {
            "cash": 1.8,
            "stock": 0,
            "eps": 2.34
        },
        "2015": {
            "cash": 1.8,
            "stock": 0,
            "eps": 2.96
        },
        "2016": {
            "cash": 2.3,
            "stock": 0,
            "eps": 3
        },
        "2017": {
            "cash": 2.4,
            "stock": 0,
            "eps": 2.49
        },
        "2018": {
            "cash": 2.4,
            "stock": 0,
            "eps": 3.19
        },
        "2019": {
            "cash": 2.6,
            "stock": 0,
            "eps": 2.35
        },
        "2020": {
            "cash": 2.1,
            "stock": 0,
            "eps": 2.08
        },
        "2021": {
            "cash": 1.8,
            "stock": 0,
            "eps": 2.02
        },
        "2022": {
            "cash": 1.8,
            "stock": 0,
            "eps": 2.68
        },
        "2023": {
            "cash": 2,
            "stock": 0,
            "eps": 2.53
        }
    },
    "dividends": {
        "1999-05-11": {
            "cash": 0,
            "stock": 1.9
        },
        "2000-05-06": {
            "cash": 0,
            "stock": 1.7
        },
        "2001-05-26": {
            "cash": 1,
            "stock": 0.41
        },
        "2002-05-30": {
            "cash": 0.8,
            "stock": 0.69
        },
        "2003-06-03": {
            "cash": 0.74,
            "stock": 0.75
        },
        "2004-03-05": {
            "cash": 0.57,
            "stock": 0.6
        },
        "2005-03-21": {
            "cash": 1,
            "stock": 0.38
        },
        "2006-03-21": {
            "cash": 1,
            "stock": 0
        },
        "2007-03-23": {
            "cash": 1.3,
            "stock": 1.3
        },
        "2008-03-28": {
            "cash": 0.65,
            "stock": 0
        },
        "2009-03-24": {
            "cash": 0.7,
            "stock": 0
        },
        "2010-03-30": {
            "cash": 1.2,
            "stock": 0
        },
        "2011-03-18": {
            "cash": 0.8,
            "stock": 0
        },
        "2012-06-22": {
            "cash": 1.1,
            "stock": 0
        },
        "2013-06-21": {
            "cash": 1.7,
            "stock": 0
        },
        "2014-08-29": {
            "cash": 1.8,
            "stock": 0
        },
        "2015-08-28": {
            "cash": 1.8,
            "stock": 0
        },
        "2016-09-02": {
            "cash": 2.3,
            "stock": 0
        },
        "2017-08-31": {
            "cash": 2.4,
            "stock": 0
        },
        "2018-08-31": {
            "cash": 2.4,
            "stock": 0
        },
        "2019-09-03": {
            "cash": 2.6,
            "stock": 0
        },
        "2020-09-01": {
            "cash": 2.1,
            "stock": 0
        },
        "2021-08-31": {
            "cash": 1.8,
            "stock": 0
        },
        "2022-08-24": {
            "cash": 1.8,
            "stock": 0
        },
        "2023-08-04": {
            "cash": 2,
            "stock": 0
        }
    },
    "prices": {
        "200101": "15.81",
        "200102": "13.44",
        "200103": "13.04",
        "200104": "12.19",
        "200105": "11.31",
        "200106": "10.46",
        "200107": "10.19",
        "200108": "9.67",
        "200109": "10.22",
        "200110": "10.37",
        "200111": "10.47",
        "200112": "12.61",
        "200201": "16.05",
        "200202": "15.34",
        "200203": "17.47",
        "200204": "17.50",
        "200205": "19.12",
        "200206": "21.04",
        "200207": "19.90",
        "200208": "19.57",
        "200209": "17.85",
        "200210": "18.36",
        "200211": "19.01",
        "200212": "18.43",
        "200301": "17.72",
        "200302": "17.44",
        "200303": "16.43",
        "200304": "15.57",
        "200305": "15.39",
        "200306": "15.52",
        "200307": "14.54",
        "200308": "13.74",
        "200309": "13.83",
        "200310": "14.52",
        "200311": "14.50",
        "200312": "14.77",
        "200401": "14.55",
        "200402": "15.74",
        "200403": "15.55",
        "200404": "15.08",
        "200405": "14.52",
        "200406": "13.72",
        "200407": "13.01",
        "200408": "12.55",
        "200409": "12.66",
        "200410": "12.69",
        "200411": "12.30",
        "200412": "12.32",
        "200501": "12.28",
        "200502": "12.69",
        "200503": "12.68",
        "200504": "12.87",
        "200505": "12.92",
        "200506": "13.01",
        "200507": "12.34",
        "200508": "12.46",
        "200509": "12.34",
        "200510": "11.99",
        "200511": "11.65",
        "200512": "11.49",
        "200601": "11.47",
        "200602": "11.26",
        "200603": "11.42",
        "200604": "12.12",
        "200605": "13.33",
        "200606": "11.99",
        "200607": "12.27",
        "200608": "12.13",
        "200609": "12.10",
        "200610": "13.00",
        "200611": "13.95",
        "200612": "14.02",
        "200701": "14.80",
        "200702": "15.09",
        "200703": "15.28",
        "200704": "16.72",
        "200705": "15.81",
        "200706": "16.08",
        "200707": "16.98",
        "200708": "14.96",
        "200709": "14.71",
        "200710": "14.54",
        "200711": "13.47",
        "200712": "13.83",
        "200801": "13.25",
        "200802": "13.08",
        "200803": "13.06",
        "200804": "13.22",
        "200805": "13.03",
        "200806": "12.61",
        "200807": "11.36",
        "200808": "10.73",
        "200809": "10.53",
        "200810": "9.70",
        "200811": "9.28",
        "200812": "8.79",
        "200901": "8.05",
        "200902": "8.08",
        "200903": "9.41",
        "200904": "10.05",
        "200905": "11.23",
        "200906": "11.08",
        "200907": "11.41",
        "200908": "11.55",
        "200909": "13.70",
        "200910": "23.39",
        "200911": "27.52",
        "200912": "24.02",
        "201001": "24.42",
        "201002": "19.71",
        "201003": "21.59",
        "201004": "22.51",
        "201005": "20.96",
        "201006": "19.13",
        "201007": "19.28",
        "201008": "20.49",
        "201009": "21.75",
        "201010": "29.25",
        "201011": "23.98",
        "201012": "24.52",
        "201101": "23.20",
        "201102": "21.20",
        "201103": "20.84",
        "201104": "22.75",
        "201105": "21.14",
        "201106": "21.22",
        "201107": "20.99",
        "201108": "20.11",
        "201109": "19.12",
        "201110": "18.26",
        "201111": "17.81",
        "201112": "17.28",
        "201201": "17.10",
        "201202": "18.23",
        "201203": "23.40",
        "201204": "23.47",
        "201205": "20.50",
        "201206": "19.07",
        "201207": "19.25",
        "201208": "20.67",
        "201209": "22.88",
        "201210": "21.28",
        "201211": "23.74",
        "201212": "24.56",
        "201301": "24.71",
        "201302": "24.56",
        "201303": "25.17",
        "201304": "25.92",
        "201305": "26.27",
        "201306": "27.14",
        "201307": "27.27",
        "201308": "27.70",
        "201309": "27.66",
        "201310": "26.20",
        "201311": "26.04",
        "201312": "26.43",
        "201401": "27.56",
        "201402": "28.38",
        "201403": "29.52",
        "201404": "30.67",
        "201405": "29.74",
        "201406": "30.00",
        "201407": "29.76",
        "201408": "27.82",
        "201409": "28.03",
        "201410": "27.79",
        "201411": "27.49",
        "201412": "27.73",
        "201501": "27.26",
        "201502": "27.02",
        "201503": "26.49",
        "201504": "26.90",
        "201505": "26.95",
        "201506": "26.83",
        "201507": "26.32",
        "201508": "25.12",
        "201509": "25.11",
        "201510": "25.62",
        "201511": "26.47",
        "201512": "26.79",
        "201601": "26.63",
        "201602": "26.76",
        "201603": "27.12",
        "201604": "30.00",
        "201605": "29.64",
        "201606": "30.27",
        "201607": "30.22",
        "201608": "29.16",
        "201609": "29.32",
        "201610": "29.18",
        "201611": "28.82",
        "201612": "28.80",
        "201701": "29.39",
        "201702": "29.71",
        "201703": "32.23",
        "201704": "33.27",
        "201705": "32.33",
        "201706": "32.53",
        "201707": "32.80",
        "201708": "30.79",
        "201709": "30.88",
        "201710": "31.98",
        "201711": "31.91",
        "201712": "31.28",
        "201801": "30.94",
        "201802": "30.85",
        "201803": "32.14",
        "201804": "33.39",
        "201805": "34.72",
        "201806": "34.94",
        "201807": "34.58",
        "201808": "34.45",
        "201809": "34.98",
        "201810": "34.64",
        "201811": "33.81",
        "201812": "33.15",
        "201901": "34.08",
        "201902": "34.47",
        "201903": "35.50",
        "201904": "36.73",
        "201905": "37.03",
        "201906": "38.46",
        "201907": "39.24",
        "201908": "38.06",
        "201909": "37.68",
        "201910": "37.23",
        "201911": "37.46",
        "201912": "37.18",
        "202001": "36.50",
        "202002": "35.69",
        "202003": "32.75",
        "202004": "32.99",
        "202005": "33.94",
        "202006": "34.27",
        "202007": "34.73",
        "202008": "32.89",
        "202009": "32.20",
        "202010": "32.18",
        "202011": "32.03",
        "202012": "32.19",
        "202101": "32.06",
        "202102": "32.17",
        "202103": "33.36",
        "202104": "34.21",
        "202105": "32.93",
        "202106": "33.09",
        "202107": "33.31",
        "202108": "32.00",
        "202109": "32.16",
        "202110": "32.48",
        "202111": "32.39",
        "202112": "31.99",
        "202201": "31.83",
        "202202": "31.92",
        "202203": "31.74",
        "202204": "31.86",
        "202205": "31.62",
        "202206": "30.94",
        "202207": "29.85",
        "202208": "30.20",
        "202209": "30.73",
        "202210": "30.08",
        "202211": "29.63",
        "202212": "30.11",
        "202301": "30.38",
        "202302": "30.45",
        "202303": "31.39",
        "202304": "31.79",
        "202305": "31.90",
        "202306": "33.05",
        "202307": "32.18",
        "202308": "32.61",
        "202309": "33.76",
        "202310": "34.75",
        "202311": "37.34",
        "202312": "39.16"
    },
    "quarters": {
        "20011": {
            "year_quarter": 20011,
            "year": 2001,
            "quarter": 1,
            "eps": 0.41,
            "eps_growth_year": -42.25,
            "eps_4q": 1.43,
            "eps_4q_growth_year": null,
            "roe": 3.33,
            "roe_4q": 3.33,
            "gross_profit": 34786,
            "gross_margin": 18.57,
            "gross_margin_4q_avg": 18.57,
            "net_income": 17161,
            "net_income_4q": null,
            "revenue": 187370,
            "revenue_4q": null,
            "common_shares": 417690,
            "book_valuer_per_share": 12.54,
            "book_valuer_per_share_4q_avg": 12.54,
            "equity": 523699,
            "current_ratio": 242.92,
            "debt_ratio": 28.26,
            "inventory_turnover_ratio": 3.57,
            "account_receivable_turnover_ratio": null,
            "reinvestment_rate": null,
            "research_to_sale_ratio": null,
            "price_fair": 0,
            "eps_avg_yearly": 0,
            "eps_latest_yearly": 0,
            "eps_growth_yearly": 0
        },
        "20012": {
            "year_quarter": 20012,
            "year": 2001,
            "quarter": 2,
            "eps": 0.48,
            "eps_growth_year": 33.33,
            "eps_4q": 1.51,
            "eps_4q_growth_year": null,
            "roe": 4.08,
            "roe_4q": 7.41,
            "gross_profit": 42522,
            "gross_margin": 20.83,
            "gross_margin_4q_avg": 19.7,
            "net_income": 20896,
            "net_income_4q": null,
            "revenue": 204152,
            "revenue_4q": null,
            "common_shares": 417690,
            "book_valuer_per_share": 12.01,
            "book_valuer_per_share_4q_avg": 12.28,
            "equity": 501604,
            "current_ratio": 202.86,
            "debt_ratio": 33.02,
            "inventory_turnover_ratio": 3.8,
            "account_receivable_turnover_ratio": null,
            "reinvestment_rate": null,
            "research_to_sale_ratio": null,
            "price_fair": 0,
            "eps_avg_yearly": 0,
            "eps_latest_yearly": 0,
            "eps_growth_yearly": 0
        },
        "20013": {
            "year_quarter": 20013,
            "year": 2001,
            "quarter": 3,
            "eps": 0.31,
            "eps_growth_year": 19.23,
            "eps_4q": 1.57,
            "eps_4q_growth_year": -2.09,
            "roe": 2.66,
            "roe_4q": 10.07,
            "gross_profit": 34456,
            "gross_margin": 19.1,
            "gross_margin_4q_avg": 19.5,
            "net_income": 13517,
            "net_income_4q": null,
            "revenue": 180414,
            "revenue_4q": null,
            "common_shares": 435000,
            "book_valuer_per_share": 11.84,
            "book_valuer_per_share_4q_avg": 12.13,
            "equity": 515121,
            "current_ratio": 199.71,
            "debt_ratio": 20.73,
            "inventory_turnover_ratio": 3.25,
            "account_receivable_turnover_ratio": null,
            "reinvestment_rate": null,
            "research_to_sale_ratio": null,
            "price_fair": 0,
            "eps_avg_yearly": 0,
            "eps_latest_yearly": 0,
            "eps_growth_yearly": 0
        },
        "20014": {
            "year_quarter": 20014,
            "year": 2001,
            "quarter": 4,
            "eps": 0.5,
            "eps_growth_year": 25,
            "eps_4q": 1.7,
            "eps_4q_growth_year": 4.46,
            "roe": 4.1,
            "roe_4q": 14.17,
            "gross_profit": 43823,
            "gross_margin": 22.16,
            "gross_margin_4q_avg": 20.17,
            "net_income": 21565,
            "net_income_4q": null,
            "revenue": 197787,
            "revenue_4q": null,
            "common_shares": 435000,
            "book_valuer_per_share": 12.34,
            "book_valuer_per_share_4q_avg": 12.18,
            "equity": 536686,
            "current_ratio": 162.53,
            "debt_ratio": 32.23,
            "inventory_turnover_ratio": 3.82,
            "account_receivable_turnover_ratio": null,
            "reinvestment_rate": null,
            "research_to_sale_ratio": null,
            "price_fair": 0,
            "eps_avg_yearly": 0,
            "eps_latest_yearly": 0,
            "eps_growth_yearly": 0
        },
        "20021": {
            "year_quarter": 20021,
            "year": 2002,
            "quarter": 1,
            "eps": 0.49,
            "eps_growth_year": 19.51,
            "eps_4q": 1.77,
            "eps_4q_growth_year": 23.8,
            "roe": 3.92,
            "roe_4q": 14.76,
            "gross_profit": 42416,
            "gross_margin": 24.29,
            "gross_margin_4q_avg": 21.6,
            "net_income": 21445,
            "net_income_4q": null,
            "revenue": 174651,
            "revenue_4q": null,
            "common_shares": 435000,
            "book_valuer_per_share": 12.83,
            "book_valuer_per_share_4q_avg": 12.26,
            "equity": 558131,
            "current_ratio": 189.97,
            "debt_ratio": 25.15,
            "inventory_turnover_ratio": 2.46,
            "account_receivable_turnover_ratio": null,
            "reinvestment_rate": null,
            "research_to_sale_ratio": null,
            "price_fair": 5.88,
            "eps_avg_yearly": 1.96,
            "eps_latest_yearly": 1.96,
            "eps_growth_yearly": -8
        },
        "20022": {
            "year_quarter": 20022,
            "year": 2002,
            "quarter": 2,
            "eps": 0.59,
            "eps_growth_year": 22.92,
            "eps_4q": 1.8,
            "eps_4q_growth_year": 19.18,
            "roe": 4.98,
            "roe_4q": 15.66,
            "gross_profit": 54298,
            "gross_margin": 24.39,
            "gross_margin_4q_avg": 22.49,
            "net_income": 27557,
            "net_income_4q": null,
            "revenue": 222602,
            "revenue_4q": null,
            "common_shares": 435000,
            "book_valuer_per_share": 12.63,
            "book_valuer_per_share_4q_avg": 12.41,
            "equity": 549572,
            "current_ratio": 148.62,
            "debt_ratio": 32.24,
            "inventory_turnover_ratio": 2.16,
            "account_receivable_turnover_ratio": null,
            "reinvestment_rate": null,
            "research_to_sale_ratio": null,
            "price_fair": 75.6,
            "eps_avg_yearly": 2.16,
            "eps_latest_yearly": 2.36,
            "eps_growth_yearly": 36.82
        },
        "20023": {
            "year_quarter": 20023,
            "year": 2002,
            "quarter": 3,
            "eps": 0.41,
            "eps_growth_year": 32.26,
            "eps_4q": 1.93,
            "eps_4q_growth_year": 23.25,
            "roe": 3.4,
            "roe_4q": 16.4,
            "gross_profit": 40383,
            "gross_margin": 20.91,
            "gross_margin_4q_avg": 22.94,
            "net_income": 19019,
            "net_income_4q": null,
            "revenue": 193156,
            "revenue_4q": null,
            "common_shares": 465000,
            "book_valuer_per_share": 12.23,
            "book_valuer_per_share_4q_avg": 12.51,
            "equity": 568591,
            "current_ratio": 163.37,
            "debt_ratio": 24.12,
            "inventory_turnover_ratio": 1.83,
            "account_receivable_turnover_ratio": null,
            "reinvestment_rate": null,
            "research_to_sale_ratio": null,
            "price_fair": 5.96,
            "eps_avg_yearly": 1.99,
            "eps_latest_yearly": 1.64,
            "eps_growth_yearly": -16.13
        },
        "20024": {
            "year_quarter": 20024,
            "year": 2002,
            "quarter": 4,
            "eps": 0.22,
            "eps_growth_year": -56,
            "eps_4q": 1.65,
            "eps_4q_growth_year": -2.67,
            "roe": 1.82,
            "roe_4q": 14.12,
            "gross_profit": 31270,
            "gross_margin": 14.8,
            "gross_margin_4q_avg": 21.1,
            "net_income": 10461,
            "net_income_4q": null,
            "revenue": 211338,
            "revenue_4q": null,
            "common_shares": 465000,
            "book_valuer_per_share": 12.45,
            "book_valuer_per_share_4q_avg": 12.54,
            "equity": 579052,
            "current_ratio": 146.91,
            "debt_ratio": 28.92,
            "inventory_turnover_ratio": 2.23,
            "account_receivable_turnover_ratio": null,
            "reinvestment_rate": null,
            "research_to_sale_ratio": null,
            "price_fair": 5.13,
            "eps_avg_yearly": 1.71,
            "eps_latest_yearly": 0.88,
            "eps_growth_yearly": -58.44
        },
        "20031": {
            "year_quarter": 20031,
            "year": 2003,
            "quarter": 1,
            "eps": 0.31,
            "eps_growth_year": -36.73,
            "eps_4q": 1.53,
            "eps_4q_growth_year": -13.46,
            "roe": 2.47,
            "roe_4q": 12.67,
            "gross_profit": 36815,
            "gross_margin": 16.34,
            "gross_margin_4q_avg": 19.11,
            "net_income": 14482,
            "net_income_4q": null,
            "revenue": 225359,
            "revenue_4q": null,
            "common_shares": 465000,
            "book_valuer_per_share": 12.76,
            "book_valuer_per_share_4q_avg": 12.52,
            "equity": 593534,
            "current_ratio": 155.96,
            "debt_ratio": 28.12,
            "inventory_turnover_ratio": 2.2,
            "account_receivable_turnover_ratio": null,
            "reinvestment_rate": null,
            "research_to_sale_ratio": null,
            "price_fair": 4.85,
            "eps_avg_yearly": 1.62,
            "eps_latest_yearly": 1.24,
            "eps_growth_yearly": -14.03
        },
        "20032": {
            "year_quarter": 20032,
            "year": 2003,
            "quarter": 2,
            "eps": 0.34,
            "eps_growth_year": -42.37,
            "eps_4q": 1.21,
            "eps_4q_growth_year": -32.77,
            "roe": 2.94,
            "roe_4q": 10.63,
            "gross_profit": 38314,
            "gross_margin": 16.12,
            "gross_margin_4q_avg": 17.04,
            "net_income": 17174,
            "net_income_4q": null,
            "revenue": 237660,
            "revenue_4q": null,
            "common_shares": 465000,
            "book_valuer_per_share": 12.36,
            "book_valuer_per_share_4q_avg": 12.45,
            "equity": 574885,
            "current_ratio": 140.42,
            "debt_ratio": 32.78,
            "inventory_turnover_ratio": 2.27,
            "account_receivable_turnover_ratio": null,
            "reinvestment_rate": null,
            "research_to_sale_ratio": null,
            "price_fair": 4.72,
            "eps_avg_yearly": 1.57,
            "eps_latest_yearly": 1.36,
            "eps_growth_yearly": -5.24
        },
        "20033": {
            "year_quarter": 20033,
            "year": 2003,
            "quarter": 3,
            "eps": 0.4,
            "eps_growth_year": -2.44,
            "eps_4q": 1.25,
            "eps_4q_growth_year": -35.26,
            "roe": 3.39,
            "roe_4q": 10.620000000000001,
            "gross_profit": 39178,
            "gross_margin": 16.55,
            "gross_margin_4q_avg": 15.95,
            "net_income": 19811,
            "net_income_4q": null,
            "revenue": 236791,
            "revenue_4q": null,
            "common_shares": 500000,
            "book_valuer_per_share": 11.89,
            "book_valuer_per_share_4q_avg": 12.37,
            "equity": 594696,
            "current_ratio": 172.63,
            "debt_ratio": 24.52,
            "inventory_turnover_ratio": 2.54,
            "account_receivable_turnover_ratio": null,
            "reinvestment_rate": 159.28,
            "research_to_sale_ratio": null,
            "price_fair": 24.6,
            "eps_avg_yearly": 1.58,
            "eps_latest_yearly": 1.6,
            "eps_growth_yearly": 5.6
        },
        "20034": {
            "year_quarter": 20034,
            "year": 2003,
            "quarter": 4,
            "eps": 0.37,
            "eps_growth_year": 68.18,
            "eps_4q": 1.41,
            "eps_4q_growth_year": -14.51,
            "roe": 3.04,
            "roe_4q": 11.84,
            "gross_profit": 44260,
            "gross_margin": 16.84,
            "gross_margin_4q_avg": 16.46,
            "net_income": 18292,
            "net_income_4q": null,
            "revenue": 262816,
            "revenue_4q": null,
            "common_shares": 500000,
            "book_valuer_per_share": 12.19,
            "book_valuer_per_share_4q_avg": 12.3,
            "equity": 609296,
            "current_ratio": 165.45,
            "debt_ratio": 29.65,
            "inventory_turnover_ratio": 3.04,
            "account_receivable_turnover_ratio": null,
            "reinvestment_rate": 24.15,
            "research_to_sale_ratio": null,
            "price_fair": 17.44,
            "eps_avg_yearly": 1.57,
            "eps_latest_yearly": 1.48,
            "eps_growth_yearly": 1.15
        },
        "20041": {
            "year_quarter": 20041,
            "year": 2004,
            "quarter": 1,
            "eps": 0.35,
            "eps_growth_year": 12.9,
            "eps_4q": 1.45,
            "eps_4q_growth_year": -5.2,
            "roe": 2.84,
            "roe_4q": 12.209999999999999,
            "gross_profit": 38361,
            "gross_margin": 13.82,
            "gross_margin_4q_avg": 15.83,
            "net_income": 17566,
            "net_income_4q": null,
            "revenue": 277484,
            "revenue_4q": null,
            "common_shares": 500000,
            "book_valuer_per_share": 12.54,
            "book_valuer_per_share_4q_avg": 12.25,
            "equity": 626862,
            "current_ratio": 162.14,
            "debt_ratio": 33.36,
            "inventory_turnover_ratio": 2.7,
            "account_receivable_turnover_ratio": null,
            "reinvestment_rate": 21.86,
            "research_to_sale_ratio": null,
            "price_fair": 4.64,
            "eps_avg_yearly": 1.55,
            "eps_latest_yearly": 1.4,
            "eps_growth_yearly": -1.38
        },
        "20042": {
            "year_quarter": 20042,
            "year": 2004,
            "quarter": 2,
            "eps": 0.43,
            "eps_growth_year": 26.47,
            "eps_4q": 1.47,
            "eps_4q_growth_year": 21.81,
            "roe": 3.68,
            "roe_4q": 12.95,
            "gross_profit": 40982,
            "gross_margin": 14.27,
            "gross_margin_4q_avg": 15.37,
            "net_income": 22923,
            "net_income_4q": null,
            "revenue": 287154,
            "revenue_4q": null,
            "common_shares": 500000,
            "book_valuer_per_share": 12.4,
            "book_valuer_per_share_4q_avg": 12.26,
            "equity": 620104,
            "current_ratio": 170.3,
            "debt_ratio": 28.89,
            "inventory_turnover_ratio": 2.76,
            "account_receivable_turnover_ratio": null,
            "reinvestment_rate": 23.66,
            "research_to_sale_ratio": null,
            "price_fair": 27.99,
            "eps_avg_yearly": 1.56,
            "eps_latest_yearly": 1.72,
            "eps_growth_yearly": 7.9
        },
        "20043": {
            "year_quarter": 20043,
            "year": 2004,
            "quarter": 3,
            "eps": 0.36,
            "eps_growth_year": -10,
            "eps_4q": 1.47,
            "eps_4q_growth_year": 17.43,
            "roe": 3.03,
            "roe_4q": 12.59,
            "gross_profit": 40091,
            "gross_margin": 13.5,
            "gross_margin_4q_avg": 14.61,
            "net_income": 19092,
            "net_income_4q": null,
            "revenue": 296949,
            "revenue_4q": null,
            "common_shares": 530000,
            "book_valuer_per_share": 12.06,
            "book_valuer_per_share_4q_avg": 12.3,
            "equity": 639196,
            "current_ratio": 220.02,
            "debt_ratio": 21,
            "inventory_turnover_ratio": 3.47,
            "account_receivable_turnover_ratio": null,
            "reinvestment_rate": 22.72,
            "research_to_sale_ratio": null,
            "price_fair": 17.48,
            "eps_avg_yearly": 1.55,
            "eps_latest_yearly": 1.44,
            "eps_growth_yearly": 1.26
        },
        "20044": {
            "year_quarter": 20044,
            "year": 2004,
            "quarter": 4,
            "eps": 0.48,
            "eps_growth_year": 29.73,
            "eps_4q": 1.59,
            "eps_4q_growth_year": 12.93,
            "roe": 3.94,
            "roe_4q": 13.49,
            "gross_profit": 56162,
            "gross_margin": 15.63,
            "gross_margin_4q_avg": 14.31,
            "net_income": 25685,
            "net_income_4q": null,
            "revenue": 359294,
            "revenue_4q": null,
            "common_shares": 530000,
            "book_valuer_per_share": 12.51,
            "book_valuer_per_share_4q_avg": 12.38,
            "equity": 663158,
            "current_ratio": 197.62,
            "debt_ratio": 25.06,
            "inventory_turnover_ratio": 3.96,
            "account_receivable_turnover_ratio": null,
            "reinvestment_rate": 29.2,
            "research_to_sale_ratio": null,
            "price_fair": 35.25,
            "eps_avg_yearly": 1.58,
            "eps_latest_yearly": 1.92,
            "eps_growth_yearly": 12.27
        },
        "20051": {
            "year_quarter": 20051,
            "year": 2005,
            "quarter": 1,
            "eps": 0.17,
            "eps_growth_year": -51.43,
            "eps_4q": 1.43,
            "eps_4q_growth_year": -1.29,
            "roe": 1.37,
            "roe_4q": 12.02,
            "gross_profit": 31999,
            "gross_margin": 12.24,
            "gross_margin_4q_avg": 13.91,
            "net_income": 9115,
            "net_income_4q": null,
            "revenue": 261457,
            "revenue_4q": null,
            "common_shares": 530000,
            "book_valuer_per_share": 12.68,
            "book_valuer_per_share_4q_avg": 12.41,
            "equity": 672273,
            "current_ratio": 204.9,
            "debt_ratio": 21.94,
            "inventory_turnover_ratio": 2.57,
            "account_receivable_turnover_ratio": null,
            "reinvestment_rate": 43.01,
            "research_to_sale_ratio": null,
            "price_fair": 4.54,
            "eps_avg_yearly": 1.51,
            "eps_latest_yearly": 0.68,
            "eps_growth_yearly": -8.55
        },
        "20052": {
            "year_quarter": 20052,
            "year": 2005,
            "quarter": 2,
            "eps": 0.19,
            "eps_growth_year": -55.81,
            "eps_4q": 1.19,
            "eps_4q_growth_year": -19.26,
            "roe": 1.57,
            "roe_4q": 9.91,
            "gross_profit": 37484,
            "gross_margin": 12.9,
            "gross_margin_4q_avg": 13.57,
            "net_income": 10236,
            "net_income_4q": null,
            "revenue": 290679,
            "revenue_4q": null,
            "common_shares": 530000,
            "book_valuer_per_share": 11.85,
            "book_valuer_per_share_4q_avg": 12.28,
            "equity": 628007,
            "current_ratio": 162.61,
            "debt_ratio": 27.16,
            "inventory_turnover_ratio": 2.62,
            "account_receivable_turnover_ratio": null,
            "reinvestment_rate": 46.62,
            "research_to_sale_ratio": null,
            "price_fair": 4.38,
            "eps_avg_yearly": 1.46,
            "eps_latest_yearly": 0.76,
            "eps_growth_yearly": -4.58
        },
        "20053": {
            "year_quarter": 20053,
            "year": 2005,
            "quarter": 3,
            "eps": 0.5,
            "eps_growth_year": 38.89,
            "eps_4q": 1.31,
            "eps_4q_growth_year": -10.52,
            "roe": 4.31,
            "roe_4q": 11.19,
            "gross_profit": 46150,
            "gross_margin": 15.6,
            "gross_margin_4q_avg": 14.09,
            "net_income": 27665,
            "net_income_4q": null,
            "revenue": 295759,
            "revenue_4q": null,
            "common_shares": 550140,
            "book_valuer_per_share": 11.92,
            "book_valuer_per_share_4q_avg": 12.24,
            "equity": 655672,
            "current_ratio": 174.63,
            "debt_ratio": 26.62,
            "inventory_turnover_ratio": 2.36,
            "account_receivable_turnover_ratio": null,
            "reinvestment_rate": 38.68,
            "research_to_sale_ratio": null,
            "price_fair": 52.36,
            "eps_avg_yearly": 1.5,
            "eps_latest_yearly": 2,
            "eps_growth_yearly": 39.24
        },
        "20054": {
            "year_quarter": 20054,
            "year": 2005,
            "quarter": 4,
            "eps": 0.53,
            "eps_growth_year": 10.42,
            "eps_4q": 1.39,
            "eps_4q_growth_year": -13.05,
            "roe": 4.35,
            "roe_4q": 11.600000000000001,
            "gross_profit": 60870,
            "gross_margin": 17.97,
            "gross_margin_4q_avg": 14.68,
            "net_income": 29128,
            "net_income_4q": null,
            "revenue": 338777,
            "revenue_4q": null,
            "common_shares": 550140,
            "book_valuer_per_share": 12.44,
            "book_valuer_per_share_4q_avg": 12.22,
            "equity": 684118,
            "current_ratio": 206.04,
            "debt_ratio": 23.04,
            "inventory_turnover_ratio": 2.29,
            "account_receivable_turnover_ratio": null,
            "reinvestment_rate": 36.37,
            "research_to_sale_ratio": null,
            "price_fair": 53.73,
            "eps_avg_yearly": 1.54,
            "eps_latest_yearly": 2.12,
            "eps_growth_yearly": 38.28
        },
        "20061": {
            "year_quarter": 20061,
            "year": 2006,
            "quarter": 1,
            "eps": 0.39,
            "eps_growth_year": 129.41,
            "eps_4q": 1.62,
            "eps_4q_growth_year": 13.18,
            "roe": 3.06,
            "roe_4q": 13.29,
            "gross_profit": 46744,
            "gross_margin": 15.71,
            "gross_margin_4q_avg": 15.55,
            "net_income": 21227,
            "net_income_4q": null,
            "revenue": 297635,
            "revenue_4q": null,
            "common_shares": 550140,
            "book_valuer_per_share": 12.82,
            "book_valuer_per_share_4q_avg": 12.26,
            "equity": 705345,
            "current_ratio": 304.54,
            "debt_ratio": 15.46,
            "inventory_turnover_ratio": 2.05,
            "account_receivable_turnover_ratio": null,
            "reinvestment_rate": 27.3,
            "research_to_sale_ratio": null,
            "price_fair": 52.85,
            "eps_avg_yearly": 1.51,
            "eps_latest_yearly": 1.56,
            "eps_growth_yearly": 32.18
        },
        "20062": {
            "year_quarter": 20062,
            "year": 2006,
            "quarter": 2,
            "eps": 0.52,
            "eps_growth_year": 173.68,
            "eps_4q": 1.95,
            "eps_4q_growth_year": 63.49,
            "roe": 4.11,
            "roe_4q": 15.829999999999998,
            "gross_profit": 57134,
            "gross_margin": 16.61,
            "gross_margin_4q_avg": 16.47,
            "net_income": 28448,
            "net_income_4q": null,
            "revenue": 344067,
            "revenue_4q": null,
            "common_shares": 550140,
            "book_valuer_per_share": 12.31,
            "book_valuer_per_share_4q_avg": 12.37,
            "equity": 677422,
            "current_ratio": 215.75,
            "debt_ratio": 22.53,
            "inventory_turnover_ratio": 2.36,
            "account_receivable_turnover_ratio": null,
            "reinvestment_rate": 14.84,
            "research_to_sale_ratio": null,
            "price_fair": 52.24,
            "eps_avg_yearly": 1.49,
            "eps_latest_yearly": 2.08,
            "eps_growth_yearly": 35.41
        },
        "20063": {
            "year_quarter": 20063,
            "year": 2006,
            "quarter": 3,
            "eps": 0.58,
            "eps_growth_year": 16,
            "eps_4q": 2,
            "eps_4q_growth_year": 52.26,
            "roe": 4.64,
            "roe_4q": 16.16,
            "gross_profit": 45506,
            "gross_margin": 13.46,
            "gross_margin_4q_avg": 15.94,
            "net_income": 32172,
            "net_income_4q": null,
            "revenue": 338184,
            "revenue_4q": null,
            "common_shares": 550140,
            "book_valuer_per_share": 12.9,
            "book_valuer_per_share_4q_avg": 12.62,
            "equity": 709594,
            "current_ratio": 258.98,
            "debt_ratio": 19.57,
            "inventory_turnover_ratio": 2.27,
            "account_receivable_turnover_ratio": null,
            "reinvestment_rate": 2.26,
            "research_to_sale_ratio": null,
            "price_fair": 53.73,
            "eps_avg_yearly": 1.54,
            "eps_latest_yearly": 2.32,
            "eps_growth_yearly": 45.92
        },
        "20064": {
            "year_quarter": 20064,
            "year": 2006,
            "quarter": 4,
            "eps": 0.28,
            "eps_growth_year": -47.17,
            "eps_4q": 1.74,
            "eps_4q_growth_year": 25.72,
            "roe": 2.19,
            "roe_4q": 14.000000000000002,
            "gross_profit": 42692,
            "gross_margin": 12.83,
            "gross_margin_4q_avg": 14.65,
            "net_income": 15677,
            "net_income_4q": null,
            "revenue": 332742,
            "revenue_4q": null,
            "common_shares": 550140,
            "book_valuer_per_share": 13.16,
            "book_valuer_per_share_4q_avg": 12.8,
            "equity": 724169,
            "current_ratio": 265.27,
            "debt_ratio": 19.8,
            "inventory_turnover_ratio": 2.12,
            "account_receivable_turnover_ratio": null,
            "reinvestment_rate": -2.67,
            "research_to_sale_ratio": null,
            "price_fair": 54.25,
            "eps_avg_yearly": 1.55,
            "eps_latest_yearly": 1.12,
            "eps_growth_yearly": 44.58
        },
        "20071": {
            "year_quarter": 20071,
            "year": 2007,
            "quarter": 1,
            "eps": 0.2,
            "eps_growth_year": -48.72,
            "eps_4q": 1.57,
            "eps_4q_growth_year": -3.3,
            "roe": 1.53,
            "roe_4q": 12.469999999999999,
            "gross_profit": 34351,
            "gross_margin": 10.66,
            "gross_margin_4q_avg": 13.39,
            "net_income": 11155,
            "net_income_4q": null,
            "revenue": 322186,
            "revenue_4q": null,
            "common_shares": 550140,
            "book_valuer_per_share": 13.37,
            "book_valuer_per_share_4q_avg": 12.94,
            "equity": 735324,
            "current_ratio": 265.49,
            "debt_ratio": 20.82,
            "inventory_turnover_ratio": 2.05,
            "account_receivable_turnover_ratio": null,
            "reinvestment_rate": -3.01,
            "research_to_sale_ratio": null,
            "price_fair": 53.29,
            "eps_avg_yearly": 1.52,
            "eps_latest_yearly": 0.8,
            "eps_growth_yearly": 27.21
        },
        "20072": {
            "year_quarter": 20072,
            "year": 2007,
            "quarter": 2,
            "eps": 0.3,
            "eps_growth_year": -42.31,
            "eps_4q": 1.36,
            "eps_4q_growth_year": -30.33,
            "roe": 2.37,
            "roe_4q": 10.73,
            "gross_profit": 40713,
            "gross_margin": 11.56,
            "gross_margin_4q_avg": 12.13,
            "net_income": 16764,
            "net_income_4q": null,
            "revenue": 352057,
            "revenue_4q": null,
            "common_shares": 550140,
            "book_valuer_per_share": 12.31,
            "book_valuer_per_share_4q_avg": 12.94,
            "equity": 677104,
            "current_ratio": 219.45,
            "debt_ratio": 24.51,
            "inventory_turnover_ratio": 2.15,
            "account_receivable_turnover_ratio": null,
            "reinvestment_rate": -4.02,
            "research_to_sale_ratio": null,
            "price_fair": 52.94,
            "eps_avg_yearly": 1.51,
            "eps_latest_yearly": 1.2,
            "eps_growth_yearly": 37.29
        },
        "20073": {
            "year_quarter": 20073,
            "year": 2007,
            "quarter": 3,
            "eps": 0.18,
            "eps_growth_year": -68.97,
            "eps_4q": 0.97,
            "eps_4q_growth_year": -51.72,
            "roe": 1.46,
            "roe_4q": 7.550000000000001,
            "gross_profit": 32055,
            "gross_margin": 9.3,
            "gross_margin_4q_avg": 11.09,
            "net_income": 9985,
            "net_income_4q": null,
            "revenue": 344835,
            "revenue_4q": null,
            "common_shares": 550140,
            "book_valuer_per_share": 12.49,
            "book_valuer_per_share_4q_avg": 12.83,
            "equity": 687089,
            "current_ratio": 272.31,
            "debt_ratio": 19.62,
            "inventory_turnover_ratio": 2.15,
            "account_receivable_turnover_ratio": null,
            "reinvestment_rate": -3.84,
            "research_to_sale_ratio": null,
            "price_fair": 47.92,
            "eps_avg_yearly": 1.46,
            "eps_latest_yearly": 0.72,
            "eps_growth_yearly": 22.88
        },
        "20074": {
            "year_quarter": 20074,
            "year": 2007,
            "quarter": 4,
            "eps": 0.16,
            "eps_growth_year": -42.86,
            "eps_4q": 0.84,
            "eps_4q_growth_year": -51.84,
            "roe": 1.29,
            "roe_4q": 6.65,
            "gross_profit": 34213,
            "gross_margin": 9.34,
            "gross_margin_4q_avg": 10.22,
            "net_income": 8934,
            "net_income_4q": null,
            "revenue": 366315,
            "revenue_4q": null,
            "common_shares": 550140,
            "book_valuer_per_share": 12.66,
            "book_valuer_per_share_4q_avg": 12.71,
            "equity": 696285,
            "current_ratio": 268.04,
            "debt_ratio": 19.76,
            "inventory_turnover_ratio": 2.55,
            "account_receivable_turnover_ratio": null,
            "reinvestment_rate": -2.5,
            "research_to_sale_ratio": null,
            "price_fair": 44.92,
            "eps_avg_yearly": 1.41,
            "eps_latest_yearly": 0.64,
            "eps_growth_yearly": 21.97
        },
        "20081": {
            "year_quarter": 20081,
            "year": 2008,
            "quarter": 1,
            "eps": 0.13,
            "eps_growth_year": -35,
            "eps_4q": 0.79,
            "eps_4q_growth_year": -49.77,
            "roe": 1.01,
            "roe_4q": 6.13,
            "gross_profit": 34307,
            "gross_margin": 8.96,
            "gross_margin_4q_avg": 9.79,
            "net_income": 7054,
            "net_income_4q": null,
            "revenue": 382901,
            "revenue_4q": null,
            "common_shares": 550140,
            "book_valuer_per_share": 12.78,
            "book_valuer_per_share_4q_avg": 12.56,
            "equity": 703339,
            "current_ratio": 301.1,
            "debt_ratio": 17.92,
            "inventory_turnover_ratio": 2.93,
            "account_receivable_turnover_ratio": null,
            "reinvestment_rate": -2.61,
            "research_to_sale_ratio": null,
            "price_fair": 38.66,
            "eps_avg_yearly": 1.35,
            "eps_latest_yearly": 0.52,
            "eps_growth_yearly": 18.64
        },
        "20082": {
            "year_quarter": 20082,
            "year": 2008,
            "quarter": 2,
            "eps": 0.36,
            "eps_growth_year": 20,
            "eps_4q": 0.83,
            "eps_4q_growth_year": -38.9,
            "roe": 2.87,
            "roe_4q": 6.63,
            "gross_profit": 46763,
            "gross_margin": 10.9,
            "gross_margin_4q_avg": 9.63,
            "net_income": 19959,
            "net_income_4q": null,
            "revenue": 428866,
            "revenue_4q": null,
            "common_shares": 550140,
            "book_valuer_per_share": 12.47,
            "book_valuer_per_share_4q_avg": 12.6,
            "equity": 685843,
            "current_ratio": 227.52,
            "debt_ratio": 24.73,
            "inventory_turnover_ratio": 2.95,
            "account_receivable_turnover_ratio": null,
            "reinvestment_rate": -7.36,
            "research_to_sale_ratio": null,
            "price_fair": 46.64,
            "eps_avg_yearly": 1.33,
            "eps_latest_yearly": 1.44,
            "eps_growth_yearly": 57.15
        },
        "20083": {
            "year_quarter": 20083,
            "year": 2008,
            "quarter": 3,
            "eps": 0.22,
            "eps_growth_year": 22.22,
            "eps_4q": 0.87,
            "eps_4q_growth_year": -9.74,
            "roe": 1.75,
            "roe_4q": 6.92,
            "gross_profit": 31168,
            "gross_margin": 8.33,
            "gross_margin_4q_avg": 9.38,
            "net_income": 12132,
            "net_income_4q": null,
            "revenue": 374253,
            "revenue_4q": null,
            "common_shares": 550140,
            "book_valuer_per_share": 12.69,
            "book_valuer_per_share_4q_avg": 12.65,
            "equity": 697975,
            "current_ratio": 299.06,
            "debt_ratio": 18.34,
            "inventory_turnover_ratio": 2.72,
            "account_receivable_turnover_ratio": null,
            "reinvestment_rate": -10.75,
            "research_to_sale_ratio": null,
            "price_fair": 45.41,
            "eps_avg_yearly": 1.3,
            "eps_latest_yearly": 0.88,
            "eps_growth_yearly": 51.5
        },
        "20084": {
            "year_quarter": 20084,
            "year": 2008,
            "quarter": 4,
            "eps": 0.09,
            "eps_growth_year": -43.75,
            "eps_4q": 0.81,
            "eps_4q_growth_year": -3.26,
            "roe": 0.7,
            "roe_4q": 6.33,
            "gross_profit": 20954,
            "gross_margin": 8.76,
            "gross_margin_4q_avg": 9.24,
            "net_income": 4883,
            "net_income_4q": null,
            "revenue": 239264,
            "revenue_4q": null,
            "common_shares": 550140,
            "book_valuer_per_share": 12.8,
            "book_valuer_per_share_4q_avg": 12.69,
            "equity": 704318,
            "current_ratio": 433.94,
            "debt_ratio": 12.85,
            "inventory_turnover_ratio": 2.6,
            "account_receivable_turnover_ratio": 3.05,
            "reinvestment_rate": -18.05,
            "research_to_sale_ratio": null,
            "price_fair": 42,
            "eps_avg_yearly": 1.2,
            "eps_latest_yearly": 0.36,
            "eps_growth_yearly": 28.4
        },
        "20091": {
            "year_quarter": 20091,
            "year": 2009,
            "quarter": 1,
            "eps": 0.36,
            "eps_growth_year": 176.92,
            "eps_4q": 1.03,
            "eps_4q_growth_year": 30.65,
            "roe": 2.79,
            "roe_4q": 8.11,
            "gross_profit": 42167,
            "gross_margin": 18.54,
            "gross_margin_4q_avg": 11.63,
            "net_income": 19897,
            "net_income_4q": null,
            "revenue": 227492,
            "revenue_4q": null,
            "common_shares": 550140,
            "book_valuer_per_share": 13.16,
            "book_valuer_per_share_4q_avg": 12.78,
            "equity": 724215,
            "current_ratio": 407.98,
            "debt_ratio": 14.19,
            "inventory_turnover_ratio": 3.11,
            "account_receivable_turnover_ratio": 1.34,
            "reinvestment_rate": -31.51,
            "research_to_sale_ratio": null,
            "price_fair": 43.66,
            "eps_avg_yearly": 1.25,
            "eps_latest_yearly": 1.44,
            "eps_growth_yearly": 119.54
        },
        "20092": {
            "year_quarter": 20092,
            "year": 2009,
            "quarter": 2,
            "eps": 0.51,
            "eps_growth_year": 41.67,
            "eps_4q": 1.19,
            "eps_4q_growth_year": 43.3,
            "roe": 3.87,
            "roe_4q": 9.11,
            "gross_profit": 53198,
            "gross_margin": 18.74,
            "gross_margin_4q_avg": 13.59,
            "net_income": 27800,
            "net_income_4q": null,
            "revenue": 283922,
            "revenue_4q": null,
            "common_shares": 550140,
            "book_valuer_per_share": 12.97,
            "book_valuer_per_share_4q_avg": 12.91,
            "equity": 713505,
            "current_ratio": 275.4,
            "debt_ratio": 21.82,
            "inventory_turnover_ratio": 3.17,
            "account_receivable_turnover_ratio": 1.46,
            "reinvestment_rate": -32.51,
            "research_to_sale_ratio": null,
            "price_fair": 46.46,
            "eps_avg_yearly": 1.33,
            "eps_latest_yearly": 2.04,
            "eps_growth_yearly": 127.02
        },
        "20093": {
            "year_quarter": 20093,
            "year": 2009,
            "quarter": 3,
            "eps": 0.1,
            "eps_growth_year": -54.55,
            "eps_4q": 1.03,
            "eps_4q_growth_year": 18.02,
            "roe": 0.79,
            "roe_4q": 8.15,
            "gross_profit": 29801,
            "gross_margin": 11.12,
            "gross_margin_4q_avg": 14.29,
            "net_income": 5660,
            "net_income_4q": null,
            "revenue": 267943,
            "revenue_4q": null,
            "common_shares": 550140,
            "book_valuer_per_share": 13.07,
            "book_valuer_per_share_4q_avg": 13,
            "equity": 719165,
            "current_ratio": 316.2,
            "debt_ratio": 19.24,
            "inventory_turnover_ratio": 2.98,
            "account_receivable_turnover_ratio": 1.33,
            "reinvestment_rate": -38.22,
            "research_to_sale_ratio": null,
            "price_fair": 42.96,
            "eps_avg_yearly": 1.23,
            "eps_latest_yearly": 0.4,
            "eps_growth_yearly": 66.13
        },
        "20094": {
            "year_quarter": 20094,
            "year": 2009,
            "quarter": 4,
            "eps": 0.52,
            "eps_growth_year": 477.78,
            "eps_4q": 1.49,
            "eps_4q_growth_year": 83.23,
            "roe": 3.89,
            "roe_4q": 11.34,
            "gross_profit": 52050,
            "gross_margin": 15.64,
            "gross_margin_4q_avg": 16.01,
            "net_income": 28443,
            "net_income_4q": null,
            "revenue": 332819,
            "revenue_4q": null,
            "common_shares": 550140,
            "book_valuer_per_share": 13.54,
            "book_valuer_per_share_4q_avg": 13.19,
            "equity": 745026,
            "current_ratio": 365.95,
            "debt_ratio": 17.25,
            "inventory_turnover_ratio": 3.5,
            "account_receivable_turnover_ratio": 3.02,
            "reinvestment_rate": -37.69,
            "research_to_sale_ratio": null,
            "price_fair": 42.88,
            "eps_avg_yearly": 1.23,
            "eps_latest_yearly": 2.08,
            "eps_growth_yearly": 169.63
        },
        "20101": {
            "year_quarter": 20101,
            "year": 2010,
            "quarter": 1,
            "eps": 0.17,
            "eps_growth_year": -52.78,
            "eps_4q": 1.3,
            "eps_4q_growth_year": 26.3,
            "roe": 1.28,
            "roe_4q": 9.83,
            "gross_profit": 29595,
            "gross_margin": 9.31,
            "gross_margin_4q_avg": 13.7,
            "net_income": 9594,
            "net_income_4q": null,
            "revenue": 317979,
            "revenue_4q": null,
            "common_shares": 550140,
            "book_valuer_per_share": 13.72,
            "book_valuer_per_share_4q_avg": 13.33,
            "equity": 754620,
            "current_ratio": 360.54,
            "debt_ratio": 18.09,
            "inventory_turnover_ratio": 3.31,
            "account_receivable_turnover_ratio": 1.44,
            "reinvestment_rate": -37.46,
            "research_to_sale_ratio": 0.35,
            "price_fair": 40.95,
            "eps_avg_yearly": 1.17,
            "eps_latest_yearly": 0.68,
            "eps_growth_yearly": 159.41
        },
        "20102": {
            "year_quarter": 20102,
            "year": 2010,
            "quarter": 2,
            "eps": 0.32,
            "eps_growth_year": -36.78,
            "eps_4q": 1.12,
            "eps_4q_growth_year": -5.94,
            "roe": 2.43,
            "roe_4q": 8.39,
            "gross_profit": 33340,
            "gross_margin": 10.5,
            "gross_margin_4q_avg": 11.64,
            "net_income": 17737,
            "net_income_4q": null,
            "revenue": 317583,
            "revenue_4q": null,
            "common_shares": 550140,
            "book_valuer_per_share": 12.84,
            "book_valuer_per_share_4q_avg": 13.29,
            "equity": 706340,
            "current_ratio": 285.03,
            "debt_ratio": 22.26,
            "inventory_turnover_ratio": 3.61,
            "account_receivable_turnover_ratio": 1.5,
            "reinvestment_rate": -38.44,
            "research_to_sale_ratio": 0.35,
            "price_fair": 39.2,
            "eps_avg_yearly": 1.12,
            "eps_latest_yearly": 1.28,
            "eps_growth_yearly": 173.13
        },
        "20103": {
            "year_quarter": 20103,
            "year": 2010,
            "quarter": 3,
            "eps": 0.27,
            "eps_growth_year": 172.66,
            "eps_4q": 1.29,
            "eps_4q_growth_year": 25.02,
            "roe": 2.1,
            "roe_4q": 9.700000000000001,
            "gross_profit": 35313,
            "gross_margin": 11.39,
            "gross_margin_4q_avg": 11.71,
            "net_income": 15000,
            "net_income_4q": null,
            "revenue": 310113,
            "revenue_4q": null,
            "common_shares": 550140,
            "book_valuer_per_share": 13.11,
            "book_valuer_per_share_4q_avg": 13.3,
            "equity": 721340,
            "current_ratio": 333.15,
            "debt_ratio": 19.27,
            "inventory_turnover_ratio": 3.03,
            "account_receivable_turnover_ratio": 1.51,
            "reinvestment_rate": -38.85,
            "research_to_sale_ratio": 0.37,
            "price_fair": 36.49,
            "eps_avg_yearly": 1.04,
            "eps_latest_yearly": 1.08,
            "eps_growth_yearly": 166.34
        },
        "20104": {
            "year_quarter": 20104,
            "year": 2010,
            "quarter": 4,
            "eps": 0.09,
            "eps_growth_year": -82.55,
            "eps_4q": 0.86,
            "eps_4q_growth_year": -42.15,
            "roe": 0.69,
            "roe_4q": 6.500000000000001,
            "gross_profit": 39793,
            "gross_margin": 10.49,
            "gross_margin_4q_avg": 10.42,
            "net_income": 4992,
            "net_income_4q": null,
            "revenue": 379248,
            "revenue_4q": null,
            "common_shares": 550140,
            "book_valuer_per_share": 13.16,
            "book_valuer_per_share_4q_avg": 13.21,
            "equity": 724035,
            "current_ratio": 332.48,
            "debt_ratio": 19.61,
            "inventory_turnover_ratio": 3.22,
            "account_receivable_turnover_ratio": 1.72,
            "reinvestment_rate": -40.45,
            "research_to_sale_ratio": 0.37,
            "price_fair": 34.83,
            "eps_avg_yearly": 1,
            "eps_latest_yearly": 0.36,
            "eps_growth_yearly": 162.61
        },
        "20111": {
            "year_quarter": 20111,
            "year": 2011,
            "quarter": 1,
            "eps": 0.26,
            "eps_growth_year": 52.94,
            "eps_4q": 0.94,
            "eps_4q_growth_year": -27.48,
            "roe": 1.93,
            "roe_4q": 7.15,
            "gross_profit": 31302,
            "gross_margin": 9.75,
            "gross_margin_4q_avg": 10.53,
            "net_income": 14120,
            "net_income_4q": null,
            "revenue": 320977,
            "revenue_4q": null,
            "common_shares": 550140,
            "book_valuer_per_share": 13.42,
            "book_valuer_per_share_4q_avg": 13.13,
            "equity": 738155,
            "current_ratio": 371.32,
            "debt_ratio": 18.17,
            "inventory_turnover_ratio": 2.49,
            "account_receivable_turnover_ratio": 1.38,
            "reinvestment_rate": -38.28,
            "research_to_sale_ratio": 0.36,
            "price_fair": 35.35,
            "eps_avg_yearly": 1.01,
            "eps_latest_yearly": 1.04,
            "eps_growth_yearly": 216.97
        },
        "20112": {
            "year_quarter": 20112,
            "year": 2011,
            "quarter": 2,
            "eps": 0.38,
            "eps_growth_year": 18.66,
            "eps_4q": 1,
            "eps_4q_growth_year": -10.21,
            "roe": 2.9,
            "roe_4q": 7.619999999999999,
            "gross_profit": 41321,
            "gross_margin": 10.79,
            "gross_margin_4q_avg": 10.61,
            "net_income": 21047,
            "net_income_4q": null,
            "revenue": 382853,
            "revenue_4q": null,
            "common_shares": 550140,
            "book_valuer_per_share": 13,
            "book_valuer_per_share_4q_avg": 13.17,
            "equity": 715191,
            "current_ratio": 264.14,
            "debt_ratio": 25.24,
            "inventory_turnover_ratio": 2.71,
            "account_receivable_turnover_ratio": 1.58,
            "reinvestment_rate": -36.05,
            "research_to_sale_ratio": 0.35,
            "price_fair": 36.05,
            "eps_avg_yearly": 1.03,
            "eps_latest_yearly": 1.52,
            "eps_growth_yearly": 216.01
        },
        "20113": {
            "year_quarter": 20113,
            "year": 2011,
            "quarter": 3,
            "eps": 0.33,
            "eps_growth_year": 20.63,
            "eps_4q": 1.06,
            "eps_4q_growth_year": -17.69,
            "roe": 2.5,
            "roe_4q": 8.02,
            "gross_profit": 33355,
            "gross_margin": 10.51,
            "gross_margin_4q_avg": 10.39,
            "net_income": 18094,
            "net_income_4q": null,
            "revenue": 317493,
            "revenue_4q": null,
            "common_shares": 550140,
            "book_valuer_per_share": 13.33,
            "book_valuer_per_share_4q_avg": 13.23,
            "equity": 733285,
            "current_ratio": 305.86,
            "debt_ratio": 22.01,
            "inventory_turnover_ratio": 2.42,
            "account_receivable_turnover_ratio": 1.29,
            "reinvestment_rate": -33.23,
            "research_to_sale_ratio": 0.41,
            "price_fair": 37.36,
            "eps_avg_yearly": 1.07,
            "eps_latest_yearly": 1.32,
            "eps_growth_yearly": 222.72
        },
        "20114": {
            "year_quarter": 20114,
            "year": 2011,
            "quarter": 4,
            "eps": 0.25,
            "eps_growth_year": 179.41,
            "eps_4q": 1.22,
            "eps_4q_growth_year": 42.02,
            "roe": 1.88,
            "roe_4q": 9.209999999999999,
            "gross_profit": 31786,
            "gross_margin": 10.72,
            "gross_margin_4q_avg": 10.44,
            "net_income": 13948,
            "net_income_4q": null,
            "revenue": 296546,
            "revenue_4q": null,
            "common_shares": 550140,
            "book_valuer_per_share": 13.66,
            "book_valuer_per_share_4q_avg": 13.35,
            "equity": 751650,
            "current_ratio": 337.51,
            "debt_ratio": 20,
            "inventory_turnover_ratio": 2.46,
            "account_receivable_turnover_ratio": 1.32,
            "reinvestment_rate": -32.26,
            "research_to_sale_ratio": 0.39,
            "price_fair": 38.15,
            "eps_avg_yearly": 1.09,
            "eps_latest_yearly": 1,
            "eps_growth_yearly": 219.44
        },
        "20121": {
            "year_quarter": 20121,
            "year": 2012,
            "quarter": 1,
            "eps": 0.63,
            "eps_growth_year": 142.31,
            "eps_4q": 1.59,
            "eps_4q_growth_year": 69.06,
            "roe": 4.5,
            "roe_4q": 11.78,
            "gross_profit": 59978,
            "gross_margin": 15.76,
            "gross_margin_4q_avg": 11.95,
            "net_income": 34566,
            "net_income_4q": null,
            "revenue": 380630,
            "revenue_4q": null,
            "common_shares": 550140,
            "book_valuer_per_share": 14.29,
            "book_valuer_per_share_4q_avg": 13.57,
            "equity": 786216,
            "current_ratio": 378.52,
            "debt_ratio": 17.95,
            "inventory_turnover_ratio": 3.47,
            "account_receivable_turnover_ratio": 1.56,
            "reinvestment_rate": -27.28,
            "research_to_sale_ratio": 0.32,
            "price_fair": 42.53,
            "eps_avg_yearly": 1.22,
            "eps_latest_yearly": 2.52,
            "eps_growth_yearly": 262.12
        },
        "20122": {
            "year_quarter": 20122,
            "year": 2012,
            "quarter": 2,
            "eps": 0.63,
            "eps_growth_year": 64.85,
            "eps_4q": 1.84,
            "eps_4q_growth_year": 83.66,
            "roe": 4.49,
            "roe_4q": 13.370000000000001,
            "gross_profit": 57892,
            "gross_margin": 16.28,
            "gross_margin_4q_avg": 13.32,
            "net_income": 34696,
            "net_income_4q": null,
            "revenue": 355618,
            "revenue_4q": null,
            "common_shares": 550140,
            "book_valuer_per_share": 13.82,
            "book_valuer_per_share_4q_avg": 13.78,
            "equity": 760397,
            "current_ratio": 312.01,
            "debt_ratio": 21.79,
            "inventory_turnover_ratio": 3.2,
            "account_receivable_turnover_ratio": 1.32,
            "reinvestment_rate": -27.17,
            "research_to_sale_ratio": 0.35,
            "price_fair": 44.89,
            "eps_avg_yearly": 1.28,
            "eps_latest_yearly": 2.52,
            "eps_growth_yearly": 217.89
        },
        "20123": {
            "year_quarter": 20123,
            "year": 2012,
            "quarter": 3,
            "eps": 0.62,
            "eps_growth_year": 87.59,
            "eps_4q": 2.13,
            "eps_4q_growth_year": 101.11,
            "roe": 4.37,
            "roe_4q": 15.239999999999998,
            "gross_profit": 58108,
            "gross_margin": 16.93,
            "gross_margin_4q_avg": 14.92,
            "net_income": 33943,
            "net_income_4q": null,
            "revenue": 343318,
            "revenue_4q": null,
            "common_shares": 550140,
            "book_valuer_per_share": 14.44,
            "book_valuer_per_share_4q_avg": 14.05,
            "equity": 794340,
            "current_ratio": 372.64,
            "debt_ratio": 19.08,
            "inventory_turnover_ratio": 2.69,
            "account_receivable_turnover_ratio": 1.31,
            "reinvestment_rate": -24.88,
            "research_to_sale_ratio": 0.37,
            "price_fair": 48.39,
            "eps_avg_yearly": 1.38,
            "eps_latest_yearly": 2.48,
            "eps_growth_yearly": 227.22
        },
        "20124": {
            "year_quarter": 20124,
            "year": 2012,
            "quarter": 4,
            "eps": 0.54,
            "eps_growth_year": 112.52,
            "eps_4q": 2.41,
            "eps_4q_growth_year": 97.66,
            "roe": 3.66,
            "roe_4q": 17.020000000000003,
            "gross_profit": 58482,
            "gross_margin": 17.71,
            "gross_margin_4q_avg": 16.67,
            "net_income": 29642,
            "net_income_4q": null,
            "revenue": 330223,
            "revenue_4q": null,
            "common_shares": 550140,
            "book_valuer_per_share": 14.98,
            "book_valuer_per_share_4q_avg": 14.38,
            "equity": 823893,
            "current_ratio": 394.11,
            "debt_ratio": 18.1,
            "inventory_turnover_ratio": 2.3,
            "account_receivable_turnover_ratio": 1.38,
            "reinvestment_rate": -22.34,
            "research_to_sale_ratio": 0.55,
            "price_fair": 52.33,
            "eps_avg_yearly": 1.5,
            "eps_latest_yearly": 2.16,
            "eps_growth_yearly": 238.77
        },
        "20131": {
            "year_quarter": 20131,
            "year": 2013,
            "quarter": 1,
            "eps": 0.66,
            "eps_growth_year": 4.76,
            "eps_4q": 2.44,
            "eps_4q_growth_year": 53.38,
            "roe": 4.32,
            "roe_4q": 16.840000000000003,
            "gross_profit": 55461,
            "gross_margin": 18.7,
            "gross_margin_4q_avg": 17.41,
            "net_income": 36162,
            "net_income_4q": null,
            "revenue": 296537,
            "revenue_4q": null,
            "common_shares": 550140,
            "book_valuer_per_share": 15.48,
            "book_valuer_per_share_4q_avg": 14.68,
            "equity": 851379,
            "current_ratio": 425.56,
            "debt_ratio": 18.14,
            "inventory_turnover_ratio": 2.01,
            "account_receivable_turnover_ratio": 1.34,
            "reinvestment_rate": -20.62,
            "research_to_sale_ratio": 0.3,
            "price_fair": 54.95,
            "eps_avg_yearly": 1.57,
            "eps_latest_yearly": 2.64,
            "eps_growth_yearly": 169.32
        },
        "20132": {
            "year_quarter": 20132,
            "year": 2013,
            "quarter": 2,
            "eps": 0.77,
            "eps_growth_year": 22.09,
            "eps_4q": 2.58,
            "eps_4q_growth_year": 40.31,
            "roe": 5.13,
            "roe_4q": 17.48,
            "gross_profit": 69030,
            "gross_margin": 19.31,
            "gross_margin_4q_avg": 18.16,
            "net_income": 42397,
            "net_income_4q": null,
            "revenue": 357539,
            "revenue_4q": null,
            "common_shares": 550140,
            "book_valuer_per_share": 14.55,
            "book_valuer_per_share_4q_avg": 14.86,
            "equity": 800252,
            "current_ratio": 272.95,
            "debt_ratio": 27.73,
            "inventory_turnover_ratio": 2.28,
            "account_receivable_turnover_ratio": 1.48,
            "reinvestment_rate": -18.78,
            "research_to_sale_ratio": 0.35,
            "price_fair": 57.23,
            "eps_avg_yearly": 1.64,
            "eps_latest_yearly": 3.08,
            "eps_growth_yearly": 163.07
        },
        "20133": {
            "year_quarter": 20133,
            "year": 2013,
            "quarter": 3,
            "eps": 0.55,
            "eps_growth_year": -10.86,
            "eps_4q": 2.52,
            "eps_4q_growth_year": 18.4,
            "roe": 3.74,
            "roe_4q": 16.85,
            "gross_profit": 53010,
            "gross_margin": 16.63,
            "gross_margin_4q_avg": 18.09,
            "net_income": 30514,
            "net_income_4q": null,
            "revenue": 318751,
            "revenue_4q": null,
            "common_shares": 550140,
            "book_valuer_per_share": 15.1,
            "book_valuer_per_share_4q_avg": 15.03,
            "equity": 830766,
            "current_ratio": 443.49,
            "debt_ratio": 17.99,
            "inventory_turnover_ratio": 2.19,
            "account_receivable_turnover_ratio": 1.39,
            "reinvestment_rate": -17,
            "research_to_sale_ratio": 0.38,
            "price_fair": 61.16,
            "eps_avg_yearly": 1.75,
            "eps_latest_yearly": 2.2,
            "eps_growth_yearly": 176.03
        },
        "20134": {
            "year_quarter": 20134,
            "year": 2013,
            "quarter": 4,
            "eps": 0.57,
            "eps_growth_year": 5.93,
            "eps_4q": 2.55,
            "eps_4q_growth_year": 5.74,
            "roe": 3.71,
            "roe_4q": 16.9,
            "gross_profit": 58113,
            "gross_margin": 16.96,
            "gross_margin_4q_avg": 17.9,
            "net_income": 31401,
            "net_income_4q": null,
            "revenue": 342685,
            "revenue_4q": null,
            "common_shares": 550140,
            "book_valuer_per_share": 15.69,
            "book_valuer_per_share_4q_avg": 15.21,
            "equity": 863116,
            "current_ratio": 426.07,
            "debt_ratio": 18.29,
            "inventory_turnover_ratio": 2.6,
            "account_receivable_turnover_ratio": 1.64,
            "reinvestment_rate": -16.46,
            "research_to_sale_ratio": 0.51,
            "price_fair": 61.6,
            "eps_avg_yearly": 1.76,
            "eps_latest_yearly": 2.28,
            "eps_growth_yearly": 71.94
        },
        "20141": {
            "year_quarter": 20141,
            "year": 2014,
            "quarter": 1,
            "eps": 0.61,
            "eps_growth_year": -7.58,
            "eps_4q": 2.51,
            "eps_4q_growth_year": 2.63,
            "roe": 3.83,
            "roe_4q": 16.41,
            "gross_profit": 54555,
            "gross_margin": 15.9,
            "gross_margin_4q_avg": 17.2,
            "net_income": 33669,
            "net_income_4q": null,
            "revenue": 343045,
            "revenue_4q": null,
            "common_shares": 550140,
            "book_valuer_per_share": 16.3,
            "book_valuer_per_share_4q_avg": 15.41,
            "equity": 896785,
            "current_ratio": 441.18,
            "debt_ratio": 18.27,
            "inventory_turnover_ratio": 2.85,
            "account_receivable_turnover_ratio": 1.58,
            "reinvestment_rate": -15.65,
            "research_to_sale_ratio": 0.25,
            "price_fair": 65.45,
            "eps_avg_yearly": 1.87,
            "eps_latest_yearly": 2.44,
            "eps_growth_yearly": 90.52
        },
        "20142": {
            "year_quarter": 20142,
            "year": 2014,
            "quarter": 2,
            "eps": 0.55,
            "eps_growth_year": -28.57,
            "eps_4q": 2.29,
            "eps_4q_growth_year": -11.38,
            "roe": 3.52,
            "roe_4q": 14.799999999999999,
            "gross_profit": 59197,
            "gross_margin": 16.02,
            "gross_margin_4q_avg": 16.38,
            "net_income": 30378,
            "net_income_4q": null,
            "revenue": 369431,
            "revenue_4q": null,
            "common_shares": 550140,
            "book_valuer_per_share": 15.05,
            "book_valuer_per_share_4q_avg": 15.54,
            "equity": 828138,
            "current_ratio": 286.73,
            "debt_ratio": 26.94,
            "inventory_turnover_ratio": 3.08,
            "account_receivable_turnover_ratio": 1.59,
            "reinvestment_rate": -14.24,
            "research_to_sale_ratio": 0.33,
            "price_fair": 67.46,
            "eps_avg_yearly": 1.93,
            "eps_latest_yearly": 2.2,
            "eps_growth_yearly": 66
        },
        "20143": {
            "year_quarter": 20143,
            "year": 2014,
            "quarter": 3,
            "eps": 0.5,
            "eps_growth_year": -9.09,
            "eps_4q": 2.24,
            "eps_4q_growth_year": -11.33,
            "roe": 3.27,
            "roe_4q": 14.330000000000002,
            "gross_profit": 52148,
            "gross_margin": 14.82,
            "gross_margin_4q_avg": 15.93,
            "net_income": 27544,
            "net_income_4q": null,
            "revenue": 351970,
            "revenue_4q": null,
            "common_shares": 550140,
            "book_valuer_per_share": 15.55,
            "book_valuer_per_share_4q_avg": 15.65,
            "equity": 855682,
            "current_ratio": 477.33,
            "debt_ratio": 16.67,
            "inventory_turnover_ratio": 2.89,
            "account_receivable_turnover_ratio": 1.48,
            "reinvestment_rate": -12.38,
            "research_to_sale_ratio": 0.35,
            "price_fair": 69.48,
            "eps_avg_yearly": 1.99,
            "eps_latest_yearly": 2,
            "eps_growth_yearly": 67.63
        },
        "20144": {
            "year_quarter": 20144,
            "year": 2014,
            "quarter": 4,
            "eps": 0.68,
            "eps_growth_year": 18.83,
            "eps_4q": 2.34,
            "eps_4q_growth_year": -8.24,
            "roe": 4.27,
            "roe_4q": 14.889999999999999,
            "gross_profit": 63496,
            "gross_margin": 17.35,
            "gross_margin_4q_avg": 16.02,
            "net_income": 37314,
            "net_income_4q": null,
            "revenue": 365986,
            "revenue_4q": null,
            "common_shares": 550140,
            "book_valuer_per_share": 16.2,
            "book_valuer_per_share_4q_avg": 15.78,
            "equity": 891218,
            "current_ratio": 446.81,
            "debt_ratio": 17.91,
            "inventory_turnover_ratio": 2.95,
            "account_receivable_turnover_ratio": 1.68,
            "reinvestment_rate": -12.2,
            "research_to_sale_ratio": 0.35,
            "price_fair": 74.64,
            "eps_avg_yearly": 2.13,
            "eps_latest_yearly": 2.72,
            "eps_growth_yearly": 93.3
        },
        "20151": {
            "year_quarter": 20151,
            "year": 2015,
            "quarter": 1,
            "eps": 0.48,
            "eps_growth_year": -21.31,
            "eps_4q": 2.21,
            "eps_4q_growth_year": -11.85,
            "roe": 2.92,
            "roe_4q": 13.979999999999999,
            "gross_profit": 47784,
            "gross_margin": 17.5,
            "gross_margin_4q_avg": 16.42,
            "net_income": 26388,
            "net_income_4q": null,
            "revenue": 272976,
            "revenue_4q": null,
            "common_shares": 550140,
            "book_valuer_per_share": 16.68,
            "book_valuer_per_share_4q_avg": 15.87,
            "equity": 917606,
            "current_ratio": 539.48,
            "debt_ratio": 15.49,
            "inventory_turnover_ratio": 2.1,
            "account_receivable_turnover_ratio": 1.41,
            "reinvestment_rate": -12.4,
            "research_to_sale_ratio": 0.5,
            "price_fair": 76.56,
            "eps_avg_yearly": 2.19,
            "eps_latest_yearly": 1.92,
            "eps_growth_yearly": 38.72
        },
        "20152": {
            "year_quarter": 20152,
            "year": 2015,
            "quarter": 2,
            "eps": 0.77,
            "eps_growth_year": 40,
            "eps_4q": 2.43,
            "eps_4q_growth_year": 6.19,
            "roe": 4.78,
            "roe_4q": 15.239999999999998,
            "gross_profit": 71109,
            "gross_margin": 20.23,
            "gross_margin_4q_avg": 17.48,
            "net_income": 42515,
            "net_income_4q": null,
            "revenue": 351552,
            "revenue_4q": null,
            "common_shares": 550140,
            "book_valuer_per_share": 15.65,
            "book_valuer_per_share_4q_avg": 16.02,
            "equity": 861096,
            "current_ratio": 327.77,
            "debt_ratio": 24.1,
            "inventory_turnover_ratio": 2.91,
            "account_receivable_turnover_ratio": 1.71,
            "reinvestment_rate": -12.4,
            "research_to_sale_ratio": 0.54,
            "price_fair": 79.98,
            "eps_avg_yearly": 2.29,
            "eps_latest_yearly": 3.08,
            "eps_growth_yearly": 42.29
        },
        "20153": {
            "year_quarter": 20153,
            "year": 2015,
            "quarter": 3,
            "eps": 0.85,
            "eps_growth_year": 70,
            "eps_4q": 2.78,
            "eps_4q_growth_year": 24.26,
            "roe": 5.27,
            "roe_4q": 17.240000000000002,
            "gross_profit": 57863,
            "gross_margin": 19.29,
            "gross_margin_4q_avg": 18.59,
            "net_income": 46616,
            "net_income_4q": null,
            "revenue": 299904,
            "revenue_4q": null,
            "common_shares": 550140,
            "book_valuer_per_share": 16.5,
            "book_valuer_per_share_4q_avg": 16.26,
            "equity": 907712,
            "current_ratio": 514.86,
            "debt_ratio": 16.09,
            "inventory_turnover_ratio": 3.07,
            "account_receivable_turnover_ratio": 1.31,
            "reinvestment_rate": -11.93,
            "research_to_sale_ratio": 0.63,
            "price_fair": 84.53,
            "eps_avg_yearly": 2.42,
            "eps_latest_yearly": 3.4,
            "eps_growth_yearly": 48.18
        },
        "20154": {
            "year_quarter": 20154,
            "year": 2015,
            "quarter": 4,
            "eps": 0.86,
            "eps_growth_year": 26.75,
            "eps_4q": 2.96,
            "eps_4q_growth_year": 26.31,
            "roe": 5.08,
            "roe_4q": 18.049999999999997,
            "gross_profit": 83280,
            "gross_margin": 25.45,
            "gross_margin_4q_avg": 20.62,
            "net_income": 47297,
            "net_income_4q": null,
            "revenue": 327290,
            "revenue_4q": null,
            "common_shares": 550140,
            "book_valuer_per_share": 17.33,
            "book_valuer_per_share_4q_avg": 16.54,
            "equity": 953489,
            "current_ratio": 528.25,
            "debt_ratio": 15.76,
            "inventory_turnover_ratio": 3.29,
            "account_receivable_turnover_ratio": 1.55,
            "reinvestment_rate": -11.27,
            "research_to_sale_ratio": 0.65,
            "price_fair": 89.86,
            "eps_avg_yearly": 2.57,
            "eps_latest_yearly": 3.44,
            "eps_growth_yearly": 54.53
        },
        "20161": {
            "year_quarter": 20161,
            "year": 2016,
            "quarter": 1,
            "eps": 0.63,
            "eps_growth_year": 31.25,
            "eps_4q": 3.11,
            "eps_4q_growth_year": 40.54,
            "roe": 3.55,
            "roe_4q": 18.68,
            "gross_profit": 60920,
            "gross_margin": 23.56,
            "gross_margin_4q_avg": 22.13,
            "net_income": 34501,
            "net_income_4q": null,
            "revenue": 258590,
            "revenue_4q": null,
            "common_shares": 550140,
            "book_valuer_per_share": 17.96,
            "book_valuer_per_share_4q_avg": 16.86,
            "equity": 987990,
            "current_ratio": 579.6,
            "debt_ratio": 14.8,
            "inventory_turnover_ratio": 2.52,
            "account_receivable_turnover_ratio": 1.35,
            "reinvestment_rate": -11.21,
            "research_to_sale_ratio": 0.76,
            "price_fair": 50.95,
            "eps_avg_yearly": 2.57,
            "eps_latest_yearly": 2.52,
            "eps_growth_yearly": 9.85
        },
        "20162": {
            "year_quarter": 20162,
            "year": 2016,
            "quarter": 2,
            "eps": 0.93,
            "eps_growth_year": 20.78,
            "eps_4q": 3.27,
            "eps_4q_growth_year": 34.44,
            "roe": 5.41,
            "roe_4q": 19.310000000000002,
            "gross_profit": 81792,
            "gross_margin": 24.72,
            "gross_margin_4q_avg": 23.26,
            "net_income": 51416,
            "net_income_4q": null,
            "revenue": 330883,
            "revenue_4q": null,
            "common_shares": 550140,
            "book_valuer_per_share": 16.59,
            "book_valuer_per_share_4q_avg": 17.1,
            "equity": 912874,
            "current_ratio": 311.73,
            "debt_ratio": 25.89,
            "inventory_turnover_ratio": 3.48,
            "account_receivable_turnover_ratio": 1.57,
            "reinvestment_rate": -9.8,
            "research_to_sale_ratio": 0.63,
            "price_fair": 83.9,
            "eps_avg_yearly": 2.64,
            "eps_latest_yearly": 3.72,
            "eps_growth_yearly": 21.75
        },
        "20163": {
            "year_quarter": 20163,
            "year": 2016,
            "quarter": 3,
            "eps": 0.41,
            "eps_growth_year": -51.76,
            "eps_4q": 2.83,
            "eps_4q_growth_year": 1.92,
            "roe": 2.44,
            "roe_4q": 16.479999999999997,
            "gross_profit": 61892,
            "gross_margin": 22.52,
            "gross_margin_4q_avg": 24.06,
            "net_income": 22551,
            "net_income_4q": null,
            "revenue": 274834,
            "revenue_4q": null,
            "common_shares": 550140,
            "book_valuer_per_share": 17,
            "book_valuer_per_share_4q_avg": 17.22,
            "equity": 935425,
            "current_ratio": 494.18,
            "debt_ratio": 16.58,
            "inventory_turnover_ratio": 2.76,
            "account_receivable_turnover_ratio": 1.29,
            "reinvestment_rate": -5.29,
            "research_to_sale_ratio": 0.8,
            "price_fair": 47.06,
            "eps_avg_yearly": 2.59,
            "eps_latest_yearly": 1.64,
            "eps_growth_yearly": 8.17
        },
        "20164": {
            "year_quarter": 20164,
            "year": 2016,
            "quarter": 4,
            "eps": 1.03,
            "eps_growth_year": 19.66,
            "eps_4q": 3,
            "eps_4q_growth_year": 1.38,
            "roe": 5.88,
            "roe_4q": 17.28,
            "gross_profit": 76344,
            "gross_margin": 23.76,
            "gross_margin_4q_avg": 23.64,
            "net_income": 56595,
            "net_income_4q": null,
            "revenue": 321323,
            "revenue_4q": null,
            "common_shares": 550140,
            "book_valuer_per_share": 17.96,
            "book_valuer_per_share_4q_avg": 17.38,
            "equity": 987929,
            "current_ratio": 561.93,
            "debt_ratio": 15.35,
            "inventory_turnover_ratio": 2.68,
            "account_receivable_turnover_ratio": 1.53,
            "reinvestment_rate": -4.41,
            "research_to_sale_ratio": 0.62,
            "price_fair": 94.94,
            "eps_avg_yearly": 2.71,
            "eps_latest_yearly": 4.12,
            "eps_growth_yearly": 49.2
        },
        "20171": {
            "year_quarter": 20171,
            "year": 2017,
            "quarter": 1,
            "eps": 0.38,
            "eps_growth_year": -39.68,
            "eps_4q": 2.76,
            "eps_4q_growth_year": -11.29,
            "roe": 2.11,
            "roe_4q": 15.84,
            "gross_profit": 67621,
            "gross_margin": 23.2,
            "gross_margin_4q_avg": 23.55,
            "net_income": 21071,
            "net_income_4q": null,
            "revenue": 291457,
            "revenue_4q": null,
            "common_shares": 550140,
            "book_valuer_per_share": 18.34,
            "book_valuer_per_share_4q_avg": 17.47,
            "equity": 1009000,
            "current_ratio": 597.08,
            "debt_ratio": 14.43,
            "inventory_turnover_ratio": 2.13,
            "account_receivable_turnover_ratio": 1.32,
            "reinvestment_rate": -4.12,
            "research_to_sale_ratio": 0.7,
            "price_fair": 92.49,
            "eps_avg_yearly": 2.64,
            "eps_latest_yearly": 1.52,
            "eps_growth_yearly": 27.87
        },
        "20172": {
            "year_quarter": 20172,
            "year": 2017,
            "quarter": 2,
            "eps": 0.79,
            "eps_growth_year": -15.05,
            "eps_4q": 2.61,
            "eps_4q_growth_year": -20.04,
            "roe": 4.52,
            "roe_4q": 14.949999999999998,
            "gross_profit": 69822,
            "gross_margin": 23.53,
            "gross_margin_4q_avg": 23.25,
            "net_income": 43568,
            "net_income_4q": null,
            "revenue": 296744,
            "revenue_4q": null,
            "common_shares": 550140,
            "book_valuer_per_share": 16.73,
            "book_valuer_per_share_4q_avg": 17.51,
            "equity": 920534,
            "current_ratio": 325.6,
            "debt_ratio": 24.84,
            "inventory_turnover_ratio": 2.15,
            "account_receivable_turnover_ratio": 1.42,
            "reinvestment_rate": -3.85,
            "research_to_sale_ratio": 0.71,
            "price_fair": 92.66,
            "eps_avg_yearly": 2.65,
            "eps_latest_yearly": 3.16,
            "eps_growth_yearly": 50.67
        },
        "20173": {
            "year_quarter": 20173,
            "year": 2017,
            "quarter": 3,
            "eps": 0.67,
            "eps_growth_year": 63.41,
            "eps_4q": 2.87,
            "eps_4q_growth_year": 1.54,
            "roe": 3.93,
            "roe_4q": 16.439999999999998,
            "gross_profit": 62751,
            "gross_margin": 21.57,
            "gross_margin_4q_avg": 23.02,
            "net_income": 36923,
            "net_income_4q": null,
            "revenue": 290859,
            "revenue_4q": null,
            "common_shares": 550140,
            "book_valuer_per_share": 17.4,
            "book_valuer_per_share_4q_avg": 17.61,
            "equity": 957457,
            "current_ratio": 632.62,
            "debt_ratio": 14.1,
            "inventory_turnover_ratio": 2.24,
            "account_receivable_turnover_ratio": 1.41,
            "reinvestment_rate": -3.55,
            "research_to_sale_ratio": 0.71,
            "price_fair": 93.71,
            "eps_avg_yearly": 2.68,
            "eps_latest_yearly": 2.68,
            "eps_growth_yearly": 54.02
        },
        "20174": {
            "year_quarter": 20174,
            "year": 2017,
            "quarter": 4,
            "eps": 0.65,
            "eps_growth_year": -37.07,
            "eps_4q": 2.49,
            "eps_4q_growth_year": -16.89,
            "roe": 3.65,
            "roe_4q": 14.209999999999999,
            "gross_profit": 71250,
            "gross_margin": 23.14,
            "gross_margin_4q_avg": 22.86,
            "net_income": 35615,
            "net_income_4q": null,
            "revenue": 307906,
            "revenue_4q": null,
            "common_shares": 550140,
            "book_valuer_per_share": 18.04,
            "book_valuer_per_share_4q_avg": 17.63,
            "equity": 992495,
            "current_ratio": 532.03,
            "debt_ratio": 16.22,
            "inventory_turnover_ratio": 2.27,
            "account_receivable_turnover_ratio": 1.43,
            "reinvestment_rate": -1.69,
            "research_to_sale_ratio": 0.69,
            "price_fair": 94.41,
            "eps_avg_yearly": 2.7,
            "eps_latest_yearly": 2.6,
            "eps_growth_yearly": 52.36
        },
        "20181": {
            "year_quarter": 20181,
            "year": 2018,
            "quarter": 1,
            "eps": 0.69,
            "eps_growth_year": 81.58,
            "eps_4q": 2.8,
            "eps_4q_growth_year": 1.45,
            "roe": 3.73,
            "roe_4q": 15.83,
            "gross_profit": 71276,
            "gross_margin": 24.36,
            "gross_margin_4q_avg": 23.15,
            "net_income": 37724,
            "net_income_4q": null,
            "revenue": 292554,
            "revenue_4q": null,
            "common_shares": 550140,
            "book_valuer_per_share": 18.73,
            "book_valuer_per_share_4q_avg": 17.73,
            "equity": 1030472,
            "current_ratio": 606.63,
            "debt_ratio": 14.55,
            "inventory_turnover_ratio": 2.23,
            "account_receivable_turnover_ratio": 1.37,
            "reinvestment_rate": -1.08,
            "research_to_sale_ratio": 0.71,
            "price_fair": 95.11,
            "eps_avg_yearly": 2.72,
            "eps_latest_yearly": 2.76,
            "eps_growth_yearly": 52.15
        },
        "20182": {
            "year_quarter": 20182,
            "year": 2018,
            "quarter": 2,
            "eps": 1.09,
            "eps_growth_year": 37.97,
            "eps_4q": 3.09,
            "eps_4q_growth_year": 18.21,
            "roe": 6,
            "roe_4q": 17.310000000000002,
            "gross_profit": 75429,
            "gross_margin": 25.41,
            "gross_margin_4q_avg": 23.62,
            "net_income": 59700,
            "net_income_4q": null,
            "revenue": 296821,
            "revenue_4q": null,
            "common_shares": 550140,
            "book_valuer_per_share": 17.42,
            "book_valuer_per_share_4q_avg": 17.9,
            "equity": 958138,
            "current_ratio": 336.81,
            "debt_ratio": 24.32,
            "inventory_turnover_ratio": 2.19,
            "account_receivable_turnover_ratio": 1.38,
            "reinvestment_rate": -0.79,
            "research_to_sale_ratio": 0.75,
            "price_fair": 99.84,
            "eps_avg_yearly": 2.85,
            "eps_latest_yearly": 4.36,
            "eps_growth_yearly": 69.1
        },
        "20183": {
            "year_quarter": 20183,
            "year": 2018,
            "quarter": 3,
            "eps": 0.66,
            "eps_growth_year": -1.49,
            "eps_4q": 3.08,
            "eps_4q_growth_year": 6.99,
            "roe": 3.7,
            "roe_4q": 17.08,
            "gross_profit": 63033,
            "gross_margin": 22.68,
            "gross_margin_4q_avg": 23.9,
            "net_income": 36166,
            "net_income_4q": null,
            "revenue": 277879,
            "revenue_4q": null,
            "common_shares": 550140,
            "book_valuer_per_share": 18.07,
            "book_valuer_per_share_4q_avg": 18.07,
            "equity": 994304,
            "current_ratio": 556.66,
            "debt_ratio": 15.27,
            "inventory_turnover_ratio": 2.16,
            "account_receivable_turnover_ratio": 1.29,
            "reinvestment_rate": -1.55,
            "research_to_sale_ratio": 0.74,
            "price_fair": 101.24,
            "eps_avg_yearly": 2.89,
            "eps_latest_yearly": 2.64,
            "eps_growth_yearly": 61.51
        },
        "20184": {
            "year_quarter": 20184,
            "year": 2018,
            "quarter": 4,
            "eps": 0.75,
            "eps_growth_year": 15.6,
            "eps_4q": 3.18,
            "eps_4q_growth_year": 27.4,
            "roe": 4.06,
            "roe_4q": 17.49,
            "gross_profit": 64716,
            "gross_margin": 23.81,
            "gross_margin_4q_avg": 24.07,
            "net_income": 41171,
            "net_income_4q": null,
            "revenue": 271853,
            "revenue_4q": null,
            "common_shares": 550140,
            "book_valuer_per_share": 18.83,
            "book_valuer_per_share_4q_avg": 18.26,
            "equity": 1036032,
            "current_ratio": 605.93,
            "debt_ratio": 14.21,
            "inventory_turnover_ratio": 1.9,
            "account_receivable_turnover_ratio": 1.33,
            "reinvestment_rate": -1.14,
            "research_to_sale_ratio": 0.78,
            "price_fair": 101.85,
            "eps_avg_yearly": 2.91,
            "eps_latest_yearly": 3,
            "eps_growth_yearly": 55.92
        },
        "20191": {
            "year_quarter": 20191,
            "year": 2019,
            "quarter": 1,
            "eps": 0.71,
            "eps_growth_year": 2.9,
            "eps_4q": 3.2,
            "eps_4q_growth_year": 14.31,
            "roe": 3.68,
            "roe_4q": 17.44,
            "gross_profit": 63487,
            "gross_margin": 24.65,
            "gross_margin_4q_avg": 24.14,
            "net_income": 38812,
            "net_income_4q": null,
            "revenue": 257526,
            "revenue_4q": null,
            "common_shares": 550140,
            "book_valuer_per_share": 19.54,
            "book_valuer_per_share_4q_avg": 18.47,
            "equity": 1074844,
            "current_ratio": 601.34,
            "debt_ratio": 14.31,
            "inventory_turnover_ratio": 1.88,
            "account_receivable_turnover_ratio": 1.26,
            "reinvestment_rate": -0.91,
            "research_to_sale_ratio": 0.64,
            "price_fair": 103.86,
            "eps_avg_yearly": 2.97,
            "eps_latest_yearly": 2.84,
            "eps_growth_yearly": 61.94
        },
        "20192": {
            "year_quarter": 20192,
            "year": 2019,
            "quarter": 2,
            "eps": 0.76,
            "eps_growth_year": -30.28,
            "eps_4q": 2.87,
            "eps_4q_growth_year": -7.2,
            "roe": 4.06,
            "roe_4q": 15.5,
            "gross_profit": 63988,
            "gross_margin": 23.45,
            "gross_margin_4q_avg": 23.65,
            "net_income": 41570,
            "net_income_4q": null,
            "revenue": 272842,
            "revenue_4q": null,
            "common_shares": 550140,
            "book_valuer_per_share": 17.69,
            "book_valuer_per_share_4q_avg": 18.53,
            "equity": 973378,
            "current_ratio": 352.01,
            "debt_ratio": 23.36,
            "inventory_turnover_ratio": 2.19,
            "account_receivable_turnover_ratio": 1.33,
            "reinvestment_rate": -0.47,
            "research_to_sale_ratio": 0.73,
            "price_fair": 103.78,
            "eps_avg_yearly": 2.97,
            "eps_latest_yearly": 3.04,
            "eps_growth_yearly": 48.6
        },
        "20193": {
            "year_quarter": 20193,
            "year": 2019,
            "quarter": 3,
            "eps": 0.58,
            "eps_growth_year": -12.12,
            "eps_4q": 2.79,
            "eps_4q_growth_year": -9.29,
            "roe": 3.23,
            "roe_4q": 15.029999999999998,
            "gross_profit": 58432,
            "gross_margin": 22.31,
            "gross_margin_4q_avg": 23.56,
            "net_income": 31937,
            "net_income_4q": null,
            "revenue": 261912,
            "revenue_4q": null,
            "common_shares": 550140,
            "book_valuer_per_share": 18.27,
            "book_valuer_per_share_4q_avg": 18.58,
            "equity": 1005315,
            "current_ratio": 573.53,
            "debt_ratio": 14.73,
            "inventory_turnover_ratio": 2.16,
            "account_receivable_turnover_ratio": 1.29,
            "reinvestment_rate": -0.49,
            "research_to_sale_ratio": 0.74,
            "price_fair": 101.41,
            "eps_avg_yearly": 2.9,
            "eps_latest_yearly": 2.32,
            "eps_growth_yearly": 40.08
        },
        "20194": {
            "year_quarter": 20194,
            "year": 2019,
            "quarter": 4,
            "eps": 0.3,
            "eps_growth_year": -60.18,
            "eps_4q": 2.34,
            "eps_4q_growth_year": -26.35,
            "roe": 1.62,
            "roe_4q": 12.59,
            "gross_profit": 56951,
            "gross_margin": 22.48,
            "gross_margin_4q_avg": 23.22,
            "net_income": 16396,
            "net_income_4q": null,
            "revenue": 253390,
            "revenue_4q": null,
            "common_shares": 550140,
            "book_valuer_per_share": 18.57,
            "book_valuer_per_share_4q_avg": 18.52,
            "equity": 1021466,
            "current_ratio": 633.29,
            "debt_ratio": 13.82,
            "inventory_turnover_ratio": 2.32,
            "account_receivable_turnover_ratio": 1.37,
            "reinvestment_rate": -0.61,
            "research_to_sale_ratio": 0.49,
            "price_fair": 96.51,
            "eps_avg_yearly": 2.76,
            "eps_latest_yearly": 1.2,
            "eps_growth_yearly": 27.71
        },
        "20201": {
            "year_quarter": 20201,
            "year": 2020,
            "quarter": 1,
            "eps": 0.72,
            "eps_growth_year": 1.41,
            "eps_4q": 2.36,
            "eps_4q_growth_year": -26.3,
            "roe": 3.81,
            "roe_4q": 12.719999999999999,
            "gross_profit": 62066,
            "gross_margin": 23.31,
            "gross_margin_4q_avg": 22.89,
            "net_income": 39692,
            "net_income_4q": null,
            "revenue": 266246,
            "revenue_4q": null,
            "common_shares": 550140,
            "book_valuer_per_share": 19.29,
            "book_valuer_per_share_4q_avg": 18.46,
            "equity": 1061158,
            "current_ratio": 671.52,
            "debt_ratio": 13.12,
            "inventory_turnover_ratio": 2.49,
            "account_receivable_turnover_ratio": 1.49,
            "reinvestment_rate": -0.7,
            "research_to_sale_ratio": 0.72,
            "price_fair": 97.3,
            "eps_avg_yearly": 2.78,
            "eps_latest_yearly": 2.88,
            "eps_growth_yearly": 69.4
        },
        "20202": {
            "year_quarter": 20202,
            "year": 2020,
            "quarter": 2,
            "eps": 0.2,
            "eps_growth_year": -73.68,
            "eps_4q": 1.8,
            "eps_4q_growth_year": -37.3,
            "roe": 1.08,
            "roe_4q": 9.74,
            "gross_profit": 45556,
            "gross_margin": 22.26,
            "gross_margin_4q_avg": 22.59,
            "net_income": 10861,
            "net_income_4q": null,
            "revenue": 204641,
            "revenue_4q": null,
            "common_shares": 550140,
            "book_valuer_per_share": 17.39,
            "book_valuer_per_share_4q_avg": 18.38,
            "equity": 956490,
            "current_ratio": 360.41,
            "debt_ratio": 22.92,
            "inventory_turnover_ratio": 1.73,
            "account_receivable_turnover_ratio": 1.19,
            "reinvestment_rate": -1.17,
            "research_to_sale_ratio": 0.94,
            "price_fair": 90.91,
            "eps_avg_yearly": 2.6,
            "eps_latest_yearly": 0.8,
            "eps_growth_yearly": 39.44
        },
        "20203": {
            "year_quarter": 20203,
            "year": 2020,
            "quarter": 3,
            "eps": 0.56,
            "eps_growth_year": -3.45,
            "eps_4q": 1.78,
            "eps_4q_growth_year": -36.2,
            "roe": 3.19,
            "roe_4q": 9.7,
            "gross_profit": 63713,
            "gross_margin": 24.71,
            "gross_margin_4q_avg": 23.19,
            "net_income": 30982,
            "net_income_4q": null,
            "revenue": 257820,
            "revenue_4q": null,
            "common_shares": 550140,
            "book_valuer_per_share": 17.95,
            "book_valuer_per_share_4q_avg": 18.3,
            "equity": 987472,
            "current_ratio": 684.59,
            "debt_ratio": 12.72,
            "inventory_turnover_ratio": 1.78,
            "account_receivable_turnover_ratio": 1.55,
            "reinvestment_rate": -5.08,
            "research_to_sale_ratio": 0.74,
            "price_fair": 92.23,
            "eps_avg_yearly": 2.64,
            "eps_latest_yearly": 2.24,
            "eps_growth_yearly": 98.42
        },
        "20204": {
            "year_quarter": 20204,
            "year": 2020,
            "quarter": 4,
            "eps": 0.6,
            "eps_growth_year": 100.18,
            "eps_4q": 2.08,
            "eps_4q_growth_year": -11.16,
            "roe": 3.27,
            "roe_4q": 11.35,
            "gross_profit": 64043,
            "gross_margin": 23.17,
            "gross_margin_4q_avg": 23.36,
            "net_income": 32821,
            "net_income_4q": null,
            "revenue": 276363,
            "revenue_4q": null,
            "common_shares": 550140,
            "book_valuer_per_share": 18.53,
            "book_valuer_per_share_4q_avg": 18.29,
            "equity": 1019262,
            "current_ratio": 703.84,
            "debt_ratio": 12.5,
            "inventory_turnover_ratio": 1.95,
            "account_receivable_turnover_ratio": 1.51,
            "reinvestment_rate": -5.22,
            "research_to_sale_ratio": 0.54,
            "price_fair": 88.46,
            "eps_avg_yearly": 2.53,
            "eps_latest_yearly": 2.4,
            "eps_growth_yearly": 62.4
        },
        "20211": {
            "year_quarter": 20211,
            "year": 2021,
            "quarter": 1,
            "eps": 0.69,
            "eps_growth_year": -4.17,
            "eps_4q": 2.05,
            "eps_4q_growth_year": -13.01,
            "roe": 3.67,
            "roe_4q": 11.209999999999999,
            "gross_profit": 64330,
            "gross_margin": 23.77,
            "gross_margin_4q_avg": 23.48,
            "net_income": 38067,
            "net_income_4q": null,
            "revenue": 270652,
            "revenue_4q": null,
            "common_shares": 550140,
            "book_valuer_per_share": 19.22,
            "book_valuer_per_share_4q_avg": 18.27,
            "equity": 1057329,
            "current_ratio": 509.97,
            "debt_ratio": 16.7,
            "inventory_turnover_ratio": 1.98,
            "account_receivable_turnover_ratio": 1.37,
            "reinvestment_rate": -5.06,
            "research_to_sale_ratio": 0.8,
            "price_fair": 91.18,
            "eps_avg_yearly": 2.61,
            "eps_latest_yearly": 2.76,
            "eps_growth_yearly": 81.93
        },
        "20212": {
            "year_quarter": 20212,
            "year": 2021,
            "quarter": 2,
            "eps": 0.29,
            "eps_growth_year": 45,
            "eps_4q": 2.14,
            "eps_4q_growth_year": 19.24,
            "roe": 1.51,
            "roe_4q": 11.639999999999999,
            "gross_profit": 51133,
            "gross_margin": 18.51,
            "gross_margin_4q_avg": 22.54,
            "net_income": 16038,
            "net_income_4q": null,
            "revenue": 276212,
            "revenue_4q": null,
            "common_shares": 550140,
            "book_valuer_per_share": 19.51,
            "book_valuer_per_share_4q_avg": 18.8,
            "equity": 1073367,
            "current_ratio": 701.39,
            "debt_ratio": 12.6,
            "inventory_turnover_ratio": 2.02,
            "account_receivable_turnover_ratio": 1.48,
            "reinvestment_rate": -4.59,
            "research_to_sale_ratio": 0.79,
            "price_fair": 86.8,
            "eps_avg_yearly": 2.48,
            "eps_latest_yearly": 1.16,
            "eps_growth_yearly": 40.46
        },
        "20213": {
            "year_quarter": 20213,
            "year": 2021,
            "quarter": 3,
            "eps": 0.4,
            "eps_growth_year": -28.57,
            "eps_4q": 1.98,
            "eps_4q_growth_year": 11.28,
            "roe": 2.13,
            "roe_4q": 10.58,
            "gross_profit": 43556,
            "gross_margin": 16.19,
            "gross_margin_4q_avg": 20.41,
            "net_income": 22055,
            "net_income_4q": null,
            "revenue": 268988,
            "revenue_4q": null,
            "common_shares": 550140,
            "book_valuer_per_share": 18.11,
            "book_valuer_per_share_4q_avg": 18.84,
            "equity": 996397,
            "current_ratio": 680.76,
            "debt_ratio": 12.92,
            "inventory_turnover_ratio": 2,
            "account_receivable_turnover_ratio": 1.47,
            "reinvestment_rate": -4.62,
            "research_to_sale_ratio": 0.83,
            "price_fair": 84.44,
            "eps_avg_yearly": 2.41,
            "eps_latest_yearly": 1.6,
            "eps_growth_yearly": 53.74
        },
        "20214": {
            "year_quarter": 20214,
            "year": 2021,
            "quarter": 4,
            "eps": 0.64,
            "eps_growth_year": 7.42,
            "eps_4q": 2.03,
            "eps_4q_growth_year": -2.57,
            "roe": 3.47,
            "roe_4q": 10.78,
            "gross_profit": 70369,
            "gross_margin": 19.71,
            "gross_margin_4q_avg": 19.55,
            "net_income": 35256,
            "net_income_4q": null,
            "revenue": 356985,
            "revenue_4q": null,
            "common_shares": 550140,
            "book_valuer_per_share": 18.79,
            "book_valuer_per_share_4q_avg": 18.91,
            "equity": 1033917,
            "current_ratio": 583.04,
            "debt_ratio": 14.7,
            "inventory_turnover_ratio": 3.04,
            "account_receivable_turnover_ratio": 1.58,
            "reinvestment_rate": -6.3,
            "research_to_sale_ratio": 0.5,
            "price_fair": 84.35,
            "eps_avg_yearly": 2.41,
            "eps_latest_yearly": 2.56,
            "eps_growth_yearly": 69.49
        },
        "20221": {
            "year_quarter": 20221,
            "year": 2022,
            "quarter": 1,
            "eps": 0.76,
            "eps_growth_year": 10.14,
            "eps_4q": 2.09,
            "eps_4q_growth_year": 1.98,
            "roe": 3.95,
            "roe_4q": 11.06,
            "gross_profit": 50043,
            "gross_margin": 19.32,
            "gross_margin_4q_avg": 18.43,
            "net_income": 41614,
            "net_income_4q": null,
            "revenue": 258986,
            "revenue_4q": null,
            "common_shares": 550140,
            "book_valuer_per_share": 19.55,
            "book_valuer_per_share_4q_avg": 18.99,
            "equity": 1075531,
            "current_ratio": 648.02,
            "debt_ratio": 13.36,
            "inventory_turnover_ratio": 2.11,
            "account_receivable_turnover_ratio": 1.18,
            "reinvestment_rate": -6.53,
            "research_to_sale_ratio": 0.78,
            "price_fair": 84.96,
            "eps_avg_yearly": 2.43,
            "eps_latest_yearly": 3.04,
            "eps_growth_yearly": 72.63
        },
        "20222": {
            "year_quarter": 20222,
            "year": 2022,
            "quarter": 2,
            "eps": 0.8,
            "eps_growth_year": 175.86,
            "eps_4q": 2.6,
            "eps_4q_growth_year": 21.18,
            "roe": 4.19,
            "roe_4q": 13.740000000000002,
            "gross_profit": 51516,
            "gross_margin": 19.61,
            "gross_margin_4q_avg": 18.71,
            "net_income": 43961,
            "net_income_4q": null,
            "revenue": 262641,
            "revenue_4q": null,
            "common_shares": 550140,
            "book_valuer_per_share": 18.55,
            "book_valuer_per_share_4q_avg": 18.75,
            "equity": 1020467,
            "current_ratio": 418.4,
            "debt_ratio": 20.03,
            "inventory_turnover_ratio": 2.17,
            "account_receivable_turnover_ratio": 1.5,
            "reinvestment_rate": -7.02,
            "research_to_sale_ratio": 0.9,
            "price_fair": 82.43,
            "eps_avg_yearly": 2.36,
            "eps_latest_yearly": 3.2,
            "eps_growth_yearly": 59.46
        },
        "20223": {
            "year_quarter": 20223,
            "year": 2022,
            "quarter": 3,
            "eps": 0.85,
            "eps_growth_year": 112.5,
            "eps_4q": 3.04,
            "eps_4q_growth_year": 53.69,
            "roe": 4.47,
            "roe_4q": 16.08,
            "gross_profit": 30699,
            "gross_margin": 16.54,
            "gross_margin_4q_avg": 18.8,
            "net_income": 46662,
            "net_income_4q": null,
            "revenue": 185565,
            "revenue_4q": null,
            "common_shares": 550140,
            "book_valuer_per_share": 19.4,
            "book_valuer_per_share_4q_avg": 19.07,
            "equity": 1067129,
            "current_ratio": 835.71,
            "debt_ratio": 10.95,
            "inventory_turnover_ratio": 2.18,
            "account_receivable_turnover_ratio": 1.34,
            "reinvestment_rate": -6.99,
            "research_to_sale_ratio": 1.22,
            "price_fair": 84.09,
            "eps_avg_yearly": 2.4,
            "eps_latest_yearly": 3.4,
            "eps_growth_yearly": 70.88
        },
        "20224": {
            "year_quarter": 20224,
            "year": 2022,
            "quarter": 4,
            "eps": 0.27,
            "eps_growth_year": -58.5,
            "eps_4q": 2.67,
            "eps_4q_growth_year": 31.82,
            "roe": 1.36,
            "roe_4q": 13.969999999999999,
            "gross_profit": 50907,
            "gross_margin": 25.13,
            "gross_margin_4q_avg": 20.15,
            "net_income": 14633,
            "net_income_4q": null,
            "revenue": 202541,
            "revenue_4q": null,
            "common_shares": 550140,
            "book_valuer_per_share": 19.74,
            "book_valuer_per_share_4q_avg": 19.31,
            "equity": 1085765,
            "current_ratio": 742.57,
            "debt_ratio": 11.28,
            "inventory_turnover_ratio": 2.25,
            "account_receivable_turnover_ratio": 1.68,
            "reinvestment_rate": -7.26,
            "research_to_sale_ratio": 0.92,
            "price_fair": 79.89,
            "eps_avg_yearly": 2.28,
            "eps_latest_yearly": 1.08,
            "eps_growth_yearly": 50.41
        },
        "20231": {
            "year_quarter": 20231,
            "year": 2023,
            "quarter": 1,
            "eps": 0.56,
            "eps_growth_year": -26.32,
            "eps_4q": 2.48,
            "eps_4q_growth_year": 18.52,
            "roe": 2.81,
            "roe_4q": 12.830000000000002,
            "gross_profit": 54086,
            "gross_margin": 24.88,
            "gross_margin_4q_avg": 21.54,
            "net_income": 30998,
            "net_income_4q": null,
            "revenue": 217345,
            "revenue_4q": null,
            "common_shares": 550140,
            "book_valuer_per_share": 20.3,
            "book_valuer_per_share_4q_avg": 19.5,
            "equity": 1116763,
            "current_ratio": 600.35,
            "debt_ratio": 13.9,
            "inventory_turnover_ratio": 2.17,
            "account_receivable_turnover_ratio": 1.44,
            "reinvestment_rate": -7.28,
            "research_to_sale_ratio": 1.02,
            "price_fair": 78.58,
            "eps_avg_yearly": 2.25,
            "eps_latest_yearly": 2.24,
            "eps_growth_yearly": 78.6
        },
        "20232": {
            "year_quarter": 20232,
            "year": 2023,
            "quarter": 2,
            "eps": 0.84,
            "eps_growth_year": 5,
            "eps_4q": 2.51,
            "eps_4q_growth_year": -3.25,
            "roe": 4.24,
            "roe_4q": 12.879999999999999,
            "gross_profit": 55476,
            "gross_margin": 25.64,
            "gross_margin_4q_avg": 23.05,
            "net_income": 45955,
            "net_income_4q": null,
            "revenue": 216323,
            "revenue_4q": null,
            "common_shares": 550140,
            "book_valuer_per_share": 19.13,
            "book_valuer_per_share_4q_avg": 19.64,
            "equity": 1052690,
            "current_ratio": 413.05,
            "debt_ratio": 20.01,
            "inventory_turnover_ratio": 1.88,
            "account_receivable_turnover_ratio": 1.35,
            "reinvestment_rate": -7.17,
            "research_to_sale_ratio": 1.11,
            "price_fair": 79.28,
            "eps_avg_yearly": 2.27,
            "eps_latest_yearly": 3.36,
            "eps_growth_yearly": 89.34
        },
        "20233": {
            "year_quarter": 20233,
            "year": 2023,
            "quarter": 3,
            "eps": 1.13,
            "eps_growth_year": 32.94,
            "eps_4q": 2.8,
            "eps_4q_growth_year": -8.12,
            "roe": 5.75,
            "roe_4q": 14.16,
            "gross_profit": 66498,
            "gross_margin": 26.21,
            "gross_margin_4q_avg": 25.47,
            "net_income": 62303,
            "net_income_4q": null,
            "revenue": 253713,
            "revenue_4q": null,
            "common_shares": 550140,
            "book_valuer_per_share": 20.27,
            "book_valuer_per_share_4q_avg": 19.86,
            "equity": 1114993,
            "current_ratio": 728.64,
            "debt_ratio": 11.68,
            "inventory_turnover_ratio": 2.11,
            "account_receivable_turnover_ratio": 1.5,
            "reinvestment_rate": -5.93,
            "research_to_sale_ratio": 0.98,
            "price_fair": 84.09,
            "eps_avg_yearly": 2.4,
            "eps_latest_yearly": 4.52,
            "eps_growth_yearly": 103.89
        }
    },
    "months": {
        "2001-06": {
            "month": "2001-06",
            "price": "10.46",
            "revenue": 66110
        },
        "2001-07": {
            "month": "2001-07",
            "price": "10.19",
            "revenue": 58995
        },
        "2001-08": {
            "month": "2001-08",
            "price": "9.67",
            "revenue": 63155
        },
        "2001-09": {
            "month": "2001-09",
            "price": "10.22",
            "revenue": 58264
        },
        "2001-10": {
            "month": "2001-10",
            "price": "10.37",
            "revenue": 63801
        },
        "2001-11": {
            "month": "2001-11",
            "price": "10.47",
            "revenue": 70265
        },
        "2001-12": {
            "month": "2001-12",
            "price": "12.61",
            "revenue": 63722
        },
        "2002-01": {
            "month": "2002-01",
            "price": "16.05",
            "revenue": 66924
        },
        "2002-02": {
            "month": "2002-02",
            "price": "15.34",
            "revenue": 40193
        },
        "2002-03": {
            "month": "2002-03",
            "price": "17.47",
            "revenue": 67534
        },
        "2002-04": {
            "month": "2002-04",
            "price": "17.50",
            "revenue": 74608
        },
        "2002-05": {
            "month": "2002-05",
            "price": "19.12",
            "revenue": 82224
        },
        "2002-06": {
            "month": "2002-06",
            "price": "21.04",
            "revenue": 65770
        },
        "2002-07": {
            "month": "2002-07",
            "price": "19.90",
            "revenue": 71111
        },
        "2002-08": {
            "month": "2002-08",
            "price": "19.57",
            "revenue": 66367
        },
        "2002-09": {
            "month": "2002-09",
            "price": "17.85",
            "revenue": 55677
        },
        "2002-10": {
            "month": "2002-10",
            "price": "18.36",
            "revenue": 64982
        },
        "2002-11": {
            "month": "2002-11",
            "price": "19.01",
            "revenue": 72272
        },
        "2002-12": {
            "month": "2002-12",
            "price": "18.43",
            "revenue": 74083
        },
        "2003-01": {
            "month": "2003-01",
            "price": "17.72",
            "revenue": 72462
        },
        "2003-02": {
            "month": "2003-02",
            "price": "17.44",
            "revenue": 63553
        },
        "2003-03": {
            "month": "2003-03",
            "price": "16.43",
            "revenue": 89344
        },
        "2003-04": {
            "month": "2003-04",
            "price": "15.57",
            "revenue": 71659
        },
        "2003-05": {
            "month": "2003-05",
            "price": "15.39",
            "revenue": 83004
        },
        "2003-06": {
            "month": "2003-06",
            "price": "15.52",
            "revenue": 82997
        },
        "2003-07": {
            "month": "2003-07",
            "price": "14.54",
            "revenue": 70939
        },
        "2003-08": {
            "month": "2003-08",
            "price": "13.74",
            "revenue": 85156
        },
        "2003-09": {
            "month": "2003-09",
            "price": "13.83",
            "revenue": 80695
        },
        "2003-10": {
            "month": "2003-10",
            "price": "14.52",
            "revenue": 83422
        },
        "2003-11": {
            "month": "2003-11",
            "price": "14.50",
            "revenue": 81652
        },
        "2003-12": {
            "month": "2003-12",
            "price": "14.77",
            "revenue": 97742
        },
        "2004-01": {
            "month": "2004-01",
            "price": "14.55",
            "revenue": 71866
        },
        "2004-02": {
            "month": "2004-02",
            "price": "15.74",
            "revenue": 94049
        },
        "2004-03": {
            "month": "2004-03",
            "price": "15.55",
            "revenue": 111569
        },
        "2004-04": {
            "month": "2004-04",
            "price": "15.08",
            "revenue": 97736
        },
        "2004-05": {
            "month": "2004-05",
            "price": "14.52",
            "revenue": 98064
        },
        "2004-06": {
            "month": "2004-06",
            "price": "13.72",
            "revenue": 91354
        },
        "2004-07": {
            "month": "2004-07",
            "price": "13.01",
            "revenue": 85527
        },
        "2004-08": {
            "month": "2004-08",
            "price": "12.55",
            "revenue": 105307
        },
        "2004-09": {
            "month": "2004-09",
            "price": "12.66",
            "revenue": 106115
        },
        "2004-10": {
            "month": "2004-10",
            "price": "12.69",
            "revenue": 108894
        },
        "2004-11": {
            "month": "2004-11",
            "price": "12.30",
            "revenue": 126786
        },
        "2004-12": {
            "month": "2004-12",
            "price": "12.32",
            "revenue": 123614
        },
        "2005-01": {
            "month": "2005-01",
            "price": "12.28",
            "revenue": 86273
        },
        "2005-02": {
            "month": "2005-02",
            "price": "12.69",
            "revenue": 70859
        },
        "2005-03": {
            "month": "2005-03",
            "price": "12.68",
            "revenue": 104325
        },
        "2005-04": {
            "month": "2005-04",
            "price": "12.87",
            "revenue": 102304
        },
        "2005-05": {
            "month": "2005-05",
            "price": "12.92",
            "revenue": 89584
        },
        "2005-06": {
            "month": "2005-06",
            "price": "13.01",
            "revenue": 98852
        },
        "2005-07": {
            "month": "2005-07",
            "price": "12.34",
            "revenue": 80147
        },
        "2005-08": {
            "month": "2005-08",
            "price": "12.46",
            "revenue": 113198
        },
        "2005-09": {
            "month": "2005-09",
            "price": "12.34",
            "revenue": 102414
        },
        "2005-10": {
            "month": "2005-10",
            "price": "11.99",
            "revenue": 107957
        },
        "2005-11": {
            "month": "2005-11",
            "price": "11.65",
            "revenue": 117141
        },
        "2005-12": {
            "month": "2005-12",
            "price": "11.49",
            "revenue": 113679
        },
        "2006-01": {
            "month": "2006-01",
            "price": "11.47",
            "revenue": 84344
        },
        "2006-02": {
            "month": "2006-02",
            "price": "11.26",
            "revenue": 91108
        },
        "2006-03": {
            "month": "2006-03",
            "price": "11.42",
            "revenue": 122183
        },
        "2006-04": {
            "month": "2006-04",
            "price": "12.12",
            "revenue": 97948
        },
        "2006-05": {
            "month": "2006-05",
            "price": "13.33",
            "revenue": 122750
        },
        "2006-06": {
            "month": "2006-06",
            "price": "11.99",
            "revenue": 123369
        },
        "2006-07": {
            "month": "2006-07",
            "price": "12.27",
            "revenue": 88566
        },
        "2006-08": {
            "month": "2006-08",
            "price": "12.13",
            "revenue": 120108
        },
        "2006-09": {
            "month": "2006-09",
            "price": "12.10",
            "revenue": 129511
        },
        "2006-10": {
            "month": "2006-10",
            "price": "13.00",
            "revenue": 112935
        },
        "2006-11": {
            "month": "2006-11",
            "price": "13.95",
            "revenue": 100654
        },
        "2006-12": {
            "month": "2006-12",
            "price": "14.02",
            "revenue": 119152
        },
        "2007-01": {
            "month": "2007-01",
            "price": "14.80",
            "revenue": 124905
        },
        "2007-02": {
            "month": "2007-02",
            "price": "15.09",
            "revenue": 71149
        },
        "2007-03": {
            "month": "2007-03",
            "price": "15.28",
            "revenue": 126132
        },
        "2007-04": {
            "month": "2007-04",
            "price": "16.72",
            "revenue": 108872
        },
        "2007-05": {
            "month": "2007-05",
            "price": "15.81",
            "revenue": 121823
        },
        "2007-06": {
            "month": "2007-06",
            "price": "16.08",
            "revenue": 121362
        },
        "2007-07": {
            "month": "2007-07",
            "price": "16.98",
            "revenue": 127100
        },
        "2007-08": {
            "month": "2007-08",
            "price": "14.96",
            "revenue": 102807
        },
        "2007-09": {
            "month": "2007-09",
            "price": "14.71",
            "revenue": 114928
        },
        "2007-10": {
            "month": "2007-10",
            "price": "14.54",
            "revenue": 115258
        },
        "2007-11": {
            "month": "2007-11",
            "price": "13.47",
            "revenue": 118751
        },
        "2007-12": {
            "month": "2007-12",
            "price": "13.83",
            "revenue": 132305
        },
        "2008-01": {
            "month": "2008-01",
            "price": "13.25",
            "revenue": 133562
        },
        "2008-02": {
            "month": "2008-02",
            "price": "13.08",
            "revenue": 98988
        },
        "2008-03": {
            "month": "2008-03",
            "price": "13.06",
            "revenue": 150351
        },
        "2008-04": {
            "month": "2008-04",
            "price": "13.22",
            "revenue": 137894
        },
        "2008-05": {
            "month": "2008-05",
            "price": "13.03",
            "revenue": 150533
        },
        "2008-06": {
            "month": "2008-06",
            "price": "12.61",
            "revenue": 140439
        },
        "2008-07": {
            "month": "2008-07",
            "price": "11.36",
            "revenue": 145598
        },
        "2008-08": {
            "month": "2008-08",
            "price": "10.73",
            "revenue": 133962
        },
        "2008-09": {
            "month": "2008-09",
            "price": "10.53",
            "revenue": 94693
        },
        "2008-10": {
            "month": "2008-10",
            "price": "9.70",
            "revenue": 102548
        },
        "2008-11": {
            "month": "2008-11",
            "price": "9.28",
            "revenue": 63391
        },
        "2008-12": {
            "month": "2008-12",
            "price": "8.79",
            "revenue": 73326
        },
        "2009-01": {
            "month": "2009-01",
            "price": "8.05",
            "revenue": 54596
        },
        "2009-02": {
            "month": "2009-02",
            "price": "8.08",
            "revenue": 83079
        },
        "2009-03": {
            "month": "2009-03",
            "price": "9.41",
            "revenue": 89817
        },
        "2009-04": {
            "month": "2009-04",
            "price": "10.05",
            "revenue": 87826
        },
        "2009-05": {
            "month": "2009-05",
            "price": "11.23",
            "revenue": 91617
        },
        "2009-06": {
            "month": "2009-06",
            "price": "11.08",
            "revenue": 104478
        },
        "2009-07": {
            "month": "2009-07",
            "price": "11.41",
            "revenue": 102225
        },
        "2009-08": {
            "month": "2009-08",
            "price": "11.55",
            "revenue": 59089
        },
        "2009-09": {
            "month": "2009-09",
            "price": "13.70",
            "revenue": 106629
        },
        "2009-10": {
            "month": "2009-10",
            "price": "23.39",
            "revenue": 100680
        },
        "2009-11": {
            "month": "2009-11",
            "price": "27.52",
            "revenue": 107030
        },
        "2009-12": {
            "month": "2009-12",
            "price": "24.02",
            "revenue": 125109
        },
        "2010-01": {
            "month": "2010-01",
            "price": "24.42",
            "revenue": 111776
        },
        "2010-02": {
            "month": "2010-02",
            "price": "19.71",
            "revenue": 71851
        },
        "2010-03": {
            "month": "2010-03",
            "price": "21.59",
            "revenue": 134352
        },
        "2010-04": {
            "month": "2010-04",
            "price": "22.51",
            "revenue": 113648
        },
        "2010-05": {
            "month": "2010-05",
            "price": "20.96",
            "revenue": 94991
        },
        "2010-06": {
            "month": "2010-06",
            "price": "19.13",
            "revenue": 108943
        },
        "2010-07": {
            "month": "2010-07",
            "price": "19.28",
            "revenue": 102215
        },
        "2010-08": {
            "month": "2010-08",
            "price": "20.49",
            "revenue": 106185
        },
        "2010-09": {
            "month": "2010-09",
            "price": "21.75",
            "revenue": 101712
        },
        "2010-10": {
            "month": "2010-10",
            "price": "29.25",
            "revenue": 116985
        },
        "2010-11": {
            "month": "2010-11",
            "price": "23.98",
            "revenue": 131432
        },
        "2010-12": {
            "month": "2010-12",
            "price": "24.52",
            "revenue": 130832
        },
        "2011-01": {
            "month": "2011-01",
            "price": "23.20",
            "revenue": 85594
        },
        "2011-02": {
            "month": "2011-02",
            "price": "21.20",
            "revenue": 92674
        },
        "2011-03": {
            "month": "2011-03",
            "price": "20.84",
            "revenue": 142710
        },
        "2011-04": {
            "month": "2011-04",
            "price": "22.75",
            "revenue": 132021
        },
        "2011-05": {
            "month": "2011-05",
            "price": "21.14",
            "revenue": 127912
        },
        "2011-06": {
            "month": "2011-06",
            "price": "21.22",
            "revenue": 122920
        },
        "2011-07": {
            "month": "2011-07",
            "price": "20.99",
            "revenue": 80742
        },
        "2011-08": {
            "month": "2011-08",
            "price": "20.11",
            "revenue": 114562
        },
        "2011-09": {
            "month": "2011-09",
            "price": "19.12",
            "revenue": 122190
        },
        "2011-10": {
            "month": "2011-10",
            "price": "18.26",
            "revenue": 83412
        },
        "2011-11": {
            "month": "2011-11",
            "price": "17.81",
            "revenue": 110679
        },
        "2011-12": {
            "month": "2011-12",
            "price": "17.28",
            "revenue": 102455
        },
        "2012-01": {
            "month": "2012-01",
            "price": "17.10",
            "revenue": 93518
        },
        "2012-02": {
            "month": "2012-02",
            "price": "18.23",
            "revenue": 127848
        },
        "2012-03": {
            "month": "2012-03",
            "price": "23.40",
            "revenue": 159265
        },
        "2012-04": {
            "month": "2012-04",
            "price": "23.47",
            "revenue": 119306
        },
        "2012-05": {
            "month": "2012-05",
            "price": "20.50",
            "revenue": 134145
        },
        "2012-06": {
            "month": "2012-06",
            "price": "19.07",
            "revenue": 102167
        },
        "2012-07": {
            "month": "2012-07",
            "price": "19.25",
            "revenue": 111253
        },
        "2012-08": {
            "month": "2012-08",
            "price": "20.67",
            "revenue": 123607
        },
        "2012-09": {
            "month": "2012-09",
            "price": "22.88",
            "revenue": 108458
        },
        "2012-10": {
            "month": "2012-10",
            "price": "21.28",
            "revenue": 111657
        },
        "2012-11": {
            "month": "2012-11",
            "price": "23.74",
            "revenue": 102478
        },
        "2012-12": {
            "month": "2012-12",
            "price": "24.56",
            "revenue": 116088
        },
        "2013-01": {
            "month": "2013-01",
            "price": "24.71",
            "revenue": 104254
        },
        "2013-02": {
            "month": "2013-02",
            "price": "24.56",
            "revenue": 71017
        },
        "2013-03": {
            "month": "2013-03",
            "price": "25.17",
            "revenue": 121265
        },
        "2013-04": {
            "month": "2013-04",
            "price": "25.92",
            "revenue": 131553
        },
        "2013-05": {
            "month": "2013-05",
            "price": "26.27",
            "revenue": 112269
        },
        "2013-06": {
            "month": "2013-06",
            "price": "27.14",
            "revenue": 113717
        },
        "2013-07": {
            "month": "2013-07",
            "price": "27.27",
            "revenue": 113090
        },
        "2013-08": {
            "month": "2013-08",
            "price": "27.70",
            "revenue": 108037
        },
        "2013-09": {
            "month": "2013-09",
            "price": "27.66",
            "revenue": 97624
        },
        "2013-10": {
            "month": "2013-10",
            "price": "26.20",
            "revenue": 115235
        },
        "2013-11": {
            "month": "2013-11",
            "price": "26.04",
            "revenue": 105072
        },
        "2013-12": {
            "month": "2013-12",
            "price": "26.43",
            "revenue": 122379
        },
        "2014-01": {
            "month": "2014-01",
            "price": "27.56",
            "revenue": 110820
        },
        "2014-02": {
            "month": "2014-02",
            "price": "28.38",
            "revenue": 95717
        },
        "2014-03": {
            "month": "2014-03",
            "price": "29.52",
            "revenue": 136508
        },
        "2014-04": {
            "month": "2014-04",
            "price": "30.67",
            "revenue": 119657
        },
        "2014-05": {
            "month": "2014-05",
            "price": "29.74",
            "revenue": 131171
        },
        "2014-06": {
            "month": "2014-06",
            "price": "30.00",
            "revenue": 118603
        },
        "2014-07": {
            "month": "2014-07",
            "price": "29.76",
            "revenue": 128302
        },
        "2014-08": {
            "month": "2014-08",
            "price": "27.82",
            "revenue": 120612
        },
        "2014-09": {
            "month": "2014-09",
            "price": "28.03",
            "revenue": 103057
        },
        "2014-10": {
            "month": "2014-10",
            "price": "27.79",
            "revenue": 142370
        },
        "2014-11": {
            "month": "2014-11",
            "price": "27.49",
            "revenue": 114901
        },
        "2014-12": {
            "month": "2014-12",
            "price": "27.73",
            "revenue": 108716
        },
        "2015-01": {
            "month": "2015-01",
            "price": "27.26",
            "revenue": 100187
        },
        "2015-02": {
            "month": "2015-02",
            "price": "27.02",
            "revenue": 64370
        },
        "2015-03": {
            "month": "2015-03",
            "price": "26.49",
            "revenue": 108419
        },
        "2015-04": {
            "month": "2015-04",
            "price": "26.90",
            "revenue": 119235
        },
        "2015-05": {
            "month": "2015-05",
            "price": "26.95",
            "revenue": 117666
        },
        "2015-06": {
            "month": "2015-06",
            "price": "26.83",
            "revenue": 114650
        },
        "2015-07": {
            "month": "2015-07",
            "price": "26.32",
            "revenue": 101511
        },
        "2015-08": {
            "month": "2015-08",
            "price": "25.12",
            "revenue": 92847
        },
        "2015-09": {
            "month": "2015-09",
            "price": "25.11",
            "revenue": 105545
        },
        "2015-10": {
            "month": "2015-10",
            "price": "25.62",
            "revenue": 108735
        },
        "2015-11": {
            "month": "2015-11",
            "price": "26.47",
            "revenue": 104174
        },
        "2015-12": {
            "month": "2015-12",
            "price": "26.79",
            "revenue": 114381
        },
        "2016-01": {
            "month": "2016-01",
            "price": "26.63",
            "revenue": 72510
        },
        "2016-02": {
            "month": "2016-02",
            "price": "26.76",
            "revenue": 62615
        },
        "2016-03": {
            "month": "2016-03",
            "price": "27.12",
            "revenue": 123465
        },
        "2016-04": {
            "month": "2016-04",
            "price": "30.00",
            "revenue": 108027
        },
        "2016-05": {
            "month": "2016-05",
            "price": "29.64",
            "revenue": 114799
        },
        "2016-06": {
            "month": "2016-06",
            "price": "30.27",
            "revenue": 108056
        },
        "2016-07": {
            "month": "2016-07",
            "price": "30.22",
            "revenue": 82006
        },
        "2016-08": {
            "month": "2016-08",
            "price": "29.16",
            "revenue": 98463
        },
        "2016-09": {
            "month": "2016-09",
            "price": "29.32",
            "revenue": 94365
        },
        "2016-10": {
            "month": "2016-10",
            "price": "29.18",
            "revenue": 103378
        },
        "2016-11": {
            "month": "2016-11",
            "price": "28.82",
            "revenue": 101962
        },
        "2016-12": {
            "month": "2016-12",
            "price": "28.80",
            "revenue": 115983
        },
        "2017-01": {
            "month": "2017-01",
            "price": "29.39",
            "revenue": 91977
        },
        "2017-02": {
            "month": "2017-02",
            "price": "29.71",
            "revenue": 87652
        },
        "2017-03": {
            "month": "2017-03",
            "price": "32.23",
            "revenue": 111829
        },
        "2017-04": {
            "month": "2017-04",
            "price": "33.27",
            "revenue": 100372
        },
        "2017-05": {
            "month": "2017-05",
            "price": "32.33",
            "revenue": 90930
        },
        "2017-06": {
            "month": "2017-06",
            "price": "32.53",
            "revenue": 105441
        },
        "2017-07": {
            "month": "2017-07",
            "price": "32.80",
            "revenue": 88631
        },
        "2017-08": {
            "month": "2017-08",
            "price": "30.79",
            "revenue": 95577
        },
        "2017-09": {
            "month": "2017-09",
            "price": "30.88",
            "revenue": 106651
        },
        "2017-10": {
            "month": "2017-10",
            "price": "31.98",
            "revenue": 97414
        },
        "2017-11": {
            "month": "2017-11",
            "price": "31.91",
            "revenue": 110946
        },
        "2017-12": {
            "month": "2017-12",
            "price": "31.28",
            "revenue": 99547
        },
        "2018-01": {
            "month": "2018-01",
            "price": "30.94",
            "revenue": 106533
        },
        "2018-02": {
            "month": "2018-02",
            "price": "30.85",
            "revenue": 73942
        },
        "2018-03": {
            "month": "2018-03",
            "price": "32.14",
            "revenue": 112079
        },
        "2018-04": {
            "month": "2018-04",
            "price": "33.39",
            "revenue": 103694
        },
        "2018-05": {
            "month": "2018-05",
            "price": "34.72",
            "revenue": 105258
        },
        "2018-06": {
            "month": "2018-06",
            "price": "34.94",
            "revenue": 87869
        },
        "2018-07": {
            "month": "2018-07",
            "price": "34.58",
            "revenue": 90030
        },
        "2018-08": {
            "month": "2018-08",
            "price": "34.45",
            "revenue": 110469
        },
        "2018-09": {
            "month": "2018-09",
            "price": "34.98",
            "revenue": 77380
        },
        "2018-10": {
            "month": "2018-10",
            "price": "34.64",
            "revenue": 90208
        },
        "2018-11": {
            "month": "2018-11",
            "price": "33.81",
            "revenue": 90600
        },
        "2018-12": {
            "month": "2018-12",
            "price": "33.15",
            "revenue": 91044
        },
        "2019-01": {
            "month": "2019-01",
            "price": "34.08",
            "revenue": 89113
        },
        "2019-02": {
            "month": "2019-02",
            "price": "34.47",
            "revenue": 69434
        },
        "2019-03": {
            "month": "2019-03",
            "price": "35.50",
            "revenue": 98979
        },
        "2019-04": {
            "month": "2019-04",
            "price": "36.73",
            "revenue": 92422
        },
        "2019-05": {
            "month": "2019-05",
            "price": "37.03",
            "revenue": 99153
        },
        "2019-06": {
            "month": "2019-06",
            "price": "38.46",
            "revenue": 81268
        },
        "2019-07": {
            "month": "2019-07",
            "price": "39.24",
            "revenue": 97556
        },
        "2019-08": {
            "month": "2019-08",
            "price": "38.06",
            "revenue": 77407
        },
        "2019-09": {
            "month": "2019-09",
            "price": "37.68",
            "revenue": 86949
        },
        "2019-10": {
            "month": "2019-10",
            "price": "37.23",
            "revenue": 79475
        },
        "2019-11": {
            "month": "2019-11",
            "price": "37.46",
            "revenue": 83467
        },
        "2019-12": {
            "month": "2019-12",
            "price": "37.18",
            "revenue": 90448
        },
        "2020-01": {
            "month": "2020-01",
            "price": "36.50",
            "revenue": 72005
        },
        "2020-02": {
            "month": "2020-02",
            "price": "35.69",
            "revenue": 90403
        },
        "2020-03": {
            "month": "2020-03",
            "price": "32.75",
            "revenue": 103838
        },
        "2020-04": {
            "month": "2020-04",
            "price": "32.99",
            "revenue": 68950
        },
        "2020-05": {
            "month": "2020-05",
            "price": "33.94",
            "revenue": 60232
        },
        "2020-06": {
            "month": "2020-06",
            "price": "34.27",
            "revenue": 75458
        },
        "2020-07": {
            "month": "2020-07",
            "price": "34.73",
            "revenue": 88855
        },
        "2020-08": {
            "month": "2020-08",
            "price": "32.89",
            "revenue": 77934
        },
        "2020-09": {
            "month": "2020-09",
            "price": "32.20",
            "revenue": 91031
        },
        "2020-10": {
            "month": "2020-10",
            "price": "32.18",
            "revenue": 82853
        },
        "2020-11": {
            "month": "2020-11",
            "price": "32.03",
            "revenue": 96766
        },
        "2020-12": {
            "month": "2020-12",
            "price": "32.19",
            "revenue": 96744
        },
        "2021-01": {
            "month": "2021-01",
            "price": "32.06",
            "revenue": 87942
        },
        "2021-02": {
            "month": "2021-02",
            "price": "32.17",
            "revenue": 56296
        },
        "2021-03": {
            "month": "2021-03",
            "price": "33.36",
            "revenue": 126414
        },
        "2021-04": {
            "month": "2021-04",
            "price": "34.21",
            "revenue": 125100
        },
        "2021-05": {
            "month": "2021-05",
            "price": "32.93",
            "revenue": 83627
        },
        "2021-06": {
            "month": "2021-06",
            "price": "33.09",
            "revenue": 67485
        },
        "2021-07": {
            "month": "2021-07",
            "price": "33.31",
            "revenue": 81205
        },
        "2021-08": {
            "month": "2021-08",
            "price": "32.00",
            "revenue": 90484
        },
        "2021-09": {
            "month": "2021-09",
            "price": "32.16",
            "revenue": 97300
        },
        "2021-10": {
            "month": "2021-10",
            "price": "32.48",
            "revenue": 120436
        },
        "2021-11": {
            "month": "2021-11",
            "price": "32.39",
            "revenue": 131020
        },
        "2021-12": {
            "month": "2021-12",
            "price": "31.99",
            "revenue": 105528
        },
        "2022-01": {
            "month": "2022-01",
            "price": "31.83",
            "revenue": 73027
        },
        "2022-02": {
            "month": "2022-02",
            "price": "31.92",
            "revenue": 73162
        },
        "2022-03": {
            "month": "2022-03",
            "price": "31.74",
            "revenue": 112798
        },
        "2022-04": {
            "month": "2022-04",
            "price": "31.86",
            "revenue": 98551
        },
        "2022-05": {
            "month": "2022-05",
            "price": "31.62",
            "revenue": 83076
        },
        "2022-06": {
            "month": "2022-06",
            "price": "30.94",
            "revenue": 81013
        },
        "2022-07": {
            "month": "2022-07",
            "price": "29.85",
            "revenue": 65095
        },
        "2022-08": {
            "month": "2022-08",
            "price": "30.20",
            "revenue": 57863
        },
        "2022-09": {
            "month": "2022-09",
            "price": "30.73",
            "revenue": 62607
        },
        "2022-10": {
            "month": "2022-10",
            "price": "30.08",
            "revenue": 66315
        },
        "2022-11": {
            "month": "2022-11",
            "price": "29.63",
            "revenue": 68556
        },
        "2022-12": {
            "month": "2022-12",
            "price": "30.11",
            "revenue": 67670
        },
        "2023-01": {
            "month": "2023-01",
            "price": "30.38",
            "revenue": 48540
        },
        "2023-02": {
            "month": "2023-02",
            "price": "30.45",
            "revenue": 76685
        },
        "2023-03": {
            "month": "2023-03",
            "price": "31.39",
            "revenue": 92120
        },
        "2023-04": {
            "month": "2023-04",
            "price": "31.79",
            "revenue": 61174
        },
        "2023-05": {
            "month": "2023-05",
            "price": "31.90",
            "revenue": 86077
        },
        "2023-06": {
            "month": "2023-06",
            "price": "33.05",
            "revenue": 69071
        },
        "2023-07": {
            "month": "2023-07",
            "price": "32.18",
            "revenue": 79738
        },
        "2023-08": {
            "month": "2023-08",
            "price": "32.61",
            "revenue": 81605
        },
        "2023-09": {
            "month": "2023-09",
            "price": "33.76",
            "revenue": 92370
        },
        "2023-10": {
            "month": "2023-10",
            "price": "34.75",
            "revenue": 88701
        },
        "2023-11": {
            "month": "2023-11",
            "price": "37.34",
            "revenue": 82946
        },
        "2023-12": {
            "month": "2023-12",
            "price": "39.16",
            "revenue": 82002
        }
    }
}
