{
    "summary": {
        "stock_name": "炎洲",
        "stock_id": "4306",
        "category": "塑膠",
        "main_business": "薄膜<br>膠帶<br>包裝材料",
        "website_url": "http://www.ycgroup.tw/",
        "ceo": "方淑芬",
        "pe_ratio": 14,
        "report_year_from": 2001,
        "report_year_to": 2023,
        "age": 23,
        "eps_negative_percentage": 9,
        "eps_growth_avg": {
            "last_all": -0.22,
            "last_2y": -11.51,
            "last_4y": -33.64,
            "last_8y": -20.71,
            "last_12y": -13.75,
            "last_16y": -8.54,
            "last_20y": -5.45,
            "at_2006_last_3y": 6.12,
            "at_2007_last_3y": 0.61,
            "at_2008_last_3y": 27.94,
            "at_2009_last_3y": 36.99,
            "at_2010_last_3y": 5.79,
            "at_2011_last_3y": 40.22,
            "at_2012_last_3y": -3.38,
            "at_2013_last_3y": 12.15,
            "at_2014_last_3y": -1.57,
            "at_2015_last_3y": -1.57,
            "at_2016_last_3y": -7.96,
            "at_2017_last_3y": -27.84,
            "at_2018_last_3y": -3.47,
            "at_2019_last_3y": -70.13,
            "at_2020_last_3y": -55.2,
            "at_2021_last_3y": -33.79,
            "at_2022_last_3y": -29.73,
            "at_2023_last_3y": -11.51,
            "at_2024_last_3y": -11.51,
            "at_2006_last_all": 24.74,
            "at_2007_last_all": 14.33,
            "at_2008_last_all": 26.57,
            "at_2009_last_all": 21.94,
            "at_2010_last_all": 16.32,
            "at_2011_last_all": 24.69,
            "at_2012_last_all": 15.68,
            "at_2013_last_all": 18.68,
            "at_2014_last_all": 10.81,
            "at_2015_last_all": 17.19,
            "at_2016_last_all": 9.37,
            "at_2017_last_all": 9.37,
            "at_2018_last_all": 8.14,
            "at_2019_last_all": 1.78,
            "at_2020_last_all": 1.78,
            "at_2021_last_all": 2.18,
            "at_2022_last_all": 2.16,
            "at_2023_last_all": -0.22,
            "at_2024_last_all": -0.22
        },
        "latest_eps": 1.32,
        "latest_price": 18.25,
        "latest_roe": 7.58,
        "latest_gross_margin": 18.08,
        "latest_equity": 12321259,
        "latest_revenue": 3159956,
        "latest_gross_profit": 571330,
        "latest_net_income": 258118,
        "latest_debt_ratio": 59.66,
        "latest_current_ratio": 143.56,
        "latest_account_receivable_turnover_ratio": 1.25,
        "latest_inventory_turnover_ratio": 0.28,
        "latest_reinvestment_rate": -206.28,
        "latest_research_to_sale_ratio": 0.97
    },
    "eps_dividends": {
        "2001": {
            "cash": 0,
            "stock": 0.5,
            "eps": 1.28
        },
        "2002": {
            "cash": 0,
            "stock": 0.5,
            "eps": 2.55
        },
        "2003": {
            "cash": 0,
            "stock": 1.2,
            "eps": 2.15
        },
        "2004": {
            "cash": 0.73,
            "stock": 0.73,
            "eps": 1.95
        },
        "2005": {
            "cash": 0.4,
            "stock": 0.8,
            "eps": 1.04
        },
        "2006": {
            "cash": 0.41,
            "stock": 0.41,
            "eps": 2.04
        },
        "2007": {
            "cash": 0,
            "stock": 0,
            "eps": 1.27
        },
        "2008": {
            "cash": 0.3,
            "stock": 0.65,
            "eps": 3.35
        },
        "2009": {
            "cash": 0.27,
            "stock": 1.54,
            "eps": 3
        },
        "2010": {
            "cash": 0.64,
            "stock": 1.5,
            "eps": 2.14
        },
        "2011": {
            "cash": 1.6400000000000001,
            "stock": 2.49,
            "eps": 4.69
        },
        "2012": {
            "cash": 0,
            "stock": 0,
            "eps": 1.2
        },
        "2013": {
            "cash": 0.5,
            "stock": 1,
            "eps": 1.82
        },
        "2014": {
            "cash": 0.44,
            "stock": 1,
            "eps": 0.3
        },
        "2015": {
            "cash": 0.25,
            "stock": 0,
            "eps": 0.74
        },
        "2016": {
            "cash": 0.5,
            "stock": 0,
            "eps": -0.21
        },
        "2017": {
            "cash": 0.3,
            "stock": 0,
            "eps": 1.25
        },
        "2018": {
            "cash": 0.6,
            "stock": 0,
            "eps": 1.12
        },
        "2019": {
            "cash": 0.5,
            "stock": 0,
            "eps": -0.92
        },
        "2020": {
            "cash": 0.3,
            "stock": 0,
            "eps": 1.55
        },
        "2021": {
            "cash": 0.62,
            "stock": 0.62,
            "eps": 1.69
        },
        "2022": {
            "cash": 1,
            "stock": 0,
            "eps": 1.72
        },
        "2023": {
            "cash": 1,
            "stock": 0,
            "eps": 0.94
        }
    },
    "dividends": {
        "2001-05-05": {
            "cash": 0,
            "stock": 0.5
        },
        "2002-06-22": {
            "cash": 0,
            "stock": 0.5
        },
        "2003-03-14": {
            "cash": 0,
            "stock": 1.2
        },
        "2004-04-02": {
            "cash": 0.73,
            "stock": 0.73
        },
        "2005-02-03": {
            "cash": 0.4,
            "stock": 0.8
        },
        "2006-03-24": {
            "cash": 0.41,
            "stock": 0.41
        },
        "2008-06-13": {
            "cash": 0.3,
            "stock": 0.65
        },
        "2009-04-16": {
            "cash": 0.27,
            "stock": 1.54
        },
        "2010-06-25": {
            "cash": 0.64,
            "stock": 1.5
        },
        "2011-01-01": {
            "cash": 1,
            "stock": 2
        },
        "2011-04-29": {
            "cash": 0.64,
            "stock": 0.49
        },
        "2013-03-21": {
            "cash": 0.5,
            "stock": 1
        },
        "2014-09-17": {
            "cash": 0.44,
            "stock": 1
        },
        "2015-08-25": {
            "cash": 0.25,
            "stock": 0
        },
        "2016-08-25": {
            "cash": 0.5,
            "stock": 0
        },
        "2017-08-11": {
            "cash": 0.3,
            "stock": 0
        },
        "2018-08-10": {
            "cash": 0.6,
            "stock": 0
        },
        "2019-08-15": {
            "cash": 0.5,
            "stock": 0
        },
        "2020-08-25": {
            "cash": 0.3,
            "stock": 0
        },
        "2021-08-17": {
            "cash": 0.62,
            "stock": 0.62
        },
        "2022-08-10": {
            "cash": 1,
            "stock": 0
        },
        "2023-08-10": {
            "cash": 1,
            "stock": 0
        }
    },
    "prices": {
        "200101": "無",
        "200102": "無",
        "200103": "無",
        "200104": "15.52",
        "200105": "15.37",
        "200106": "13.80",
        "200107": "11.12",
        "200108": "11.68",
        "200109": "11.69",
        "200110": "10.67",
        "200111": "10.18",
        "200112": "11.05",
        "200201": "11.42",
        "200202": "11.58",
        "200203": "11.83",
        "200204": "18.65",
        "200205": "24.15",
        "200206": "26.26",
        "200207": "22.80",
        "200208": "23.07",
        "200209": "23.09",
        "200210": "20.94",
        "200211": "27.08",
        "200212": "28.71",
        "200301": "26.64",
        "200302": "23.22",
        "200303": "23.19",
        "200304": "21.14",
        "200305": "19.36",
        "200306": "20.92",
        "200307": "19.90",
        "200308": "21.56",
        "200309": "21.21",
        "200310": "22.99",
        "200311": "26.84",
        "200312": "25.72",
        "200401": "25.27",
        "200402": "26.61",
        "200403": "25.71",
        "200404": "23.07",
        "200405": "18.27",
        "200406": "17.02",
        "200407": "15.59",
        "200408": "14.38",
        "200409": "14.88",
        "200410": "15.12",
        "200411": "14.63",
        "200412": "15.68",
        "200501": "16.06",
        "200502": "15.68",
        "200503": "15.63",
        "200504": "14.50",
        "200505": "12.04",
        "200506": "12.02",
        "200507": "11.90",
        "200508": "11.58",
        "200509": "10.40",
        "200510": "11.60",
        "200511": "11.31",
        "200512": "11.62",
        "200601": "11.91",
        "200602": "11.62",
        "200603": "11.76",
        "200604": "13.10",
        "200605": "13.86",
        "200606": "12.98",
        "200607": "14.30",
        "200608": "13.37",
        "200609": "13.34",
        "200610": "15.29",
        "200611": "18.89",
        "200612": "20.36",
        "200701": "19.35",
        "200702": "18.79",
        "200703": "19.33",
        "200704": "22.25",
        "200705": "19.58",
        "200706": "21.26",
        "200707": "21.68",
        "200708": "20.87",
        "200709": "20.15",
        "200710": "18.74",
        "200711": "17.30",
        "200712": "15.83",
        "200801": "16.81",
        "200802": "17.50",
        "200803": "20.54",
        "200804": "24.50",
        "200805": "27.42",
        "200806": "24.45",
        "200807": "21.17",
        "200808": "20.43",
        "200809": "17.88",
        "200810": "15.55",
        "200811": "15.60",
        "200812": "14.78",
        "200901": "14.93",
        "200902": "14.98",
        "200903": "16.15",
        "200904": "19.32",
        "200905": "20.50",
        "200906": "21.46",
        "200907": "22.12",
        "200908": "21.93",
        "200909": "21.52",
        "200910": "22.39",
        "200911": "22.44",
        "200912": "23.07",
        "201001": "24.53",
        "201002": "22.76",
        "201003": "24.19",
        "201004": "25.51",
        "201005": "23.97",
        "201006": "23.47",
        "201007": "25.80",
        "201008": "27.80",
        "201009": "28.11",
        "201010": "31.94",
        "201011": "28.40",
        "201012": "29.33",
        "201101": "28.22",
        "201102": "27.83",
        "201103": "29.47",
        "201104": "29.12",
        "201105": "29.55",
        "201106": "27.30",
        "201107": "28.56",
        "201108": "29.19",
        "201109": "27.78",
        "201110": "26.78",
        "201111": "25.39",
        "201112": "23.67",
        "201201": "23.16",
        "201202": "26.64",
        "201203": "27.26",
        "201204": "28.37",
        "201205": "27.93",
        "201206": "27.25",
        "201207": "27.59",
        "201208": "29.10",
        "201209": "24.30",
        "201210": "22.54",
        "201211": "18.85",
        "201212": "18.82",
        "201301": "19.41",
        "201302": "19.42",
        "201303": "19.37",
        "201304": "20.27",
        "201305": "20.58",
        "201306": "20.67",
        "201307": "21.76",
        "201308": "23.05",
        "201309": "23.59",
        "201310": "22.85",
        "201311": "21.65",
        "201312": "22.15",
        "201401": "22.78",
        "201402": "22.90",
        "201403": "22.54",
        "201404": "22.52",
        "201405": "21.20",
        "201406": "20.78",
        "201407": "20.83",
        "201408": "19.48",
        "201409": "17.32",
        "201410": "16.12",
        "201411": "15.73",
        "201412": "15.93",
        "201501": "15.92",
        "201502": "15.53",
        "201503": "14.95",
        "201504": "14.96",
        "201505": "14.80",
        "201506": "13.34",
        "201507": "12.05",
        "201508": "11.97",
        "201509": "12.82",
        "201510": "12.46",
        "201511": "13.45",
        "201512": "11.87",
        "201601": "11.77",
        "201602": "12.02",
        "201603": "13.18",
        "201604": "13.75",
        "201605": "13.51",
        "201606": "13.70",
        "201607": "13.81",
        "201608": "12.79",
        "201609": "12.24",
        "201610": "12.07",
        "201611": "11.60",
        "201612": "11.99",
        "201701": "12.72",
        "201702": "12.83",
        "201703": "13.56",
        "201704": "13.00",
        "201705": "13.24",
        "201706": "12.90",
        "201707": "12.80",
        "201708": "12.52",
        "201709": "13.23",
        "201710": "13.95",
        "201711": "14.17",
        "201712": "14.25",
        "201801": "15.15",
        "201802": "13.98",
        "201803": "13.98",
        "201804": "16.27",
        "201805": "18.54",
        "201806": "20.22",
        "201807": "19.24",
        "201808": "16.36",
        "201809": "15.39",
        "201810": "14.28",
        "201811": "13.10",
        "201812": "14.31",
        "201901": "13.54",
        "201902": "13.79",
        "201903": "14.03",
        "201904": "13.98",
        "201905": "13.10",
        "201906": "13.34",
        "201907": "12.90",
        "201908": "11.88",
        "201909": "11.96",
        "201910": "11.70",
        "201911": "11.72",
        "201912": "12.47",
        "202001": "11.95",
        "202002": "10.89",
        "202003": "10.06",
        "202004": "10.19",
        "202005": "10.67",
        "202006": "10.93",
        "202007": "11.97",
        "202008": "13.15",
        "202009": "14.72",
        "202010": "15.03",
        "202011": "15.95",
        "202012": "16.21",
        "202101": "15.03",
        "202102": "14.82",
        "202103": "15.55",
        "202104": "17.50",
        "202105": "17.68",
        "202106": "18.80",
        "202107": "18.82",
        "202108": "17.32",
        "202109": "16.19",
        "202110": "15.24",
        "202111": "15.25",
        "202112": "15.14",
        "202201": "15.17",
        "202202": "15.08",
        "202203": "15.07",
        "202204": "15.73",
        "202205": "15.27",
        "202206": "15.50",
        "202207": "14.25",
        "202208": "14.12",
        "202209": "14.23",
        "202210": "13.49",
        "202211": "13.98",
        "202212": "14.61",
        "202301": "14.46",
        "202302": "14.65",
        "202303": "15.52",
        "202304": "16.72",
        "202305": "16.64",
        "202306": "16.03",
        "202307": "15.17",
        "202308": "14.77",
        "202309": "15.55",
        "202310": "16.24",
        "202311": "16.47",
        "202312": "17.82"
    },
    "quarters": {
        "20011": {
            "year_quarter": 20011,
            "year": 2001,
            "quarter": 1,
            "eps": 0.27,
            "eps_growth_year": -22.86,
            "eps_4q": 1.73,
            "eps_4q_growth_year": -3.22,
            "roe": 2.02,
            "roe_4q": 2.02,
            "gross_profit": 52981,
            "gross_margin": 15.86,
            "gross_margin_4q_avg": 15.86,
            "net_income": 9893,
            "net_income_4q": null,
            "revenue": 334078,
            "revenue_4q": null,
            "common_shares": 362250,
            "book_valuer_per_share": 13.68,
            "book_valuer_per_share_4q_avg": 13.68,
            "equity": 495561,
            "current_ratio": 129.07,
            "debt_ratio": 48.92,
            "inventory_turnover_ratio": 3.11,
            "account_receivable_turnover_ratio": null,
            "reinvestment_rate": null,
            "research_to_sale_ratio": null,
            "price_fair": 0,
            "eps_avg_yearly": 0,
            "eps_latest_yearly": 0,
            "eps_growth_yearly": 0
        },
        "20012": {
            "year_quarter": 20012,
            "year": 2001,
            "quarter": 2,
            "eps": 0.47,
            "eps_growth_year": -22.95,
            "eps_4q": 1.54,
            "eps_4q_growth_year": -9.02,
            "roe": 3.7,
            "roe_4q": 5.720000000000001,
            "gross_profit": 58002,
            "gross_margin": 15.36,
            "gross_margin_4q_avg": 15.61,
            "net_income": 17963,
            "net_income_4q": null,
            "revenue": 377658,
            "revenue_4q": null,
            "common_shares": 362250,
            "book_valuer_per_share": 13.12,
            "book_valuer_per_share_4q_avg": 13.4,
            "equity": 475437,
            "current_ratio": 118.69,
            "debt_ratio": 56.68,
            "inventory_turnover_ratio": 3.5,
            "account_receivable_turnover_ratio": null,
            "reinvestment_rate": null,
            "research_to_sale_ratio": null,
            "price_fair": 0,
            "eps_avg_yearly": 0,
            "eps_latest_yearly": 0,
            "eps_growth_yearly": 0
        },
        "20013": {
            "year_quarter": 20013,
            "year": 2001,
            "quarter": 3,
            "eps": 0.46,
            "eps_growth_year": 17.95,
            "eps_4q": 1.64,
            "eps_4q_growth_year": 3.11,
            "roe": 3.62,
            "roe_4q": 9.34,
            "gross_profit": 62486,
            "gross_margin": 17.57,
            "gross_margin_4q_avg": 16.26,
            "net_income": 17515,
            "net_income_4q": null,
            "revenue": 355605,
            "revenue_4q": null,
            "common_shares": 362250,
            "book_valuer_per_share": 13.61,
            "book_valuer_per_share_4q_avg": 13.47,
            "equity": 492952,
            "current_ratio": 131.03,
            "debt_ratio": 53.48,
            "inventory_turnover_ratio": 2.83,
            "account_receivable_turnover_ratio": null,
            "reinvestment_rate": null,
            "research_to_sale_ratio": null,
            "price_fair": 0,
            "eps_avg_yearly": 0,
            "eps_latest_yearly": 0,
            "eps_growth_yearly": 0
        },
        "20014": {
            "year_quarter": 20014,
            "year": 2001,
            "quarter": 4,
            "eps": 0.08,
            "eps_growth_year": -82.98,
            "eps_4q": 1.19,
            "eps_4q_growth_year": -34.33,
            "roe": 0.62,
            "roe_4q": 9.96,
            "gross_profit": 63188,
            "gross_margin": 16.11,
            "gross_margin_4q_avg": 16.23,
            "net_income": 3256,
            "net_income_4q": null,
            "revenue": 392231,
            "revenue_4q": null,
            "common_shares": 440363,
            "book_valuer_per_share": 12.63,
            "book_valuer_per_share_4q_avg": 13.26,
            "equity": 556208,
            "current_ratio": 140.61,
            "debt_ratio": 54.22,
            "inventory_turnover_ratio": 2.93,
            "account_receivable_turnover_ratio": null,
            "reinvestment_rate": null,
            "research_to_sale_ratio": null,
            "price_fair": 0,
            "eps_avg_yearly": 0,
            "eps_latest_yearly": 0,
            "eps_growth_yearly": 0
        },
        "20021": {
            "year_quarter": 20021,
            "year": 2002,
            "quarter": 1,
            "eps": 0.57,
            "eps_growth_year": 111.11,
            "eps_4q": 1.45,
            "eps_4q_growth_year": -15.7,
            "roe": 4.39,
            "roe_4q": 12.329999999999998,
            "gross_profit": 72431,
            "gross_margin": 20.62,
            "gross_margin_4q_avg": 17.42,
            "net_income": 24968,
            "net_income_4q": null,
            "revenue": 351223,
            "revenue_4q": null,
            "common_shares": 440363,
            "book_valuer_per_share": 13.2,
            "book_valuer_per_share_4q_avg": 13.14,
            "equity": 581176,
            "current_ratio": 116.85,
            "debt_ratio": 54.55,
            "inventory_turnover_ratio": 2.31,
            "account_receivable_turnover_ratio": null,
            "reinvestment_rate": null,
            "research_to_sale_ratio": null,
            "price_fair": 79.8,
            "eps_avg_yearly": 2.28,
            "eps_latest_yearly": 2.28,
            "eps_growth_yearly": 2450
        },
        "20022": {
            "year_quarter": 20022,
            "year": 2002,
            "quarter": 2,
            "eps": 0.59,
            "eps_growth_year": 25.53,
            "eps_4q": 1.63,
            "eps_4q_growth_year": 5.36,
            "roe": 4.48,
            "roe_4q": 13.11,
            "gross_profit": 82102,
            "gross_margin": 17.38,
            "gross_margin_4q_avg": 17.92,
            "net_income": 26036,
            "net_income_4q": null,
            "revenue": 472399,
            "revenue_4q": null,
            "common_shares": 440363,
            "book_valuer_per_share": 13.21,
            "book_valuer_per_share_4q_avg": 13.16,
            "equity": 581650,
            "current_ratio": 104.98,
            "debt_ratio": 57.68,
            "inventory_turnover_ratio": 3.05,
            "account_receivable_turnover_ratio": null,
            "reinvestment_rate": null,
            "research_to_sale_ratio": null,
            "price_fair": 81.2,
            "eps_avg_yearly": 2.32,
            "eps_latest_yearly": 2.36,
            "eps_growth_yearly": 1232.02
        },
        "20023": {
            "year_quarter": 20023,
            "year": 2002,
            "quarter": 3,
            "eps": 0.61,
            "eps_growth_year": 32.61,
            "eps_4q": 1.85,
            "eps_4q_growth_year": 12.84,
            "roe": 4.44,
            "roe_4q": 13.930000000000001,
            "gross_profit": 65075,
            "gross_margin": 15.99,
            "gross_margin_4q_avg": 17.53,
            "net_income": 26791,
            "net_income_4q": null,
            "revenue": 406983,
            "revenue_4q": null,
            "common_shares": 440363,
            "book_valuer_per_share": 14.17,
            "book_valuer_per_share_4q_avg": 13.3,
            "equity": 624014,
            "current_ratio": 107.44,
            "debt_ratio": 53.42,
            "inventory_turnover_ratio": 2.62,
            "account_receivable_turnover_ratio": null,
            "reinvestment_rate": null,
            "research_to_sale_ratio": null,
            "price_fair": 82.6,
            "eps_avg_yearly": 2.36,
            "eps_latest_yearly": 2.44,
            "eps_growth_yearly": 825.86
        },
        "20024": {
            "year_quarter": 20024,
            "year": 2002,
            "quarter": 4,
            "eps": 0.78,
            "eps_growth_year": 875,
            "eps_4q": 2.44,
            "eps_4q_growth_year": 104.38,
            "roe": 4.97,
            "roe_4q": 18.28,
            "gross_profit": 67569,
            "gross_margin": 15.14,
            "gross_margin_4q_avg": 17.28,
            "net_income": 36513,
            "net_income_4q": null,
            "revenue": 446243,
            "revenue_4q": null,
            "common_shares": 557381,
            "book_valuer_per_share": 15.17,
            "book_valuer_per_share_4q_avg": 13.94,
            "equity": 845454,
            "current_ratio": 128.33,
            "debt_ratio": 42.51,
            "inventory_turnover_ratio": 3.05,
            "account_receivable_turnover_ratio": null,
            "reinvestment_rate": 42.25,
            "research_to_sale_ratio": null,
            "price_fair": 89.25,
            "eps_avg_yearly": 2.55,
            "eps_latest_yearly": 3.12,
            "eps_growth_yearly": 647.27
        },
        "20031": {
            "year_quarter": 20031,
            "year": 2003,
            "quarter": 1,
            "eps": 0.54,
            "eps_growth_year": -5.26,
            "eps_4q": 2.15,
            "eps_4q_growth_year": 47.6,
            "roe": 3.49,
            "roe_4q": 17.380000000000003,
            "gross_profit": 60142,
            "gross_margin": 15.4,
            "gross_margin_4q_avg": 15.98,
            "net_income": 30030,
            "net_income_4q": null,
            "revenue": 390630,
            "revenue_4q": null,
            "common_shares": 557381,
            "book_valuer_per_share": 15.71,
            "book_valuer_per_share_4q_avg": 14.57,
            "equity": 875500,
            "current_ratio": 128.1,
            "debt_ratio": 42.92,
            "inventory_turnover_ratio": 2.62,
            "account_receivable_turnover_ratio": null,
            "reinvestment_rate": 43,
            "research_to_sale_ratio": null,
            "price_fair": 86.52,
            "eps_avg_yearly": 2.47,
            "eps_latest_yearly": 2.16,
            "eps_growth_yearly": 493.2
        },
        "20032": {
            "year_quarter": 20032,
            "year": 2003,
            "quarter": 2,
            "eps": 0.5,
            "eps_growth_year": -15.25,
            "eps_4q": 2.17,
            "eps_4q_growth_year": 33.26,
            "roe": 3.21,
            "roe_4q": 16.11,
            "gross_profit": 65603,
            "gross_margin": 12.64,
            "gross_margin_4q_avg": 14.79,
            "net_income": 27988,
            "net_income_4q": null,
            "revenue": 519047,
            "revenue_4q": null,
            "common_shares": 557381,
            "book_valuer_per_share": 15.61,
            "book_valuer_per_share_4q_avg": 15.17,
            "equity": 870063,
            "current_ratio": 103.95,
            "debt_ratio": 46.63,
            "inventory_turnover_ratio": 3.55,
            "account_receivable_turnover_ratio": null,
            "reinvestment_rate": 38.64,
            "research_to_sale_ratio": null,
            "price_fair": 83.77,
            "eps_avg_yearly": 2.39,
            "eps_latest_yearly": 2,
            "eps_growth_yearly": 406.06
        },
        "20033": {
            "year_quarter": 20033,
            "year": 2003,
            "quarter": 3,
            "eps": 0.71,
            "eps_growth_year": 16.39,
            "eps_4q": 2.23,
            "eps_4q_growth_year": 20.97,
            "roe": 4.97,
            "roe_4q": 16.64,
            "gross_profit": 81652,
            "gross_margin": 14.92,
            "gross_margin_4q_avg": 14.53,
            "net_income": 44084,
            "net_income_4q": null,
            "revenue": 547265,
            "revenue_4q": null,
            "common_shares": 557381,
            "book_valuer_per_share": 16.2,
            "book_valuer_per_share_4q_avg": 15.67,
            "equity": 903161,
            "current_ratio": 176.79,
            "debt_ratio": 53.06,
            "inventory_turnover_ratio": 3.56,
            "account_receivable_turnover_ratio": null,
            "reinvestment_rate": 36.51,
            "research_to_sale_ratio": null,
            "price_fair": 86,
            "eps_avg_yearly": 2.46,
            "eps_latest_yearly": 2.84,
            "eps_growth_yearly": 372.05
        },
        "20034": {
            "year_quarter": 20034,
            "year": 2003,
            "quarter": 4,
            "eps": 0.4,
            "eps_growth_year": -48.72,
            "eps_4q": 2.02,
            "eps_4q_growth_year": -17.41,
            "roe": 2.5,
            "roe_4q": 14.17,
            "gross_profit": 92645,
            "gross_margin": 17.77,
            "gross_margin_4q_avg": 15.18,
            "net_income": 25261,
            "net_income_4q": null,
            "revenue": 521471,
            "revenue_4q": null,
            "common_shares": 721607,
            "book_valuer_per_share": 15.46,
            "book_valuer_per_share_4q_avg": 15.75,
            "equity": 1115531,
            "current_ratio": 181.33,
            "debt_ratio": 39.66,
            "inventory_turnover_ratio": 3.17,
            "account_receivable_turnover_ratio": null,
            "reinvestment_rate": 63.28,
            "research_to_sale_ratio": null,
            "price_fair": 82.25,
            "eps_avg_yearly": 2.35,
            "eps_latest_yearly": 1.6,
            "eps_growth_yearly": 303.71
        },
        "20041": {
            "year_quarter": 20041,
            "year": 2004,
            "quarter": 1,
            "eps": 0.34,
            "eps_growth_year": -37.04,
            "eps_4q": 1.7,
            "eps_4q_growth_year": -20.74,
            "roe": 2.16,
            "roe_4q": 12.84,
            "gross_profit": 84976,
            "gross_margin": 16.02,
            "gross_margin_4q_avg": 15.34,
            "net_income": 24311,
            "net_income_4q": null,
            "revenue": 530361,
            "revenue_4q": null,
            "common_shares": 726606,
            "book_valuer_per_share": 15.64,
            "book_valuer_per_share_4q_avg": 15.73,
            "equity": 1136721,
            "current_ratio": 135,
            "debt_ratio": 42.89,
            "inventory_turnover_ratio": 2.93,
            "account_receivable_turnover_ratio": null,
            "reinvestment_rate": 95.69,
            "research_to_sale_ratio": null,
            "price_fair": 78.4,
            "eps_avg_yearly": 2.24,
            "eps_latest_yearly": 1.36,
            "eps_growth_yearly": 263.3
        },
        "20042": {
            "year_quarter": 20042,
            "year": 2004,
            "quarter": 2,
            "eps": 0.28,
            "eps_growth_year": -44,
            "eps_4q": 1.49,
            "eps_4q_growth_year": -31.33,
            "roe": 1.93,
            "roe_4q": 11.559999999999999,
            "gross_profit": 87117,
            "gross_margin": 16.28,
            "gross_margin_4q_avg": 16.25,
            "net_income": 21704,
            "net_income_4q": null,
            "revenue": 535026,
            "revenue_4q": null,
            "common_shares": 726606,
            "book_valuer_per_share": 15.32,
            "book_valuer_per_share_4q_avg": 15.66,
            "equity": 1112937,
            "current_ratio": 125.56,
            "debt_ratio": 53.26,
            "inventory_turnover_ratio": 1.44,
            "account_receivable_turnover_ratio": null,
            "reinvestment_rate": 104.93,
            "research_to_sale_ratio": null,
            "price_fair": 74.48,
            "eps_avg_yearly": 2.13,
            "eps_latest_yearly": 1.12,
            "eps_growth_yearly": 229.91
        },
        "20043": {
            "year_quarter": 20043,
            "year": 2004,
            "quarter": 3,
            "eps": 1.02,
            "eps_growth_year": 43.66,
            "eps_4q": 1.93,
            "eps_4q_growth_year": -13.34,
            "roe": 6.86,
            "roe_4q": 13.450000000000001,
            "gross_profit": 99428,
            "gross_margin": 17.2,
            "gross_margin_4q_avg": 16.82,
            "net_income": 79476,
            "net_income_4q": null,
            "revenue": 578157,
            "revenue_4q": null,
            "common_shares": 779283,
            "book_valuer_per_share": 15.44,
            "book_valuer_per_share_4q_avg": 15.47,
            "equity": 1203567,
            "current_ratio": 112.84,
            "debt_ratio": 54.27,
            "inventory_turnover_ratio": 0.96,
            "account_receivable_turnover_ratio": null,
            "reinvestment_rate": 96.3,
            "research_to_sale_ratio": null,
            "price_fair": 80.69,
            "eps_avg_yearly": 2.31,
            "eps_latest_yearly": 4.08,
            "eps_growth_yearly": 305.12
        },
        "20044": {
            "year_quarter": 20044,
            "year": 2004,
            "quarter": 4,
            "eps": 0.31,
            "eps_growth_year": -22.5,
            "eps_4q": 1.91,
            "eps_4q_growth_year": -5.45,
            "roe": 2.03,
            "roe_4q": 12.98,
            "gross_profit": 107991,
            "gross_margin": 15.03,
            "gross_margin_4q_avg": 16.13,
            "net_income": 24362,
            "net_income_4q": null,
            "revenue": 718412,
            "revenue_4q": null,
            "common_shares": 781107,
            "book_valuer_per_share": 15.26,
            "book_valuer_per_share_4q_avg": 15.42,
            "equity": 1191609,
            "current_ratio": 145.46,
            "debt_ratio": 54.54,
            "inventory_turnover_ratio": 1.12,
            "account_receivable_turnover_ratio": null,
            "reinvestment_rate": 93.31,
            "research_to_sale_ratio": null,
            "price_fair": 77.58,
            "eps_avg_yearly": 2.22,
            "eps_latest_yearly": 1.24,
            "eps_growth_yearly": 256.49
        },
        "20051": {
            "year_quarter": 20051,
            "year": 2005,
            "quarter": 1,
            "eps": 0.25,
            "eps_growth_year": -26.47,
            "eps_4q": 1.83,
            "eps_4q_growth_year": 7.57,
            "roe": 1.65,
            "roe_4q": 12.469999999999999,
            "gross_profit": 97288,
            "gross_margin": 15.41,
            "gross_margin_4q_avg": 15.98,
            "net_income": 19863,
            "net_income_4q": null,
            "revenue": 631389,
            "revenue_4q": null,
            "common_shares": 781107,
            "book_valuer_per_share": 15.52,
            "book_valuer_per_share_4q_avg": 15.39,
            "equity": 1212626,
            "current_ratio": 142.08,
            "debt_ratio": 54.37,
            "inventory_turnover_ratio": 0.93,
            "account_receivable_turnover_ratio": null,
            "reinvestment_rate": 82.85,
            "research_to_sale_ratio": null,
            "price_fair": 74.31,
            "eps_avg_yearly": 2.12,
            "eps_latest_yearly": 1,
            "eps_growth_yearly": 230.8
        },
        "20052": {
            "year_quarter": 20052,
            "year": 2005,
            "quarter": 2,
            "eps": 0.16,
            "eps_growth_year": -42.86,
            "eps_4q": 1.63,
            "eps_4q_growth_year": 9.2,
            "roe": 1.13,
            "roe_4q": 11.67,
            "gross_profit": 89428,
            "gross_margin": 14.12,
            "gross_margin_4q_avg": 15.44,
            "net_income": 13508,
            "net_income_4q": null,
            "revenue": 633547,
            "revenue_4q": null,
            "common_shares": 781107,
            "book_valuer_per_share": 15.21,
            "book_valuer_per_share_4q_avg": 15.36,
            "equity": 1188213,
            "current_ratio": 147.4,
            "debt_ratio": 52.98,
            "inventory_turnover_ratio": 0.96,
            "account_receivable_turnover_ratio": null,
            "reinvestment_rate": 75.33,
            "research_to_sale_ratio": null,
            "price_fair": 70.6,
            "eps_avg_yearly": 2.02,
            "eps_latest_yearly": 0.64,
            "eps_growth_yearly": 204.03
        },
        "20053": {
            "year_quarter": 20053,
            "year": 2005,
            "quarter": 3,
            "eps": 0.6,
            "eps_growth_year": -41.18,
            "eps_4q": 1.29,
            "eps_4q_growth_year": -33.52,
            "roe": 4.12,
            "roe_4q": 8.93,
            "gross_profit": 108576,
            "gross_margin": 17.13,
            "gross_margin_4q_avg": 15.42,
            "net_income": 50476,
            "net_income_4q": null,
            "revenue": 633670,
            "revenue_4q": null,
            "common_shares": 848446,
            "book_valuer_per_share": 14.9,
            "book_valuer_per_share_4q_avg": 15.22,
            "equity": 1264556,
            "current_ratio": 118.96,
            "debt_ratio": 52.27,
            "inventory_turnover_ratio": 0.94,
            "account_receivable_turnover_ratio": null,
            "reinvestment_rate": 65.49,
            "research_to_sale_ratio": null,
            "price_fair": 71.49,
            "eps_avg_yearly": 2.04,
            "eps_latest_yearly": 2.4,
            "eps_growth_yearly": 263.76
        },
        "20054": {
            "year_quarter": 20054,
            "year": 2005,
            "quarter": 4,
            "eps": 0.03,
            "eps_growth_year": -90.32,
            "eps_4q": 0.96,
            "eps_4q_growth_year": -49.84,
            "roe": 0.17,
            "roe_4q": 7.07,
            "gross_profit": 93518,
            "gross_margin": 16.08,
            "gross_margin_4q_avg": 15.69,
            "net_income": 2715,
            "net_income_4q": null,
            "revenue": 581722,
            "revenue_4q": null,
            "common_shares": 916677,
            "book_valuer_per_share": 14.76,
            "book_valuer_per_share_4q_avg": 15.1,
            "equity": 1856575,
            "current_ratio": 109.84,
            "debt_ratio": 53.88,
            "inventory_turnover_ratio": 0.68,
            "account_receivable_turnover_ratio": null,
            "reinvestment_rate": 340.2,
            "research_to_sale_ratio": null,
            "price_fair": 67.29,
            "eps_avg_yearly": 1.92,
            "eps_latest_yearly": 0.12,
            "eps_growth_yearly": 223.53
        },
        "20061": {
            "year_quarter": 20061,
            "year": 2006,
            "quarter": 1,
            "eps": 0.25,
            "eps_growth_year": 0,
            "eps_4q": 1,
            "eps_4q_growth_year": -45.26,
            "roe": 1.38,
            "roe_4q": 6.8,
            "gross_profit": 75990,
            "gross_margin": 13.12,
            "gross_margin_4q_avg": 15.11,
            "net_income": 22179,
            "net_income_4q": null,
            "revenue": 579223,
            "revenue_4q": null,
            "common_shares": 916677,
            "book_valuer_per_share": 14.78,
            "book_valuer_per_share_4q_avg": 14.91,
            "equity": 1354662,
            "current_ratio": 130.77,
            "debt_ratio": 50.92,
            "inventory_turnover_ratio": 0.68,
            "account_receivable_turnover_ratio": null,
            "reinvestment_rate": 73.21,
            "research_to_sale_ratio": null,
            "price_fair": 64.49,
            "eps_avg_yearly": 1.84,
            "eps_latest_yearly": 1,
            "eps_growth_yearly": 253.73
        },
        "20062": {
            "year_quarter": 20062,
            "year": 2006,
            "quarter": 2,
            "eps": 1.31,
            "eps_growth_year": 718.75,
            "eps_4q": 2.12,
            "eps_4q_growth_year": 30.27,
            "roe": 8.7,
            "roe_4q": 14.369999999999997,
            "gross_profit": 184721,
            "gross_margin": 18.52,
            "gross_margin_4q_avg": 16.21,
            "net_income": 122316,
            "net_income_4q": null,
            "revenue": 997388,
            "revenue_4q": null,
            "common_shares": 928984,
            "book_valuer_per_share": 15.68,
            "book_valuer_per_share_4q_avg": 15.03,
            "equity": 1457103,
            "current_ratio": 128.36,
            "debt_ratio": 50.9,
            "inventory_turnover_ratio": 1.18,
            "account_receivable_turnover_ratio": null,
            "reinvestment_rate": 74.4,
            "research_to_sale_ratio": null,
            "price_fair": 70.79,
            "eps_avg_yearly": 2.02,
            "eps_latest_yearly": 5.24,
            "eps_growth_yearly": 358.86
        },
        "20063": {
            "year_quarter": 20063,
            "year": 2006,
            "quarter": 3,
            "eps": 0.4,
            "eps_growth_year": -33.33,
            "eps_4q": 1.96,
            "eps_4q_growth_year": 52.7,
            "roe": 2.39,
            "roe_4q": 12.639999999999999,
            "gross_profit": 94339,
            "gross_margin": 12.4,
            "gross_margin_4q_avg": 15.03,
            "net_income": 37648,
            "net_income_4q": null,
            "revenue": 760769,
            "revenue_4q": null,
            "common_shares": 1089633,
            "book_valuer_per_share": 15.6,
            "book_valuer_per_share_4q_avg": 15.21,
            "equity": 1699379,
            "current_ratio": 159.66,
            "debt_ratio": 50.61,
            "inventory_turnover_ratio": 0.85,
            "account_receivable_turnover_ratio": null,
            "reinvestment_rate": 84.93,
            "research_to_sale_ratio": null,
            "price_fair": 68.95,
            "eps_avg_yearly": 1.97,
            "eps_latest_yearly": 1.6,
            "eps_growth_yearly": 340.64
        },
        "20064": {
            "year_quarter": 20064,
            "year": 2006,
            "quarter": 4,
            "eps": 0.08,
            "eps_growth_year": 166.67,
            "eps_4q": 2.04,
            "eps_4q_growth_year": 112.8,
            "roe": 0.37,
            "roe_4q": 12.84,
            "gross_profit": 68876,
            "gross_margin": 11.55,
            "gross_margin_4q_avg": 13.9,
            "net_income": 7452,
            "net_income_4q": null,
            "revenue": 596464,
            "revenue_4q": null,
            "common_shares": 1121958,
            "book_valuer_per_share": 15.61,
            "book_valuer_per_share_4q_avg": 15.42,
            "equity": 2282846,
            "current_ratio": 134.39,
            "debt_ratio": 55.36,
            "inventory_turnover_ratio": 0.57,
            "account_receivable_turnover_ratio": null,
            "reinvestment_rate": 429.92,
            "research_to_sale_ratio": null,
            "price_fair": 62.83,
            "eps_avg_yearly": 1.8,
            "eps_latest_yearly": 0.32,
            "eps_growth_yearly": 313.68
        },
        "20071": {
            "year_quarter": 20071,
            "year": 2007,
            "quarter": 1,
            "eps": 0.29,
            "eps_growth_year": 16,
            "eps_4q": 1.78,
            "eps_4q_growth_year": 77.54,
            "roe": 1.6,
            "roe_4q": 13.059999999999999,
            "gross_profit": 77844,
            "gross_margin": 13.09,
            "gross_margin_4q_avg": 13.89,
            "net_income": 32613,
            "net_income_4q": null,
            "revenue": 594899,
            "revenue_4q": null,
            "common_shares": 1122294,
            "book_valuer_per_share": 16.03,
            "book_valuer_per_share_4q_avg": 15.73,
            "equity": 1799234,
            "current_ratio": 163.76,
            "debt_ratio": 54.81,
            "inventory_turnover_ratio": 0.56,
            "account_receivable_turnover_ratio": null,
            "reinvestment_rate": 196.54,
            "research_to_sale_ratio": null,
            "price_fair": 60.64,
            "eps_avg_yearly": 1.73,
            "eps_latest_yearly": 1.16,
            "eps_growth_yearly": 386.99
        },
        "20072": {
            "year_quarter": 20072,
            "year": 2007,
            "quarter": 2,
            "eps": 0.29,
            "eps_growth_year": -77.86,
            "eps_4q": 0.99,
            "eps_4q_growth_year": -53.21,
            "roe": 1.78,
            "roe_4q": 6.140000000000001,
            "gross_profit": 79369,
            "gross_margin": 12.32,
            "gross_margin_4q_avg": 12.34,
            "net_income": 32168,
            "net_income_4q": null,
            "revenue": 644153,
            "revenue_4q": null,
            "common_shares": 1149206,
            "book_valuer_per_share": 15.73,
            "book_valuer_per_share_4q_avg": 15.74,
            "equity": 1807586,
            "current_ratio": 166.03,
            "debt_ratio": 59.06,
            "inventory_turnover_ratio": 0.71,
            "account_receivable_turnover_ratio": null,
            "reinvestment_rate": 244.33,
            "research_to_sale_ratio": null,
            "price_fair": 58.8,
            "eps_avg_yearly": 1.68,
            "eps_latest_yearly": 1.16,
            "eps_growth_yearly": 388.85
        },
        "20073": {
            "year_quarter": 20073,
            "year": 2007,
            "quarter": 3,
            "eps": 0.39,
            "eps_growth_year": -2.5,
            "eps_4q": 0.97,
            "eps_4q_growth_year": -50.46,
            "roe": 2.38,
            "roe_4q": 6.13,
            "gross_profit": 90431,
            "gross_margin": 12.96,
            "gross_margin_4q_avg": 12.48,
            "net_income": 48321,
            "net_income_4q": null,
            "revenue": 697910,
            "revenue_4q": null,
            "common_shares": 1461796,
            "book_valuer_per_share": 15.4,
            "book_valuer_per_share_4q_avg": 15.69,
            "equity": 2251502,
            "current_ratio": 141.44,
            "debt_ratio": 53.41,
            "inventory_turnover_ratio": 0.73,
            "account_receivable_turnover_ratio": null,
            "reinvestment_rate": 234.05,
            "research_to_sale_ratio": null,
            "price_fair": 56,
            "eps_avg_yearly": 1.6,
            "eps_latest_yearly": 1.56,
            "eps_growth_yearly": 386.97
        },
        "20074": {
            "year_quarter": 20074,
            "year": 2007,
            "quarter": 4,
            "eps": 0.3,
            "eps_growth_year": 275,
            "eps_4q": 1.19,
            "eps_4q_growth_year": -41.51,
            "roe": 1.49,
            "roe_4q": 7.25,
            "gross_profit": 93950,
            "gross_margin": 12.48,
            "gross_margin_4q_avg": 12.71,
            "net_income": 38107,
            "net_income_4q": null,
            "revenue": 753108,
            "revenue_4q": null,
            "common_shares": 1461796,
            "book_valuer_per_share": 15.36,
            "book_valuer_per_share_4q_avg": 15.63,
            "equity": 2847548,
            "current_ratio": 116.34,
            "debt_ratio": 58.27,
            "inventory_turnover_ratio": 0.53,
            "account_receivable_turnover_ratio": null,
            "reinvestment_rate": 532.26,
            "research_to_sale_ratio": null,
            "price_fair": 55.13,
            "eps_avg_yearly": 1.58,
            "eps_latest_yearly": 1.2,
            "eps_growth_yearly": 392.11
        },
        "20081": {
            "year_quarter": 20081,
            "year": 2008,
            "quarter": 1,
            "eps": 0.73,
            "eps_growth_year": 151.72,
            "eps_4q": 1.2,
            "eps_4q_growth_year": -32.52,
            "roe": 4.65,
            "roe_4q": 10.299999999999999,
            "gross_profit": 245211,
            "gross_margin": 15.23,
            "gross_margin_4q_avg": 13.25,
            "net_income": 134660,
            "net_income_4q": null,
            "revenue": 1610169,
            "revenue_4q": null,
            "common_shares": 1439534,
            "book_valuer_per_share": 16.18,
            "book_valuer_per_share_4q_avg": 15.67,
            "equity": 2945677,
            "current_ratio": 130.66,
            "debt_ratio": 58.98,
            "inventory_turnover_ratio": 0.82,
            "account_receivable_turnover_ratio": null,
            "reinvestment_rate": 440.09,
            "research_to_sale_ratio": null,
            "price_fair": 58.54,
            "eps_avg_yearly": 1.67,
            "eps_latest_yearly": 2.92,
            "eps_growth_yearly": 431.7
        },
        "20082": {
            "year_quarter": 20082,
            "year": 2008,
            "quarter": 2,
            "eps": 0.78,
            "eps_growth_year": 168.97,
            "eps_4q": 1.57,
            "eps_4q_growth_year": 58.03,
            "roe": 4.93,
            "roe_4q": 13.45,
            "gross_profit": 301583,
            "gross_margin": 15.65,
            "gross_margin_4q_avg": 14.08,
            "net_income": 149591,
            "net_income_4q": null,
            "revenue": 1926663,
            "revenue_4q": null,
            "common_shares": 1469199,
            "book_valuer_per_share": 16.67,
            "book_valuer_per_share_4q_avg": 15.9,
            "equity": 3117513,
            "current_ratio": 132.66,
            "debt_ratio": 59.3,
            "inventory_turnover_ratio": 0.94,
            "account_receivable_turnover_ratio": null,
            "reinvestment_rate": 373.72,
            "research_to_sale_ratio": null,
            "price_fair": 62.91,
            "eps_avg_yearly": 1.8,
            "eps_latest_yearly": 3.12,
            "eps_growth_yearly": 437.82
        },
        "20083": {
            "year_quarter": 20083,
            "year": 2008,
            "quarter": 3,
            "eps": 1.47,
            "eps_growth_year": 276.92,
            "eps_4q": 3,
            "eps_4q_growth_year": 208.61,
            "roe": 7.1,
            "roe_4q": 18.169999999999998,
            "gross_profit": 301858,
            "gross_margin": 14.6,
            "gross_margin_4q_avg": 14.49,
            "net_income": 226102,
            "net_income_4q": null,
            "revenue": 2067572,
            "revenue_4q": null,
            "common_shares": 1425065,
            "book_valuer_per_share": 19.22,
            "book_valuer_per_share_4q_avg": 16.86,
            "equity": 3248102,
            "current_ratio": 170.2,
            "debt_ratio": 64.68,
            "inventory_turnover_ratio": 0.9,
            "account_receivable_turnover_ratio": null,
            "reinvestment_rate": 372.64,
            "research_to_sale_ratio": null,
            "price_fair": 66.85,
            "eps_avg_yearly": 1.91,
            "eps_latest_yearly": 5.88,
            "eps_growth_yearly": 393.86
        },
        "20084": {
            "year_quarter": 20084,
            "year": 2008,
            "quarter": 4,
            "eps": 0.37,
            "eps_growth_year": 23.33,
            "eps_4q": 4.74,
            "eps_4q_growth_year": 298.2,
            "roe": 1.14,
            "roe_4q": 17.82,
            "gross_profit": 149012,
            "gross_margin": 9.07,
            "gross_margin_4q_avg": 13.64,
            "net_income": 37499,
            "net_income_4q": null,
            "revenue": 1642641,
            "revenue_4q": null,
            "common_shares": 1623195,
            "book_valuer_per_share": 18.51,
            "book_valuer_per_share_4q_avg": 17.65,
            "equity": 3344522,
            "current_ratio": 150.69,
            "debt_ratio": 60.65,
            "inventory_turnover_ratio": 0.7,
            "account_receivable_turnover_ratio": 4.93,
            "reinvestment_rate": 375.59,
            "research_to_sale_ratio": null,
            "price_fair": 67.38,
            "eps_avg_yearly": 1.93,
            "eps_latest_yearly": 1.48,
            "eps_growth_yearly": 392.56
        },
        "20091": {
            "year_quarter": 20091,
            "year": 2009,
            "quarter": 1,
            "eps": 0.49,
            "eps_growth_year": -32.88,
            "eps_4q": 2.73,
            "eps_4q_growth_year": 127.64,
            "roe": 2.39,
            "roe_4q": 15.559999999999999,
            "gross_profit": 234384,
            "gross_margin": 17.52,
            "gross_margin_4q_avg": 14.21,
            "net_income": 81969,
            "net_income_4q": null,
            "revenue": 1337658,
            "revenue_4q": null,
            "common_shares": 1623658,
            "book_valuer_per_share": 19.55,
            "book_valuer_per_share_4q_avg": 18.49,
            "equity": 3528331,
            "current_ratio": 143.11,
            "debt_ratio": 63.29,
            "inventory_turnover_ratio": 0.42,
            "account_receivable_turnover_ratio": 2.17,
            "reinvestment_rate": 359.9,
            "research_to_sale_ratio": null,
            "price_fair": 69.48,
            "eps_avg_yearly": 1.99,
            "eps_latest_yearly": 1.96,
            "eps_growth_yearly": 405.51
        },
        "20092": {
            "year_quarter": 20092,
            "year": 2009,
            "quarter": 2,
            "eps": 1.26,
            "eps_growth_year": 61.54,
            "eps_4q": 2.91,
            "eps_4q_growth_year": 86.01,
            "roe": 6.79,
            "roe_4q": 17.42,
            "gross_profit": 359599,
            "gross_margin": 19.38,
            "gross_margin_4q_avg": 15.14,
            "net_income": 254318,
            "net_income_4q": null,
            "revenue": 1855801,
            "revenue_4q": null,
            "common_shares": 1758616,
            "book_valuer_per_share": 20.49,
            "book_valuer_per_share_4q_avg": 19.44,
            "equity": 3958599,
            "current_ratio": 134.24,
            "debt_ratio": 61.38,
            "inventory_turnover_ratio": 0.45,
            "account_receivable_turnover_ratio": 2.98,
            "reinvestment_rate": 287.1,
            "research_to_sale_ratio": null,
            "price_fair": 79.1,
            "eps_avg_yearly": 2.26,
            "eps_latest_yearly": 5.04,
            "eps_growth_yearly": 453.79
        },
        "20093": {
            "year_quarter": 20093,
            "year": 2009,
            "quarter": 3,
            "eps": 0.74,
            "eps_growth_year": -49.66,
            "eps_4q": 2.61,
            "eps_4q_growth_year": -13,
            "roe": 3.61,
            "roe_4q": 13.930000000000001,
            "gross_profit": 294443,
            "gross_margin": 16.25,
            "gross_margin_4q_avg": 15.56,
            "net_income": 148229,
            "net_income_4q": null,
            "revenue": 1811740,
            "revenue_4q": null,
            "common_shares": 2126887,
            "book_valuer_per_share": 18.31,
            "book_valuer_per_share_4q_avg": 19.22,
            "equity": 4245009,
            "current_ratio": 131.64,
            "debt_ratio": 60.11,
            "inventory_turnover_ratio": 0.42,
            "account_receivable_turnover_ratio": 2.76,
            "reinvestment_rate": 267.9,
            "research_to_sale_ratio": null,
            "price_fair": 80.33,
            "eps_avg_yearly": 2.3,
            "eps_latest_yearly": 2.96,
            "eps_growth_yearly": 374.72
        },
        "20094": {
            "year_quarter": 20094,
            "year": 2009,
            "quarter": 4,
            "eps": 0.51,
            "eps_growth_year": 37.84,
            "eps_4q": 2.48,
            "eps_4q_growth_year": -47.78,
            "roe": 2.51,
            "roe_4q": 15.3,
            "gross_profit": 434267,
            "gross_margin": 17.98,
            "gross_margin_4q_avg": 17.78,
            "net_income": 142989,
            "net_income_4q": null,
            "revenue": 2415803,
            "revenue_4q": null,
            "common_shares": 2304164,
            "book_valuer_per_share": 17.57,
            "book_valuer_per_share_4q_avg": 18.98,
            "equity": 7161264,
            "current_ratio": 129.92,
            "debt_ratio": 59.43,
            "inventory_turnover_ratio": 0.43,
            "account_receivable_turnover_ratio": 2.42,
            "reinvestment_rate": 326.27,
            "research_to_sale_ratio": null,
            "price_fair": 84.53,
            "eps_avg_yearly": 2.42,
            "eps_latest_yearly": 2.04,
            "eps_growth_yearly": 390.7
        },
        "20101": {
            "year_quarter": 20101,
            "year": 2010,
            "quarter": 1,
            "eps": 0.7,
            "eps_growth_year": 42.86,
            "eps_4q": 2.82,
            "eps_4q_growth_year": 3.39,
            "roe": 3.57,
            "roe_4q": 16.48,
            "gross_profit": 635484,
            "gross_margin": 17.47,
            "gross_margin_4q_avg": 17.77,
            "net_income": 257527,
            "net_income_4q": null,
            "revenue": 3636901,
            "revenue_4q": null,
            "common_shares": 2309321,
            "book_valuer_per_share": 18.16,
            "book_valuer_per_share_4q_avg": 18.63,
            "equity": 7283731,
            "current_ratio": 129.01,
            "debt_ratio": 59.7,
            "inventory_turnover_ratio": 0.58,
            "account_receivable_turnover_ratio": 1.79,
            "reinvestment_rate": 387.58,
            "research_to_sale_ratio": 0.38,
            "price_fair": 88.46,
            "eps_avg_yearly": 2.53,
            "eps_latest_yearly": 2.8,
            "eps_growth_yearly": 216.68
        },
        "20102": {
            "year_quarter": 20102,
            "year": 2010,
            "quarter": 2,
            "eps": 0.73,
            "eps_growth_year": -42.16,
            "eps_4q": 2.27,
            "eps_4q_growth_year": -22.02,
            "roe": 5.47,
            "roe_4q": 15.159999999999998,
            "gross_profit": 691582,
            "gross_margin": 16.52,
            "gross_margin_4q_avg": 17.06,
            "net_income": 407462,
            "net_income_4q": null,
            "revenue": 4187549,
            "revenue_4q": null,
            "common_shares": 2312780,
            "book_valuer_per_share": 18.68,
            "book_valuer_per_share_4q_avg": 18.18,
            "equity": 7605742,
            "current_ratio": 147.23,
            "debt_ratio": 58.93,
            "inventory_turnover_ratio": 0.64,
            "account_receivable_turnover_ratio": 1.92,
            "reinvestment_rate": 353.7,
            "research_to_sale_ratio": 0.44,
            "price_fair": 83.39,
            "eps_avg_yearly": 2.38,
            "eps_latest_yearly": 2.92,
            "eps_growth_yearly": 111.75
        },
        "20103": {
            "year_quarter": 20103,
            "year": 2010,
            "quarter": 3,
            "eps": 0.66,
            "eps_growth_year": -10.68,
            "eps_4q": 2.38,
            "eps_4q_growth_year": -9.07,
            "roe": 3.45,
            "roe_4q": 15,
            "gross_profit": 524831,
            "gross_margin": 13.88,
            "gross_margin_4q_avg": 16.46,
            "net_income": 265460,
            "net_income_4q": null,
            "revenue": 3780102,
            "revenue_4q": null,
            "common_shares": 2328000,
            "book_valuer_per_share": 19.95,
            "book_valuer_per_share_4q_avg": 18.59,
            "equity": 7785158,
            "current_ratio": 138.69,
            "debt_ratio": 61.19,
            "inventory_turnover_ratio": 0.5,
            "account_receivable_turnover_ratio": 1.58,
            "reinvestment_rate": 326.22,
            "research_to_sale_ratio": 0.44,
            "price_fair": 85.66,
            "eps_avg_yearly": 2.45,
            "eps_latest_yearly": 2.64,
            "eps_growth_yearly": 126.72
        },
        "20104": {
            "year_quarter": 20104,
            "year": 2010,
            "quarter": 4,
            "eps": 0.05,
            "eps_growth_year": -89.28,
            "eps_4q": 1.99,
            "eps_4q_growth_year": -19.48,
            "roe": 0.2,
            "roe_4q": 12.690000000000001,
            "gross_profit": 474886,
            "gross_margin": 12.15,
            "gross_margin_4q_avg": 15.01,
            "net_income": 15253,
            "net_income_4q": null,
            "revenue": 3909325,
            "revenue_4q": null,
            "common_shares": 2746225,
            "book_valuer_per_share": 16.83,
            "book_valuer_per_share_4q_avg": 18.41,
            "equity": 7611677,
            "current_ratio": 131.22,
            "debt_ratio": 64.62,
            "inventory_turnover_ratio": 0.51,
            "account_receivable_turnover_ratio": 1.6,
            "reinvestment_rate": 292,
            "research_to_sale_ratio": 0.52,
            "price_fair": 85.4,
            "eps_avg_yearly": 2.44,
            "eps_latest_yearly": 0.2,
            "eps_growth_yearly": 123.62
        },
        "20111": {
            "year_quarter": 20111,
            "year": 2011,
            "quarter": 1,
            "eps": 0.75,
            "eps_growth_year": 7.14,
            "eps_4q": 2.14,
            "eps_4q_growth_year": -24.31,
            "roe": 3.35,
            "roe_4q": 12.469999999999999,
            "gross_profit": 619144,
            "gross_margin": 14.29,
            "gross_margin_4q_avg": 14.21,
            "net_income": 257365,
            "net_income_4q": null,
            "revenue": 4334150,
            "revenue_4q": null,
            "common_shares": 2778617,
            "book_valuer_per_share": 18.16,
            "book_valuer_per_share_4q_avg": 18.41,
            "equity": 7741987,
            "current_ratio": 144.67,
            "debt_ratio": 65.73,
            "inventory_turnover_ratio": 0.56,
            "account_receivable_turnover_ratio": 1.79,
            "reinvestment_rate": 341.05,
            "research_to_sale_ratio": 0.3,
            "price_fair": 89.43,
            "eps_avg_yearly": 2.56,
            "eps_latest_yearly": 3,
            "eps_growth_yearly": 407.99
        },
        "20112": {
            "year_quarter": 20112,
            "year": 2011,
            "quarter": 2,
            "eps": 0.7,
            "eps_growth_year": -3.6,
            "eps_4q": 2.07,
            "eps_4q_growth_year": -8.93,
            "roe": 3.18,
            "roe_4q": 10.18,
            "gross_profit": 677225,
            "gross_margin": 14.14,
            "gross_margin_4q_avg": 13.62,
            "net_income": 253772,
            "net_income_4q": null,
            "revenue": 4789329,
            "revenue_4q": null,
            "common_shares": 2792077,
            "book_valuer_per_share": 18.69,
            "book_valuer_per_share_4q_avg": 18.41,
            "equity": 8217316,
            "current_ratio": 119.06,
            "debt_ratio": 64.06,
            "inventory_turnover_ratio": 0.63,
            "account_receivable_turnover_ratio": 1.9,
            "reinvestment_rate": 357.31,
            "research_to_sale_ratio": 0.29,
            "price_fair": 93.01,
            "eps_avg_yearly": 2.66,
            "eps_latest_yearly": 2.8,
            "eps_growth_yearly": 406.33
        },
        "20113": {
            "year_quarter": 20113,
            "year": 2011,
            "quarter": 3,
            "eps": 0.69,
            "eps_growth_year": 3.82,
            "eps_4q": 2.14,
            "eps_4q_growth_year": -9.78,
            "roe": 3.1,
            "roe_4q": 9.83,
            "gross_profit": 658581,
            "gross_margin": 12.62,
            "gross_margin_4q_avg": 13.3,
            "net_income": 264954,
            "net_income_4q": null,
            "revenue": 5219668,
            "revenue_4q": null,
            "common_shares": 2805713,
            "book_valuer_per_share": 20.32,
            "book_valuer_per_share_4q_avg": 18.5,
            "equity": 8854989,
            "current_ratio": 123.46,
            "debt_ratio": 64.48,
            "inventory_turnover_ratio": 0.69,
            "account_receivable_turnover_ratio": 1.94,
            "reinvestment_rate": 366.1,
            "research_to_sale_ratio": 0.36,
            "price_fair": 95.64,
            "eps_avg_yearly": 2.73,
            "eps_latest_yearly": 2.76,
            "eps_growth_yearly": 397.35
        },
        "20114": {
            "year_quarter": 20114,
            "year": 2011,
            "quarter": 4,
            "eps": 2.55,
            "eps_growth_year": 4555.56,
            "eps_4q": 4.62,
            "eps_4q_growth_year": 131.86,
            "roe": 8.42,
            "roe_4q": 18.05,
            "gross_profit": 1261057,
            "gross_margin": 24.21,
            "gross_margin_4q_avg": 16.32,
            "net_income": 775568,
            "net_income_4q": null,
            "revenue": 5209394,
            "revenue_4q": null,
            "common_shares": 2965690,
            "book_valuer_per_share": 21.91,
            "book_valuer_per_share_4q_avg": 19.77,
            "equity": 9559820,
            "current_ratio": 182.36,
            "debt_ratio": 59.32,
            "inventory_turnover_ratio": 0.62,
            "account_receivable_turnover_ratio": 1.86,
            "reinvestment_rate": 227.18,
            "research_to_sale_ratio": 0.09,
            "price_fair": 115.33,
            "eps_avg_yearly": 3.3,
            "eps_latest_yearly": 10.2,
            "eps_growth_yearly": 470.51
        },
        "20121": {
            "year_quarter": 20121,
            "year": 2012,
            "quarter": 1,
            "eps": 0.77,
            "eps_growth_year": 2.67,
            "eps_4q": 4.67,
            "eps_4q_growth_year": 118.52,
            "roe": 2.97,
            "roe_4q": 17.67,
            "gross_profit": 695214,
            "gross_margin": 15.1,
            "gross_margin_4q_avg": 16.52,
            "net_income": 285792,
            "net_income_4q": null,
            "revenue": 4604403,
            "revenue_4q": null,
            "common_shares": 2976122,
            "book_valuer_per_share": 22.6,
            "book_valuer_per_share_4q_avg": 20.88,
            "equity": 9708009,
            "current_ratio": 153.92,
            "debt_ratio": 60.57,
            "inventory_turnover_ratio": 0.63,
            "account_receivable_turnover_ratio": 1.59,
            "reinvestment_rate": 220.83,
            "research_to_sale_ratio": 0.34,
            "price_fair": 115.68,
            "eps_avg_yearly": 3.31,
            "eps_latest_yearly": 3.08,
            "eps_growth_yearly": 417.22
        },
        "20122": {
            "year_quarter": 20122,
            "year": 2012,
            "quarter": 2,
            "eps": 0.16,
            "eps_growth_year": -76.59,
            "eps_4q": 3.47,
            "eps_4q_growth_year": 67.77,
            "roe": 1.13,
            "roe_4q": 15.62,
            "gross_profit": 646543,
            "gross_margin": 13.09,
            "gross_margin_4q_avg": 16.26,
            "net_income": 107610,
            "net_income_4q": null,
            "revenue": 4937382,
            "revenue_4q": null,
            "common_shares": 2989066,
            "book_valuer_per_share": 21.57,
            "book_valuer_per_share_4q_avg": 21.6,
            "equity": 9334215,
            "current_ratio": 126.58,
            "debt_ratio": 62.3,
            "inventory_turnover_ratio": 0.67,
            "account_receivable_turnover_ratio": 1.62,
            "reinvestment_rate": 234.58,
            "research_to_sale_ratio": 0.24,
            "price_fair": 110.25,
            "eps_avg_yearly": 3.15,
            "eps_latest_yearly": 0.64,
            "eps_growth_yearly": 395.71
        },
        "20123": {
            "year_quarter": 20123,
            "year": 2012,
            "quarter": 3,
            "eps": 0.09,
            "eps_growth_year": -86.34,
            "eps_4q": 2.98,
            "eps_4q_growth_year": 38.81,
            "roe": 0.75,
            "roe_4q": 13.27,
            "gross_profit": 542827,
            "gross_margin": 12.15,
            "gross_margin_4q_avg": 16.14,
            "net_income": 70009,
            "net_income_4q": null,
            "revenue": 4467561,
            "revenue_4q": null,
            "common_shares": 3614816,
            "book_valuer_per_share": 17.93,
            "book_valuer_per_share_4q_avg": 21,
            "equity": 9415540,
            "current_ratio": 130.66,
            "debt_ratio": 62.58,
            "inventory_turnover_ratio": 0.61,
            "account_receivable_turnover_ratio": 1.41,
            "reinvestment_rate": 238.62,
            "research_to_sale_ratio": 0.39,
            "price_fair": 98.18,
            "eps_avg_yearly": 2.81,
            "eps_latest_yearly": 0.36,
            "eps_growth_yearly": 362.65
        },
        "20124": {
            "year_quarter": 20124,
            "year": 2012,
            "quarter": 4,
            "eps": 0.18,
            "eps_growth_year": -93.11,
            "eps_4q": 0.99,
            "eps_4q_growth_year": -78.67,
            "roe": 1.04,
            "roe_4q": 5.890000000000001,
            "gross_profit": 558393,
            "gross_margin": 12.31,
            "gross_margin_4q_avg": 13.16,
            "net_income": 101046,
            "net_income_4q": null,
            "revenue": 4536645,
            "revenue_4q": null,
            "common_shares": 3955934,
            "book_valuer_per_share": 18.06,
            "book_valuer_per_share_4q_avg": 20.04,
            "equity": 10051940,
            "current_ratio": 161.51,
            "debt_ratio": 60.82,
            "inventory_turnover_ratio": 0.63,
            "account_receivable_turnover_ratio": 1.47,
            "reinvestment_rate": 252.66,
            "research_to_sale_ratio": 0.25,
            "price_fair": 96.51,
            "eps_avg_yearly": 2.76,
            "eps_latest_yearly": 0.72,
            "eps_growth_yearly": 406.36
        },
        "20131": {
            "year_quarter": 20131,
            "year": 2013,
            "quarter": 1,
            "eps": 0.74,
            "eps_growth_year": -3.9,
            "eps_4q": 1.15,
            "eps_4q_growth_year": -75.29,
            "roe": 3.6,
            "roe_4q": 6.5200000000000005,
            "gross_profit": 730121,
            "gross_margin": 15.95,
            "gross_margin_4q_avg": 13.38,
            "net_income": 362962,
            "net_income_4q": null,
            "revenue": 4577119,
            "revenue_4q": null,
            "common_shares": 3958581,
            "book_valuer_per_share": 18.14,
            "book_valuer_per_share_4q_avg": 18.93,
            "equity": 10105669,
            "current_ratio": 136.32,
            "debt_ratio": 61.96,
            "inventory_turnover_ratio": 0.62,
            "account_receivable_turnover_ratio": 1.58,
            "reinvestment_rate": 239.99,
            "research_to_sale_ratio": 0.15,
            "price_fair": 98.7,
            "eps_avg_yearly": 2.82,
            "eps_latest_yearly": 2.96,
            "eps_growth_yearly": 476.03
        },
        "20132": {
            "year_quarter": 20132,
            "year": 2013,
            "quarter": 2,
            "eps": 0.73,
            "eps_growth_year": 343.74,
            "eps_4q": 1.58,
            "eps_4q_growth_year": -54.58,
            "roe": 3.63,
            "roe_4q": 9.02,
            "gross_profit": 779504,
            "gross_margin": 15.39,
            "gross_margin_4q_avg": 13.95,
            "net_income": 368582,
            "net_income_4q": null,
            "revenue": 5065262,
            "revenue_4q": null,
            "common_shares": 3961228,
            "book_valuer_per_share": 18.56,
            "book_valuer_per_share_4q_avg": 18.17,
            "equity": 10175824,
            "current_ratio": 143.7,
            "debt_ratio": 62.51,
            "inventory_turnover_ratio": 0.69,
            "account_receivable_turnover_ratio": 1.7,
            "reinvestment_rate": 236.6,
            "research_to_sale_ratio": 0.11,
            "price_fair": 94.06,
            "eps_avg_yearly": 2.69,
            "eps_latest_yearly": 2.92,
            "eps_growth_yearly": 436.41
        },
        "20133": {
            "year_quarter": 20133,
            "year": 2013,
            "quarter": 3,
            "eps": 0.29,
            "eps_growth_year": 209.31,
            "eps_4q": 1.76,
            "eps_4q_growth_year": -40.86,
            "roe": 1.75,
            "roe_4q": 10.02,
            "gross_profit": 642109,
            "gross_margin": 13.03,
            "gross_margin_4q_avg": 14.17,
            "net_income": 181699,
            "net_income_4q": null,
            "revenue": 4926696,
            "revenue_4q": null,
            "common_shares": 4440549,
            "book_valuer_per_share": 17.01,
            "book_valuer_per_share_4q_avg": 17.94,
            "equity": 10537682,
            "current_ratio": 139.27,
            "debt_ratio": 62.68,
            "inventory_turnover_ratio": 0.65,
            "account_receivable_turnover_ratio": 1.58,
            "reinvestment_rate": 276.76,
            "research_to_sale_ratio": 0.15,
            "price_fair": 90.13,
            "eps_avg_yearly": 2.58,
            "eps_latest_yearly": 1.16,
            "eps_growth_yearly": 431.66
        },
        "20134": {
            "year_quarter": 20134,
            "year": 2013,
            "quarter": 4,
            "eps": 0.06,
            "eps_growth_year": -63.38,
            "eps_4q": 1.64,
            "eps_4q_growth_year": 66.8,
            "roe": 0.67,
            "roe_4q": 9.65,
            "gross_profit": 566655,
            "gross_margin": 11.22,
            "gross_margin_4q_avg": 13.9,
            "net_income": 72927,
            "net_income_4q": null,
            "revenue": 5049403,
            "revenue_4q": null,
            "common_shares": 4506825,
            "book_valuer_per_share": 17.56,
            "book_valuer_per_share_4q_avg": 17.82,
            "equity": 11193458,
            "current_ratio": 134.89,
            "debt_ratio": 62.89,
            "inventory_turnover_ratio": 0.66,
            "account_receivable_turnover_ratio": 1.55,
            "reinvestment_rate": 235.02,
            "research_to_sale_ratio": 0.33,
            "price_fair": 86.19,
            "eps_avg_yearly": 2.46,
            "eps_latest_yearly": 0.24,
            "eps_growth_yearly": 419.6
        },
        "20141": {
            "year_quarter": 20141,
            "year": 2014,
            "quarter": 1,
            "eps": 0.12,
            "eps_growth_year": -83.78,
            "eps_4q": 1.07,
            "eps_4q_growth_year": -6.9,
            "roe": 0.99,
            "roe_4q": 7.04,
            "gross_profit": 545520,
            "gross_margin": 11.35,
            "gross_margin_4q_avg": 12.75,
            "net_income": 116722,
            "net_income_4q": null,
            "revenue": 4806334,
            "revenue_4q": null,
            "common_shares": 4651493,
            "book_valuer_per_share": 18.6,
            "book_valuer_per_share_4q_avg": 17.93,
            "equity": 12411448,
            "current_ratio": 162.22,
            "debt_ratio": 61.65,
            "inventory_turnover_ratio": 0.61,
            "account_receivable_turnover_ratio": 1.44,
            "reinvestment_rate": 258.36,
            "research_to_sale_ratio": 0.21,
            "price_fair": 81.11,
            "eps_avg_yearly": 2.32,
            "eps_latest_yearly": 0.48,
            "eps_growth_yearly": 435.29
        },
        "20142": {
            "year_quarter": 20142,
            "year": 2014,
            "quarter": 2,
            "eps": 0.02,
            "eps_growth_year": -97.26,
            "eps_4q": 0.43,
            "eps_4q_growth_year": -72.6,
            "roe": 0.62,
            "roe_4q": 4.029999999999999,
            "gross_profit": 539648,
            "gross_margin": 10.36,
            "gross_margin_4q_avg": 11.49,
            "net_income": 75327,
            "net_income_4q": null,
            "revenue": 5210559,
            "revenue_4q": null,
            "common_shares": 4664173,
            "book_valuer_per_share": 17.04,
            "book_valuer_per_share_4q_avg": 17.55,
            "equity": 11940070,
            "current_ratio": 157.85,
            "debt_ratio": 64.29,
            "inventory_turnover_ratio": 0.59,
            "account_receivable_turnover_ratio": 1.56,
            "reinvestment_rate": 252.39,
            "research_to_sale_ratio": 0.2,
            "price_fair": 74.9,
            "eps_avg_yearly": 2.14,
            "eps_latest_yearly": 0.08,
            "eps_growth_yearly": 413.38
        },
        "20143": {
            "year_quarter": 20143,
            "year": 2014,
            "quarter": 3,
            "eps": 0.23,
            "eps_growth_year": -20.69,
            "eps_4q": 0.41,
            "eps_4q_growth_year": -76.77,
            "roe": 2.44,
            "roe_4q": 4.72,
            "gross_profit": 498552,
            "gross_margin": 9.77,
            "gross_margin_4q_avg": 10.68,
            "net_income": 294132,
            "net_income_4q": null,
            "revenue": 5104971,
            "revenue_4q": null,
            "common_shares": 5127246,
            "book_valuer_per_share": 15.85,
            "book_valuer_per_share_4q_avg": 17.26,
            "equity": 12177749,
            "current_ratio": 150.72,
            "debt_ratio": 64.48,
            "inventory_turnover_ratio": 0.53,
            "account_receivable_turnover_ratio": 1.48,
            "reinvestment_rate": 288.26,
            "research_to_sale_ratio": 0.21,
            "price_fair": 71.14,
            "eps_avg_yearly": 2.03,
            "eps_latest_yearly": 0.92,
            "eps_growth_yearly": 678.28
        },
        "20144": {
            "year_quarter": 20144,
            "year": 2014,
            "quarter": 4,
            "eps": -0.07,
            "eps_growth_year": -208.68,
            "eps_4q": 0.28,
            "eps_4q_growth_year": -82.81,
            "roe": 0.06,
            "roe_4q": 4.11,
            "gross_profit": 492049,
            "gross_margin": 10.1,
            "gross_margin_4q_avg": 10.4,
            "net_income": 7357,
            "net_income_4q": null,
            "revenue": 4872246,
            "revenue_4q": null,
            "common_shares": 5127246,
            "book_valuer_per_share": 16.06,
            "book_valuer_per_share_4q_avg": 16.89,
            "equity": 12502279,
            "current_ratio": 139.3,
            "debt_ratio": 64.88,
            "inventory_turnover_ratio": 0.51,
            "account_receivable_turnover_ratio": 1.34,
            "reinvestment_rate": 263.79,
            "research_to_sale_ratio": 0.29,
            "price_fair": 75.41,
            "eps_avg_yearly": 2.15,
            "eps_latest_yearly": 0.92,
            "eps_growth_yearly": 748.14
        },
        "20151": {
            "year_quarter": 20151,
            "year": 2015,
            "quarter": 1,
            "eps": -0.25,
            "eps_growth_year": -308.33,
            "eps_4q": -0.07,
            "eps_4q_growth_year": -106.84,
            "roe": -0.73,
            "roe_4q": 2.39,
            "gross_profit": 411128,
            "gross_margin": 10.13,
            "gross_margin_4q_avg": 10.09,
            "net_income": -90436,
            "net_income_4q": null,
            "revenue": 4059093,
            "revenue_4q": null,
            "common_shares": 5127246,
            "book_valuer_per_share": 15.72,
            "book_valuer_per_share_4q_avg": 16.17,
            "equity": 12352942,
            "current_ratio": 130.84,
            "debt_ratio": 64.98,
            "inventory_turnover_ratio": 0.42,
            "account_receivable_turnover_ratio": 1.16,
            "reinvestment_rate": 296.39,
            "research_to_sale_ratio": 0.27,
            "price_fair": 73.3,
            "eps_avg_yearly": 2.09,
            "eps_latest_yearly": 0.92,
            "eps_growth_yearly": 401.58
        },
        "20152": {
            "year_quarter": 20152,
            "year": 2015,
            "quarter": 2,
            "eps": 0.69,
            "eps_growth_year": 3350,
            "eps_4q": 0.6,
            "eps_4q_growth_year": 38.49,
            "roe": 3.13,
            "roe_4q": 4.9,
            "gross_profit": 599793,
            "gross_margin": 12.99,
            "gross_margin_4q_avg": 10.75,
            "net_income": 384752,
            "net_income_4q": null,
            "revenue": 4617324,
            "revenue_4q": null,
            "common_shares": 5102746,
            "book_valuer_per_share": 16.08,
            "book_valuer_per_share_4q_avg": 15.93,
            "equity": 12253326,
            "current_ratio": 124.89,
            "debt_ratio": 65.72,
            "inventory_turnover_ratio": 0.45,
            "account_receivable_turnover_ratio": 1.41,
            "reinvestment_rate": 227.47,
            "research_to_sale_ratio": 0.24,
            "price_fair": 71.4,
            "eps_avg_yearly": 2.04,
            "eps_latest_yearly": 0.92,
            "eps_growth_yearly": 434.52
        },
        "20153": {
            "year_quarter": 20153,
            "year": 2015,
            "quarter": 3,
            "eps": 0.09,
            "eps_growth_year": -60.87,
            "eps_4q": 0.46,
            "eps_4q_growth_year": 13.38,
            "roe": 0.82,
            "roe_4q": 3.28,
            "gross_profit": 549928,
            "gross_margin": 12.47,
            "gross_margin_4q_avg": 11.42,
            "net_income": 101446,
            "net_income_4q": null,
            "revenue": 4409764,
            "revenue_4q": null,
            "common_shares": 5102746,
            "book_valuer_per_share": 16.89,
            "book_valuer_per_share_4q_avg": 16.19,
            "equity": 12510999,
            "current_ratio": 127.93,
            "debt_ratio": 66.33,
            "inventory_turnover_ratio": 0.44,
            "account_receivable_turnover_ratio": 1.33,
            "reinvestment_rate": 328.9,
            "research_to_sale_ratio": 0.24,
            "price_fair": 64.94,
            "eps_avg_yearly": 1.86,
            "eps_latest_yearly": 0.36,
            "eps_growth_yearly": 408.21
        },
        "20154": {
            "year_quarter": 20154,
            "year": 2015,
            "quarter": 4,
            "eps": 0.21,
            "eps_growth_year": null,
            "eps_4q": 0.8,
            "eps_4q_growth_year": 184.91,
            "roe": 0.53,
            "roe_4q": 3.7500000000000004,
            "gross_profit": 568022,
            "gross_margin": 12.7,
            "gross_margin_4q_avg": 12.07,
            "net_income": 64030,
            "net_income_4q": null,
            "revenue": 4472584,
            "revenue_4q": null,
            "common_shares": 4512842,
            "book_valuer_per_share": 16.97,
            "book_valuer_per_share_4q_avg": 16.42,
            "equity": 11638581,
            "current_ratio": 104.2,
            "debt_ratio": 67.91,
            "inventory_turnover_ratio": 0.47,
            "account_receivable_turnover_ratio": 1.41,
            "reinvestment_rate": 439.26,
            "research_to_sale_ratio": 0.37,
            "price_fair": 39.74,
            "eps_avg_yearly": 1.14,
            "eps_latest_yearly": 0.84,
            "eps_growth_yearly": 366.29
        },
        "20161": {
            "year_quarter": 20161,
            "year": 2016,
            "quarter": 1,
            "eps": 0.15,
            "eps_growth_year": null,
            "eps_4q": 1.24,
            "eps_4q_growth_year": null,
            "roe": 0.97,
            "roe_4q": 5.449999999999999,
            "gross_profit": 571674,
            "gross_margin": 14.41,
            "gross_margin_4q_avg": 13.14,
            "net_income": 112862,
            "net_income_4q": null,
            "revenue": 3967962,
            "revenue_4q": null,
            "common_shares": 4512842,
            "book_valuer_per_share": 17.12,
            "book_valuer_per_share_4q_avg": 16.77,
            "equity": 11672334,
            "current_ratio": 105.19,
            "debt_ratio": 68.33,
            "inventory_turnover_ratio": 0.4,
            "account_receivable_turnover_ratio": 1.33,
            "reinvestment_rate": 466.06,
            "research_to_sale_ratio": 0.27,
            "price_fair": 33.06,
            "eps_avg_yearly": 0.94,
            "eps_latest_yearly": 0.6,
            "eps_growth_yearly": 378.98
        },
        "20162": {
            "year_quarter": 20162,
            "year": 2016,
            "quarter": 2,
            "eps": -0.06,
            "eps_growth_year": -108.7,
            "eps_4q": 0.39,
            "eps_4q_growth_year": -34.74,
            "roe": -0.45,
            "roe_4q": 1.87,
            "gross_profit": 579418,
            "gross_margin": 12.57,
            "gross_margin_4q_avg": 13.04,
            "net_income": -51371,
            "net_income_4q": null,
            "revenue": 4609594,
            "revenue_4q": null,
            "common_shares": 4512842,
            "book_valuer_per_share": 16.37,
            "book_valuer_per_share_4q_avg": 16.84,
            "equity": 11066461,
            "current_ratio": 106.22,
            "debt_ratio": 70.1,
            "inventory_turnover_ratio": 0.45,
            "account_receivable_turnover_ratio": 1.52,
            "reinvestment_rate": 430.84,
            "research_to_sale_ratio": 0.24,
            "price_fair": 33.95,
            "eps_avg_yearly": 0.97,
            "eps_latest_yearly": 0.6,
            "eps_growth_yearly": 436.97
        },
        "20163": {
            "year_quarter": 20163,
            "year": 2016,
            "quarter": 3,
            "eps": -0.09,
            "eps_growth_year": -200,
            "eps_4q": 0.2,
            "eps_4q_growth_year": -57.24,
            "roe": -1.08,
            "roe_4q": -0.030000000000000027,
            "gross_profit": 654961,
            "gross_margin": 11.75,
            "gross_margin_4q_avg": 12.86,
            "net_income": -118031,
            "net_income_4q": null,
            "revenue": 5575771,
            "revenue_4q": null,
            "common_shares": 4512842,
            "book_valuer_per_share": 15.97,
            "book_valuer_per_share_4q_avg": 16.61,
            "equity": 10701689,
            "current_ratio": 118.69,
            "debt_ratio": 70.51,
            "inventory_turnover_ratio": 0.54,
            "account_receivable_turnover_ratio": 1.8,
            "reinvestment_rate": 394.57,
            "research_to_sale_ratio": 0.4,
            "price_fair": 35.89,
            "eps_avg_yearly": 1.03,
            "eps_latest_yearly": 0.6,
            "eps_growth_yearly": 492.6
        },
        "20164": {
            "year_quarter": 20164,
            "year": 2016,
            "quarter": 4,
            "eps": -0.21,
            "eps_growth_year": -201.38,
            "eps_4q": -0.22,
            "eps_4q_growth_year": -127.89,
            "roe": -1.53,
            "roe_4q": -2.0900000000000007,
            "gross_profit": 529201,
            "gross_margin": 11.47,
            "gross_margin_4q_avg": 12.55,
            "net_income": -160849,
            "net_income_4q": null,
            "revenue": 4615752,
            "revenue_4q": null,
            "common_shares": 4512842,
            "book_valuer_per_share": 15.66,
            "book_valuer_per_share_4q_avg": 16.28,
            "equity": 10319250,
            "current_ratio": 97.33,
            "debt_ratio": 71.27,
            "inventory_turnover_ratio": 0.45,
            "account_receivable_turnover_ratio": 1.53,
            "reinvestment_rate": 371.61,
            "research_to_sale_ratio": 0.21,
            "price_fair": 36.96,
            "eps_avg_yearly": 1.06,
            "eps_latest_yearly": 0.6,
            "eps_growth_yearly": 501.86
        },
        "20171": {
            "year_quarter": 20171,
            "year": 2017,
            "quarter": 1,
            "eps": -0.03,
            "eps_growth_year": -120,
            "eps_4q": -0.41,
            "eps_4q_growth_year": -133.13,
            "roe": -0.31,
            "roe_4q": -3.37,
            "gross_profit": 533598,
            "gross_margin": 12.81,
            "gross_margin_4q_avg": 12.15,
            "net_income": -31622,
            "net_income_4q": null,
            "revenue": 4165814,
            "revenue_4q": null,
            "common_shares": 4512842,
            "book_valuer_per_share": 15.48,
            "book_valuer_per_share_4q_avg": 15.87,
            "equity": 9956699,
            "current_ratio": 97.76,
            "debt_ratio": 72.67,
            "inventory_turnover_ratio": 0.39,
            "account_receivable_turnover_ratio": 1.44,
            "reinvestment_rate": 431.79,
            "research_to_sale_ratio": 0.3,
            "price_fair": 29.56,
            "eps_avg_yearly": 0.84,
            "eps_latest_yearly": 0.6,
            "eps_growth_yearly": 419.35
        },
        "20172": {
            "year_quarter": 20172,
            "year": 2017,
            "quarter": 2,
            "eps": 0.28,
            "eps_growth_year": null,
            "eps_4q": -0.07,
            "eps_4q_growth_year": -116.72,
            "roe": 1.38,
            "roe_4q": -1.5400000000000003,
            "gross_profit": 463145,
            "gross_margin": 10.37,
            "gross_margin_4q_avg": 11.6,
            "net_income": 137787,
            "net_income_4q": null,
            "revenue": 4466570,
            "revenue_4q": null,
            "common_shares": 4512842,
            "book_valuer_per_share": 15.85,
            "book_valuer_per_share_4q_avg": 15.74,
            "equity": 10013087,
            "current_ratio": 92.31,
            "debt_ratio": 72.41,
            "inventory_turnover_ratio": 0.43,
            "account_receivable_turnover_ratio": 1.56,
            "reinvestment_rate": 550.64,
            "research_to_sale_ratio": 0.28,
            "price_fair": 20.48,
            "eps_avg_yearly": 0.59,
            "eps_latest_yearly": 0.6,
            "eps_growth_yearly": 472.44
        },
        "20173": {
            "year_quarter": 20173,
            "year": 2017,
            "quarter": 3,
            "eps": 0.26,
            "eps_growth_year": null,
            "eps_4q": 0.29,
            "eps_4q_growth_year": 47.8,
            "roe": 1.54,
            "roe_4q": 1.0799999999999998,
            "gross_profit": 565797,
            "gross_margin": 12.42,
            "gross_margin_4q_avg": 11.77,
            "net_income": 153783,
            "net_income_4q": null,
            "revenue": 4553951,
            "revenue_4q": null,
            "common_shares": 4512842,
            "book_valuer_per_share": 16.11,
            "book_valuer_per_share_4q_avg": 15.78,
            "equity": 9997409,
            "current_ratio": 98.25,
            "debt_ratio": 72.88,
            "inventory_turnover_ratio": 0.42,
            "account_receivable_turnover_ratio": 1.54,
            "reinvestment_rate": 392.82,
            "research_to_sale_ratio": 0.33,
            "price_fair": 19.95,
            "eps_avg_yearly": 0.57,
            "eps_latest_yearly": 1.04,
            "eps_growth_yearly": 499.01
        },
        "20174": {
            "year_quarter": 20174,
            "year": 2017,
            "quarter": 4,
            "eps": 0.74,
            "eps_growth_year": null,
            "eps_4q": 1.19,
            "eps_4q_growth_year": null,
            "roe": 3.75,
            "roe_4q": 6.36,
            "gross_profit": 985329,
            "gross_margin": 17.01,
            "gross_margin_4q_avg": 13.15,
            "net_income": 363835,
            "net_income_4q": null,
            "revenue": 5791878,
            "revenue_4q": null,
            "common_shares": 5348213,
            "book_valuer_per_share": 17.61,
            "book_valuer_per_share_4q_avg": 16.26,
            "equity": 9410609,
            "current_ratio": 124.21,
            "debt_ratio": 74.19,
            "inventory_turnover_ratio": 0.51,
            "account_receivable_turnover_ratio": 1.92,
            "reinvestment_rate": 137.57,
            "research_to_sale_ratio": 0.26,
            "price_fair": 31.85,
            "eps_avg_yearly": 0.91,
            "eps_latest_yearly": 2.96,
            "eps_growth_yearly": 630.97
        },
        "20181": {
            "year_quarter": 20181,
            "year": 2018,
            "quarter": 1,
            "eps": 0.87,
            "eps_growth_year": null,
            "eps_4q": 2.1,
            "eps_4q_growth_year": null,
            "roe": 4.36,
            "roe_4q": 11.029999999999998,
            "gross_profit": 764055,
            "gross_margin": 14.98,
            "gross_margin_4q_avg": 13.7,
            "net_income": 420357,
            "net_income_4q": null,
            "revenue": 5100166,
            "revenue_4q": null,
            "common_shares": 5300623,
            "book_valuer_per_share": 18.74,
            "book_valuer_per_share_4q_avg": 17.08,
            "equity": 9878431,
            "current_ratio": 125.31,
            "debt_ratio": 73.12,
            "inventory_turnover_ratio": 0.48,
            "account_receivable_turnover_ratio": 1.67,
            "reinvestment_rate": 64.18,
            "research_to_sale_ratio": 0.24,
            "price_fair": 44.98,
            "eps_avg_yearly": 1.29,
            "eps_latest_yearly": 3.48,
            "eps_growth_yearly": 589.76
        },
        "20182": {
            "year_quarter": 20182,
            "year": 2018,
            "quarter": 2,
            "eps": -0.06,
            "eps_growth_year": -121.43,
            "eps_4q": 1.78,
            "eps_4q_growth_year": null,
            "roe": -0.4,
            "roe_4q": 9.25,
            "gross_profit": 562153,
            "gross_margin": 10.92,
            "gross_margin_4q_avg": 13.83,
            "net_income": -38526,
            "net_income_4q": null,
            "revenue": 5149286,
            "revenue_4q": null,
            "common_shares": 5300623,
            "book_valuer_per_share": 18.19,
            "book_valuer_per_share_4q_avg": 17.66,
            "equity": 9503276,
            "current_ratio": 106.52,
            "debt_ratio": 74.2,
            "inventory_turnover_ratio": 0.52,
            "account_receivable_turnover_ratio": 1.68,
            "reinvestment_rate": 124.47,
            "research_to_sale_ratio": 0.27,
            "price_fair": 51,
            "eps_avg_yearly": 1.46,
            "eps_latest_yearly": 3.48,
            "eps_growth_yearly": 721.63
        },
        "20183": {
            "year_quarter": 20183,
            "year": 2018,
            "quarter": 3,
            "eps": -0.08,
            "eps_growth_year": -130.77,
            "eps_4q": 1.46,
            "eps_4q_growth_year": 398.06,
            "roe": -0.43,
            "roe_4q": 7.28,
            "gross_profit": 515105,
            "gross_margin": 10.49,
            "gross_margin_4q_avg": 13.35,
            "net_income": -40848,
            "net_income_4q": null,
            "revenue": 4911563,
            "revenue_4q": null,
            "common_shares": 5300623,
            "book_valuer_per_share": 17.65,
            "book_valuer_per_share_4q_avg": 18.05,
            "equity": 9317726,
            "current_ratio": 104.24,
            "debt_ratio": 72.4,
            "inventory_turnover_ratio": 0.52,
            "account_receivable_turnover_ratio": 1.62,
            "reinvestment_rate": 41.43,
            "research_to_sale_ratio": 0.27,
            "price_fair": 54.13,
            "eps_avg_yearly": 1.55,
            "eps_latest_yearly": 3.48,
            "eps_growth_yearly": 141.9
        },
        "20184": {
            "year_quarter": 20184,
            "year": 2018,
            "quarter": 4,
            "eps": 0.39,
            "eps_growth_year": -47.69,
            "eps_4q": 1.1,
            "eps_4q_growth_year": -7.48,
            "roe": 1.99,
            "roe_4q": 5.5200000000000005,
            "gross_profit": 444699,
            "gross_margin": 9.56,
            "gross_margin_4q_avg": 11.49,
            "net_income": 185669,
            "net_income_4q": null,
            "revenue": 4649453,
            "revenue_4q": null,
            "common_shares": 5300623,
            "book_valuer_per_share": 17.78,
            "book_valuer_per_share_4q_avg": 18.09,
            "equity": 9369169,
            "current_ratio": 129.55,
            "debt_ratio": 71.8,
            "inventory_turnover_ratio": 0.52,
            "account_receivable_turnover_ratio": 1.46,
            "reinvestment_rate": -26.73,
            "research_to_sale_ratio": 0.35,
            "price_fair": 54.13,
            "eps_avg_yearly": 1.55,
            "eps_latest_yearly": 3.48,
            "eps_growth_yearly": 141.9
        },
        "20191": {
            "year_quarter": 20191,
            "year": 2019,
            "quarter": 1,
            "eps": 0.17,
            "eps_growth_year": -80.46,
            "eps_4q": 0.41,
            "eps_4q_growth_year": -80.7,
            "roe": 0.92,
            "roe_4q": 2.08,
            "gross_profit": 367582,
            "gross_margin": 9.67,
            "gross_margin_4q_avg": 10.16,
            "net_income": 87174,
            "net_income_4q": null,
            "revenue": 3802595,
            "revenue_4q": null,
            "common_shares": 5300623,
            "book_valuer_per_share": 18.22,
            "book_valuer_per_share_4q_avg": 17.96,
            "equity": 9606161,
            "current_ratio": 112.01,
            "debt_ratio": 71.28,
            "inventory_turnover_ratio": 0.44,
            "account_receivable_turnover_ratio": 1.16,
            "reinvestment_rate": 20.86,
            "research_to_sale_ratio": 0.27,
            "price_fair": 49.8,
            "eps_avg_yearly": 1.42,
            "eps_latest_yearly": 0.68,
            "eps_growth_yearly": 89.39
        },
        "20192": {
            "year_quarter": 20192,
            "year": 2019,
            "quarter": 2,
            "eps": -0.09,
            "eps_growth_year": null,
            "eps_4q": 0.37,
            "eps_4q_growth_year": -78.94,
            "roe": -0.58,
            "roe_4q": 1.9000000000000001,
            "gross_profit": 490887,
            "gross_margin": 11.89,
            "gross_margin_4q_avg": 10.4,
            "net_income": -55079,
            "net_income_4q": null,
            "revenue": 4127474,
            "revenue_4q": null,
            "common_shares": 5300623,
            "book_valuer_per_share": 17.55,
            "book_valuer_per_share_4q_avg": 17.8,
            "equity": 9334160,
            "current_ratio": 111.85,
            "debt_ratio": 72,
            "inventory_turnover_ratio": 0.47,
            "account_receivable_turnover_ratio": 1.33,
            "reinvestment_rate": 23.69,
            "research_to_sale_ratio": 0.36,
            "price_fair": 49.8,
            "eps_avg_yearly": 1.42,
            "eps_latest_yearly": 0.68,
            "eps_growth_yearly": 89.39
        },
        "20193": {
            "year_quarter": 20193,
            "year": 2019,
            "quarter": 3,
            "eps": 0.01,
            "eps_growth_year": null,
            "eps_4q": 0.43,
            "eps_4q_growth_year": -70.78,
            "roe": 0.05,
            "roe_4q": 2.38,
            "gross_profit": 534759,
            "gross_margin": 12.72,
            "gross_margin_4q_avg": 10.96,
            "net_income": 4838,
            "net_income_4q": null,
            "revenue": 4202969,
            "revenue_4q": null,
            "common_shares": 5718342,
            "book_valuer_per_share": 16.84,
            "book_valuer_per_share_4q_avg": 17.6,
            "equity": 9746148,
            "current_ratio": 116.72,
            "debt_ratio": 71.4,
            "inventory_turnover_ratio": 0.48,
            "account_receivable_turnover_ratio": 1.32,
            "reinvestment_rate": -231.49,
            "research_to_sale_ratio": 0.38,
            "price_fair": 56,
            "eps_avg_yearly": 1.6,
            "eps_latest_yearly": 0.68,
            "eps_growth_yearly": 162.26
        },
        "20194": {
            "year_quarter": 20194,
            "year": 2019,
            "quarter": 4,
            "eps": -1.01,
            "eps_growth_year": -362.16,
            "eps_4q": -0.94,
            "eps_4q_growth_year": -184.9,
            "roe": -6.23,
            "roe_4q": -5.840000000000001,
            "gross_profit": 491193,
            "gross_margin": 12.14,
            "gross_margin_4q_avg": 11.61,
            "net_income": -601309,
            "net_income_4q": null,
            "revenue": 4044403,
            "revenue_4q": null,
            "common_shares": 5718342,
            "book_valuer_per_share": 16.63,
            "book_valuer_per_share_4q_avg": 17.31,
            "equity": 9571249,
            "current_ratio": 91.19,
            "debt_ratio": 71.24,
            "inventory_turnover_ratio": 0.48,
            "account_receivable_turnover_ratio": 1.27,
            "reinvestment_rate": -703.48,
            "research_to_sale_ratio": 0.53,
            "price_fair": 61.32,
            "eps_avg_yearly": 1.75,
            "eps_latest_yearly": 0.68,
            "eps_growth_yearly": 88.05
        },
        "20201": {
            "year_quarter": 20201,
            "year": 2020,
            "quarter": 1,
            "eps": -0.34,
            "eps_growth_year": -300,
            "eps_4q": -1.44,
            "eps_4q_growth_year": -455.67,
            "roe": -1.94,
            "roe_4q": -8.7,
            "gross_profit": 452918,
            "gross_margin": 14.36,
            "gross_margin_4q_avg": 12.78,
            "net_income": -179811,
            "net_income_4q": null,
            "revenue": 3154717,
            "revenue_4q": null,
            "common_shares": 5700402,
            "book_valuer_per_share": 15.73,
            "book_valuer_per_share_4q_avg": 16.69,
            "equity": 8939481,
            "current_ratio": 88.55,
            "debt_ratio": 72.54,
            "inventory_turnover_ratio": 0.37,
            "account_receivable_turnover_ratio": 1.11,
            "reinvestment_rate": -1328.66,
            "research_to_sale_ratio": 0.34,
            "price_fair": 71.4,
            "eps_avg_yearly": 2.04,
            "eps_latest_yearly": 0.68,
            "eps_growth_yearly": 138.63
        },
        "20202": {
            "year_quarter": 20202,
            "year": 2020,
            "quarter": 2,
            "eps": 0.64,
            "eps_growth_year": null,
            "eps_4q": -0.72,
            "eps_4q_growth_year": -293.64,
            "roe": 3.94,
            "roe_4q": -4.180000000000001,
            "gross_profit": 566301,
            "gross_margin": 17.41,
            "gross_margin_4q_avg": 14.16,
            "net_income": 356452,
            "net_income_4q": null,
            "revenue": 3253115,
            "revenue_4q": null,
            "common_shares": 5700402,
            "book_valuer_per_share": 16.34,
            "book_valuer_per_share_4q_avg": 16.39,
            "equity": 9161235,
            "current_ratio": 110.47,
            "debt_ratio": 72.43,
            "inventory_turnover_ratio": 0.38,
            "account_receivable_turnover_ratio": 1.31,
            "reinvestment_rate": -518.64,
            "research_to_sale_ratio": 0.35,
            "price_fair": 71.4,
            "eps_avg_yearly": 2.04,
            "eps_latest_yearly": 0.68,
            "eps_growth_yearly": 138.63
        },
        "20203": {
            "year_quarter": 20203,
            "year": 2020,
            "quarter": 3,
            "eps": 2,
            "eps_growth_year": 19900,
            "eps_4q": 1.26,
            "eps_4q_growth_year": 194.71,
            "roe": 11.16,
            "roe_4q": 6.93,
            "gross_profit": 638158,
            "gross_margin": 17.94,
            "gross_margin_4q_avg": 15.46,
            "net_income": 1067524,
            "net_income_4q": null,
            "revenue": 3556846,
            "revenue_4q": null,
            "common_shares": 5700402,
            "book_valuer_per_share": 18.04,
            "book_valuer_per_share_4q_avg": 16.69,
            "equity": 9977660,
            "current_ratio": 107.71,
            "debt_ratio": 67.58,
            "inventory_turnover_ratio": 0.41,
            "account_receivable_turnover_ratio": 1.48,
            "reinvestment_rate": -193.09,
            "research_to_sale_ratio": 0.33,
            "price_fair": 113.12,
            "eps_avg_yearly": 3.23,
            "eps_latest_yearly": 8,
            "eps_growth_yearly": 280.9
        },
        "20204": {
            "year_quarter": 20204,
            "year": 2020,
            "quarter": 4,
            "eps": -0.75,
            "eps_growth_year": null,
            "eps_4q": 1.49,
            "eps_4q_growth_year": null,
            "roe": -4.66,
            "roe_4q": 8.5,
            "gross_profit": 641822,
            "gross_margin": 16.11,
            "gross_margin_4q_avg": 16.46,
            "net_income": -465260,
            "net_income_4q": null,
            "revenue": 3984038,
            "revenue_4q": null,
            "common_shares": 5700402,
            "book_valuer_per_share": 17.88,
            "book_valuer_per_share_4q_avg": 17,
            "equity": 9976793,
            "current_ratio": 109.4,
            "debt_ratio": 66.54,
            "inventory_turnover_ratio": 0.48,
            "account_receivable_turnover_ratio": 1.55,
            "reinvestment_rate": -279.02,
            "research_to_sale_ratio": 0.34,
            "price_fair": 113.12,
            "eps_avg_yearly": 3.23,
            "eps_latest_yearly": 8,
            "eps_growth_yearly": 280.9
        },
        "20211": {
            "year_quarter": 20211,
            "year": 2021,
            "quarter": 1,
            "eps": 1.83,
            "eps_growth_year": null,
            "eps_4q": 3.65,
            "eps_4q_growth_year": null,
            "roe": 9.67,
            "roe_4q": 20.110000000000003,
            "gross_profit": 639843,
            "gross_margin": 16.25,
            "gross_margin_4q_avg": 16.93,
            "net_income": 1003642,
            "net_income_4q": null,
            "revenue": 3938326,
            "revenue_4q": null,
            "common_shares": 5756678,
            "book_valuer_per_share": 19.07,
            "book_valuer_per_share_4q_avg": 17.83,
            "equity": 10782047,
            "current_ratio": 115.92,
            "debt_ratio": 64.63,
            "inventory_turnover_ratio": 0.47,
            "account_receivable_turnover_ratio": 1.42,
            "reinvestment_rate": -150.21,
            "research_to_sale_ratio": 0.55,
            "price_fair": 113.12,
            "eps_avg_yearly": 3.23,
            "eps_latest_yearly": 8,
            "eps_growth_yearly": 280.9
        },
        "20212": {
            "year_quarter": 20212,
            "year": 2021,
            "quarter": 2,
            "eps": 0.79,
            "eps_growth_year": 23.44,
            "eps_4q": 3.69,
            "eps_4q_growth_year": null,
            "roe": 4.16,
            "roe_4q": 20.33,
            "gross_profit": 849490,
            "gross_margin": 18.38,
            "gross_margin_4q_avg": 17.17,
            "net_income": 463984,
            "net_income_4q": null,
            "revenue": 4620613,
            "revenue_4q": null,
            "common_shares": 5759044,
            "book_valuer_per_share": 20.28,
            "book_valuer_per_share_4q_avg": 18.82,
            "equity": 11500496,
            "current_ratio": 116.31,
            "debt_ratio": 63.5,
            "inventory_turnover_ratio": 0.5,
            "account_receivable_turnover_ratio": 1.48,
            "reinvestment_rate": -138.08,
            "research_to_sale_ratio": 0.57,
            "price_fair": 112.7,
            "eps_avg_yearly": 3.22,
            "eps_latest_yearly": 3.16,
            "eps_growth_yearly": 196.2
        },
        "20213": {
            "year_quarter": 20213,
            "year": 2021,
            "quarter": 3,
            "eps": -1.14,
            "eps_growth_year": -157,
            "eps_4q": 0.55,
            "eps_4q_growth_year": -55.92,
            "roe": -6.84,
            "roe_4q": 2.33,
            "gross_profit": 766501,
            "gross_margin": 17.58,
            "gross_margin_4q_avg": 17.08,
            "net_income": -763311,
            "net_income_4q": null,
            "revenue": 4359841,
            "revenue_4q": null,
            "common_shares": 6299472,
            "book_valuer_per_share": 17.48,
            "book_valuer_per_share_4q_avg": 18.68,
            "equity": 10825834,
            "current_ratio": 119.58,
            "debt_ratio": 64.48,
            "inventory_turnover_ratio": 0.45,
            "account_receivable_turnover_ratio": 1.33,
            "reinvestment_rate": -320.7,
            "research_to_sale_ratio": 0.55,
            "price_fair": 127.96,
            "eps_avg_yearly": 3.66,
            "eps_latest_yearly": 3.16,
            "eps_growth_yearly": 241.15
        },
        "20214": {
            "year_quarter": 20214,
            "year": 2021,
            "quarter": 4,
            "eps": 0.21,
            "eps_growth_year": null,
            "eps_4q": 1.44,
            "eps_4q_growth_year": -3.37,
            "roe": 1.33,
            "roe_4q": 8.32,
            "gross_profit": 610270,
            "gross_margin": 14.32,
            "gross_margin_4q_avg": 16.63,
            "net_income": 145350,
            "net_income_4q": null,
            "revenue": 4263014,
            "revenue_4q": null,
            "common_shares": 6380540,
            "book_valuer_per_share": 17.14,
            "book_valuer_per_share_4q_avg": 18.49,
            "equity": 11007478,
            "current_ratio": 112.65,
            "debt_ratio": 63.66,
            "inventory_turnover_ratio": 0.45,
            "account_receivable_turnover_ratio": 1.31,
            "reinvestment_rate": -372.13,
            "research_to_sale_ratio": -0.78,
            "price_fair": 134.05,
            "eps_avg_yearly": 3.83,
            "eps_latest_yearly": 3.16,
            "eps_growth_yearly": 116.83
        },
        "20221": {
            "year_quarter": 20221,
            "year": 2022,
            "quarter": 1,
            "eps": 0.56,
            "eps_growth_year": -69.4,
            "eps_4q": 0.34,
            "eps_4q_growth_year": -90.63,
            "roe": 3.19,
            "roe_4q": 1.8399999999999999,
            "gross_profit": 668813,
            "gross_margin": 17.21,
            "gross_margin_4q_avg": 16.87,
            "net_income": 349247,
            "net_income_4q": null,
            "revenue": 3887180,
            "revenue_4q": null,
            "common_shares": 6382873,
            "book_valuer_per_share": 16.96,
            "book_valuer_per_share_4q_avg": 17.97,
            "equity": 10907966,
            "current_ratio": 136.27,
            "debt_ratio": 64.79,
            "inventory_turnover_ratio": 0.38,
            "account_receivable_turnover_ratio": 1.21,
            "reinvestment_rate": -383.87,
            "research_to_sale_ratio": 0.2,
            "price_fair": 123.2,
            "eps_avg_yearly": 3.52,
            "eps_latest_yearly": 2.24,
            "eps_growth_yearly": 265.93
        },
        "20222": {
            "year_quarter": 20222,
            "year": 2022,
            "quarter": 2,
            "eps": 0.34,
            "eps_growth_year": -56.96,
            "eps_4q": -0.04,
            "eps_4q_growth_year": -100.96,
            "roe": 2.1,
            "roe_4q": -0.21999999999999975,
            "gross_profit": 761994,
            "gross_margin": 18.49,
            "gross_margin_4q_avg": 16.9,
            "net_income": 229741,
            "net_income_4q": null,
            "revenue": 4120059,
            "revenue_4q": null,
            "common_shares": 6382873,
            "book_valuer_per_share": 17.02,
            "book_valuer_per_share_4q_avg": 17.15,
            "equity": 10959214,
            "current_ratio": 142.09,
            "debt_ratio": 63.97,
            "inventory_turnover_ratio": 0.39,
            "account_receivable_turnover_ratio": 1.3,
            "reinvestment_rate": -332.65,
            "research_to_sale_ratio": 0.2,
            "price_fair": 108.08,
            "eps_avg_yearly": 3.09,
            "eps_latest_yearly": 1.36,
            "eps_growth_yearly": 181.31
        },
        "20223": {
            "year_quarter": 20223,
            "year": 2022,
            "quarter": 3,
            "eps": 0.42,
            "eps_growth_year": null,
            "eps_4q": 1.52,
            "eps_4q_growth_year": 175.12,
            "roe": 2.55,
            "roe_4q": 9.17,
            "gross_profit": 633964,
            "gross_margin": 17.8,
            "gross_margin_4q_avg": 16.96,
            "net_income": 284258,
            "net_income_4q": null,
            "revenue": 3562191,
            "revenue_4q": null,
            "common_shares": 6383290,
            "book_valuer_per_share": 17.66,
            "book_valuer_per_share_4q_avg": 17.2,
            "equity": 11308082,
            "current_ratio": 145.35,
            "debt_ratio": 62.36,
            "inventory_turnover_ratio": 0.34,
            "account_receivable_turnover_ratio": 1.2,
            "reinvestment_rate": -266.67,
            "research_to_sale_ratio": 0.27,
            "price_fair": 99.87,
            "eps_avg_yearly": 2.85,
            "eps_latest_yearly": 1.68,
            "eps_growth_yearly": 166.78
        },
        "20224": {
            "year_quarter": 20224,
            "year": 2022,
            "quarter": 4,
            "eps": 0.4,
            "eps_growth_year": 88.89,
            "eps_4q": 1.71,
            "eps_4q_growth_year": 18.97,
            "roe": 2.29,
            "roe_4q": 10.129999999999999,
            "gross_profit": 526638,
            "gross_margin": 16.98,
            "gross_margin_4q_avg": 17.62,
            "net_income": 265005,
            "net_income_4q": null,
            "revenue": 3101963,
            "revenue_4q": null,
            "common_shares": 6404897,
            "book_valuer_per_share": 18.37,
            "book_valuer_per_share_4q_avg": 17.5,
            "equity": 11821156,
            "current_ratio": 158.04,
            "debt_ratio": 59.95,
            "inventory_turnover_ratio": 0.3,
            "account_receivable_turnover_ratio": 1.21,
            "reinvestment_rate": -235.62,
            "research_to_sale_ratio": 0.33,
            "price_fair": 93.6,
            "eps_avg_yearly": 2.67,
            "eps_latest_yearly": 1.6,
            "eps_growth_yearly": 140.23
        },
        "20231": {
            "year_quarter": 20231,
            "year": 2023,
            "quarter": 1,
            "eps": 0.15,
            "eps_growth_year": -73.21,
            "eps_4q": 1.29,
            "eps_4q_growth_year": 277.24,
            "roe": 0.87,
            "roe_4q": 7.8100000000000005,
            "gross_profit": 450965,
            "gross_margin": 15.33,
            "gross_margin_4q_avg": 17.15,
            "net_income": 101848,
            "net_income_4q": null,
            "revenue": 2941980,
            "revenue_4q": null,
            "common_shares": 6414897,
            "book_valuer_per_share": 17.84,
            "book_valuer_per_share_4q_avg": 17.72,
            "equity": 11512775,
            "current_ratio": 143.78,
            "debt_ratio": 60.54,
            "inventory_turnover_ratio": 0.29,
            "account_receivable_turnover_ratio": 1.26,
            "reinvestment_rate": -274.39,
            "research_to_sale_ratio": 0.6,
            "price_fair": 93.2,
            "eps_avg_yearly": 2.66,
            "eps_latest_yearly": 0.6,
            "eps_growth_yearly": 136.75
        },
        "20232": {
            "year_quarter": 20232,
            "year": 2023,
            "quarter": 2,
            "eps": 0.41,
            "eps_growth_year": 20.59,
            "eps_4q": 1.36,
            "eps_4q_growth_year": null,
            "roe": 2.32,
            "roe_4q": 8.030000000000001,
            "gross_profit": 522505,
            "gross_margin": 16.84,
            "gross_margin_4q_avg": 16.74,
            "net_income": 270158,
            "net_income_4q": null,
            "revenue": 3102923,
            "revenue_4q": null,
            "common_shares": 6487307,
            "book_valuer_per_share": 18.12,
            "book_valuer_per_share_4q_avg": 18,
            "equity": 11812161,
            "current_ratio": 140.29,
            "debt_ratio": 60.47,
            "inventory_turnover_ratio": 0.3,
            "account_receivable_turnover_ratio": 1.33,
            "reinvestment_rate": -241.03,
            "research_to_sale_ratio": 0.23,
            "price_fair": 88.73,
            "eps_avg_yearly": 2.54,
            "eps_latest_yearly": 1.64,
            "eps_growth_yearly": 206.33
        },
        "20233": {
            "year_quarter": 20233,
            "year": 2023,
            "quarter": 3,
            "eps": 0.38,
            "eps_growth_year": -9.52,
            "eps_4q": 1.32,
            "eps_4q_growth_year": -13.44,
            "roe": 2.14,
            "roe_4q": 7.62,
            "gross_profit": 571330,
            "gross_margin": 18.08,
            "gross_margin_4q_avg": 16.81,
            "net_income": 258118,
            "net_income_4q": null,
            "revenue": 3159956,
            "revenue_4q": null,
            "common_shares": 6549896,
            "book_valuer_per_share": 18.8,
            "book_valuer_per_share_4q_avg": 18.28,
            "equity": 12321259,
            "current_ratio": 143.56,
            "debt_ratio": 59.66,
            "inventory_turnover_ratio": 0.28,
            "account_receivable_turnover_ratio": 1.25,
            "reinvestment_rate": -206.28,
            "research_to_sale_ratio": 0.97,
            "price_fair": 84.78,
            "eps_avg_yearly": 2.42,
            "eps_latest_yearly": 1.52,
            "eps_growth_yearly": 180.15
        }
    },
    "months": {
        "2001-06": {
            "month": "2001-06",
            "price": "13.80",
            "revenue": 128263
        },
        "2001-07": {
            "month": "2001-07",
            "price": "11.12",
            "revenue": 123156
        },
        "2001-08": {
            "month": "2001-08",
            "price": "11.68",
            "revenue": 124147
        },
        "2001-09": {
            "month": "2001-09",
            "price": "11.69",
            "revenue": 110365
        },
        "2001-10": {
            "month": "2001-10",
            "price": "10.67",
            "revenue": 132411
        },
        "2001-11": {
            "month": "2001-11",
            "price": "10.18",
            "revenue": 139577
        },
        "2001-12": {
            "month": "2001-12",
            "price": "11.05",
            "revenue": 122841
        },
        "2002-01": {
            "month": "2002-01",
            "price": "11.42",
            "revenue": 126372
        },
        "2002-02": {
            "month": "2002-02",
            "price": "11.58",
            "revenue": 94046
        },
        "2002-03": {
            "month": "2002-03",
            "price": "11.83",
            "revenue": 130925
        },
        "2002-04": {
            "month": "2002-04",
            "price": "18.65",
            "revenue": 151642
        },
        "2002-05": {
            "month": "2002-05",
            "price": "24.15",
            "revenue": 196127
        },
        "2002-06": {
            "month": "2002-06",
            "price": "26.26",
            "revenue": 124211
        },
        "2002-07": {
            "month": "2002-07",
            "price": "22.80",
            "revenue": 128341
        },
        "2002-08": {
            "month": "2002-08",
            "price": "23.07",
            "revenue": 140525
        },
        "2002-09": {
            "month": "2002-09",
            "price": "23.09",
            "revenue": 136865
        },
        "2002-10": {
            "month": "2002-10",
            "price": "20.94",
            "revenue": 165135
        },
        "2002-11": {
            "month": "2002-11",
            "price": "27.08",
            "revenue": 126255
        },
        "2002-12": {
            "month": "2002-12",
            "price": "28.71",
            "revenue": 154854
        },
        "2003-01": {
            "month": "2003-01",
            "price": "26.64",
            "revenue": 134239
        },
        "2003-02": {
            "month": "2003-02",
            "price": "23.22",
            "revenue": 119210
        },
        "2003-03": {
            "month": "2003-03",
            "price": "23.19",
            "revenue": 140248
        },
        "2003-04": {
            "month": "2003-04",
            "price": "21.14",
            "revenue": 167627
        },
        "2003-05": {
            "month": "2003-05",
            "price": "19.36",
            "revenue": 163568
        },
        "2003-06": {
            "month": "2003-06",
            "price": "20.92",
            "revenue": 184785
        },
        "2003-07": {
            "month": "2003-07",
            "price": "19.90",
            "revenue": 178465
        },
        "2003-08": {
            "month": "2003-08",
            "price": "21.56",
            "revenue": 159575
        },
        "2003-09": {
            "month": "2003-09",
            "price": "21.21",
            "revenue": 209225
        },
        "2003-10": {
            "month": "2003-10",
            "price": "22.99",
            "revenue": 192858
        },
        "2003-11": {
            "month": "2003-11",
            "price": "26.84",
            "revenue": 206266
        },
        "2003-12": {
            "month": "2003-12",
            "price": "25.72",
            "revenue": 179115
        },
        "2004-01": {
            "month": "2004-01",
            "price": "25.27",
            "revenue": 144718
        },
        "2004-02": {
            "month": "2004-02",
            "price": "26.61",
            "revenue": 196537
        },
        "2004-03": {
            "month": "2004-03",
            "price": "25.71",
            "revenue": 189106
        },
        "2004-04": {
            "month": "2004-04",
            "price": "23.07",
            "revenue": 213271
        },
        "2004-05": {
            "month": "2004-05",
            "price": "18.27",
            "revenue": 177847
        },
        "2004-06": {
            "month": "2004-06",
            "price": "17.02",
            "revenue": 194605
        },
        "2004-07": {
            "month": "2004-07",
            "price": "15.59",
            "revenue": 167901
        },
        "2004-08": {
            "month": "2004-08",
            "price": "14.38",
            "revenue": 188374
        },
        "2004-09": {
            "month": "2004-09",
            "price": "14.88",
            "revenue": 221881
        },
        "2004-10": {
            "month": "2004-10",
            "price": "15.12",
            "revenue": 230153
        },
        "2004-11": {
            "month": "2004-11",
            "price": "14.63",
            "revenue": 248799
        },
        "2004-12": {
            "month": "2004-12",
            "price": "15.68",
            "revenue": 242281
        },
        "2005-01": {
            "month": "2005-01",
            "price": "16.06",
            "revenue": 217099
        },
        "2005-02": {
            "month": "2005-02",
            "price": "15.68",
            "revenue": 171390
        },
        "2005-03": {
            "month": "2005-03",
            "price": "15.63",
            "revenue": 268539
        },
        "2005-04": {
            "month": "2005-04",
            "price": "14.50",
            "revenue": 213945
        },
        "2005-05": {
            "month": "2005-05",
            "price": "12.04",
            "revenue": 196626
        },
        "2005-06": {
            "month": "2005-06",
            "price": "12.02",
            "revenue": 220537
        },
        "2005-07": {
            "month": "2005-07",
            "price": "11.90",
            "revenue": 188371
        },
        "2005-08": {
            "month": "2005-08",
            "price": "11.58",
            "revenue": 223568
        },
        "2005-09": {
            "month": "2005-09",
            "price": "10.40",
            "revenue": 218885
        },
        "2005-10": {
            "month": "2005-10",
            "price": "11.60",
            "revenue": 403705
        },
        "2005-11": {
            "month": "2005-11",
            "price": "11.31",
            "revenue": 384057
        },
        "2005-12": {
            "month": "2005-12",
            "price": "11.62",
            "revenue": 203743
        },
        "2006-01": {
            "month": "2006-01",
            "price": "11.91",
            "revenue": 209753
        },
        "2006-02": {
            "month": "2006-02",
            "price": "11.62",
            "revenue": 160953
        },
        "2006-03": {
            "month": "2006-03",
            "price": "11.76",
            "revenue": 208518
        },
        "2006-04": {
            "month": "2006-04",
            "price": "13.10",
            "revenue": 183526
        },
        "2006-05": {
            "month": "2006-05",
            "price": "13.86",
            "revenue": 217749
        },
        "2006-06": {
            "month": "2006-06",
            "price": "12.98",
            "revenue": 580033
        },
        "2006-07": {
            "month": "2006-07",
            "price": "14.30",
            "revenue": 202689
        },
        "2006-08": {
            "month": "2006-08",
            "price": "13.37",
            "revenue": 255384
        },
        "2006-09": {
            "month": "2006-09",
            "price": "13.34",
            "revenue": 318757
        },
        "2006-10": {
            "month": "2006-10",
            "price": "15.29",
            "revenue": 450780
        },
        "2006-11": {
            "month": "2006-11",
            "price": "18.89",
            "revenue": 391395
        },
        "2006-12": {
            "month": "2006-12",
            "price": "20.36",
            "revenue": 194698
        },
        "2007-01": {
            "month": "2007-01",
            "price": "19.35",
            "revenue": 403109
        },
        "2007-02": {
            "month": "2007-02",
            "price": "18.79",
            "revenue": 328885
        },
        "2007-03": {
            "month": "2007-03",
            "price": "19.33",
            "revenue": 466477
        },
        "2007-04": {
            "month": "2007-04",
            "price": "22.25",
            "revenue": 420652
        },
        "2007-05": {
            "month": "2007-05",
            "price": "19.58",
            "revenue": 433899
        },
        "2007-06": {
            "month": "2007-06",
            "price": "21.26",
            "revenue": 429323
        },
        "2007-07": {
            "month": "2007-07",
            "price": "21.68",
            "revenue": 215981
        },
        "2007-08": {
            "month": "2007-08",
            "price": "20.87",
            "revenue": 463499
        },
        "2007-09": {
            "month": "2007-09",
            "price": "20.15",
            "revenue": 477722
        },
        "2007-10": {
            "month": "2007-10",
            "price": "18.74",
            "revenue": 453537
        },
        "2007-11": {
            "month": "2007-11",
            "price": "17.30",
            "revenue": 470417
        },
        "2007-12": {
            "month": "2007-12",
            "price": "15.83",
            "revenue": 543540
        },
        "2008-01": {
            "month": "2008-01",
            "price": "16.81",
            "revenue": 582626
        },
        "2008-02": {
            "month": "2008-02",
            "price": "17.50",
            "revenue": 443941
        },
        "2008-03": {
            "month": "2008-03",
            "price": "20.54",
            "revenue": 583602
        },
        "2008-04": {
            "month": "2008-04",
            "price": "24.50",
            "revenue": 375271
        },
        "2008-05": {
            "month": "2008-05",
            "price": "27.42",
            "revenue": 674003417
        },
        "2008-06": {
            "month": "2008-06",
            "price": "24.45",
            "revenue": 672108
        },
        "2008-07": {
            "month": "2008-07",
            "price": "21.17",
            "revenue": 671450
        },
        "2008-08": {
            "month": "2008-08",
            "price": "20.43",
            "revenue": 625296589
        },
        "2008-09": {
            "month": "2008-09",
            "price": "17.88",
            "revenue": 343424
        },
        "2008-10": {
            "month": "2008-10",
            "price": "15.55",
            "revenue": 559374
        },
        "2008-11": {
            "month": "2008-11",
            "price": "15.60",
            "revenue": 465313
        },
        "2008-12": {
            "month": "2008-12",
            "price": "14.78",
            "revenue": 628831
        },
        "2009-01": {
            "month": "2009-01",
            "price": "14.93",
            "revenue": 327555
        },
        "2009-02": {
            "month": "2009-02",
            "price": "14.98",
            "revenue": 453973
        },
        "2009-03": {
            "month": "2009-03",
            "price": "16.15",
            "revenue": 608052
        },
        "2009-04": {
            "month": "2009-04",
            "price": "19.32",
            "revenue": 454666
        },
        "2009-05": {
            "month": "2009-05",
            "price": "20.50",
            "revenue": 513464
        },
        "2009-06": {
            "month": "2009-06",
            "price": "21.46",
            "revenue": 1125421
        },
        "2009-07": {
            "month": "2009-07",
            "price": "22.12",
            "revenue": 489667
        },
        "2009-08": {
            "month": "2009-08",
            "price": "21.93",
            "revenue": 494569
        },
        "2009-09": {
            "month": "2009-09",
            "price": "21.52",
            "revenue": 912755
        },
        "2009-10": {
            "month": "2009-10",
            "price": "22.39",
            "revenue": 439430
        },
        "2009-11": {
            "month": "2009-11",
            "price": "22.44",
            "revenue": 453979
        },
        "2009-12": {
            "month": "2009-12",
            "price": "23.07",
            "revenue": 1482346
        },
        "2010-01": {
            "month": "2010-01",
            "price": "24.53",
            "revenue": 1192519
        },
        "2010-02": {
            "month": "2010-02",
            "price": "22.76",
            "revenue": 859517
        },
        "2010-03": {
            "month": "2010-03",
            "price": "24.19",
            "revenue": 1519139
        },
        "2010-04": {
            "month": "2010-04",
            "price": "25.51",
            "revenue": 1310467
        },
        "2010-05": {
            "month": "2010-05",
            "price": "23.97",
            "revenue": 1266037
        },
        "2010-06": {
            "month": "2010-06",
            "price": "23.47",
            "revenue": 1578548
        },
        "2010-07": {
            "month": "2010-07",
            "price": "25.80",
            "revenue": 1252513
        },
        "2010-08": {
            "month": "2010-08",
            "price": "27.80",
            "revenue": 1227537
        },
        "2010-09": {
            "month": "2010-09",
            "price": "28.11",
            "revenue": 1284970
        },
        "2010-10": {
            "month": "2010-10",
            "price": "31.94",
            "revenue": 1192994
        },
        "2010-11": {
            "month": "2010-11",
            "price": "28.40",
            "revenue": 1300992
        },
        "2010-12": {
            "month": "2010-12",
            "price": "29.33",
            "revenue": 1482422
        },
        "2011-01": {
            "month": "2011-01",
            "price": "28.22",
            "revenue": 1454481
        },
        "2011-02": {
            "month": "2011-02",
            "price": "27.83",
            "revenue": 1412818
        },
        "2011-03": {
            "month": "2011-03",
            "price": "29.47",
            "revenue": 1665921
        },
        "2011-04": {
            "month": "2011-04",
            "price": "29.12",
            "revenue": 1709948
        },
        "2011-05": {
            "month": "2011-05",
            "price": "29.55",
            "revenue": 1488270
        },
        "2011-06": {
            "month": "2011-06",
            "price": "27.30",
            "revenue": 1746514
        },
        "2011-07": {
            "month": "2011-07",
            "price": "28.56",
            "revenue": 1546680
        },
        "2011-08": {
            "month": "2011-08",
            "price": "29.19",
            "revenue": 1684756
        },
        "2011-09": {
            "month": "2011-09",
            "price": "27.78",
            "revenue": 1682602
        },
        "2011-10": {
            "month": "2011-10",
            "price": "26.78",
            "revenue": 1569312
        },
        "2011-11": {
            "month": "2011-11",
            "price": "25.39",
            "revenue": 2736822
        },
        "2011-12": {
            "month": "2011-12",
            "price": "23.67",
            "revenue": 1676564
        },
        "2012-01": {
            "month": "2012-01",
            "price": "23.16",
            "revenue": 1211329
        },
        "2012-02": {
            "month": "2012-02",
            "price": "26.64",
            "revenue": 1524416
        },
        "2012-03": {
            "month": "2012-03",
            "price": "27.26",
            "revenue": 1931008
        },
        "2012-04": {
            "month": "2012-04",
            "price": "28.37",
            "revenue": 1536082
        },
        "2012-05": {
            "month": "2012-05",
            "price": "27.93",
            "revenue": 1617984
        },
        "2012-06": {
            "month": "2012-06",
            "price": "27.25",
            "revenue": 1591598
        },
        "2012-07": {
            "month": "2012-07",
            "price": "27.59",
            "revenue": 1605563
        },
        "2012-08": {
            "month": "2012-08",
            "price": "29.10",
            "revenue": 1688399
        },
        "2012-09": {
            "month": "2012-09",
            "price": "24.30",
            "revenue": 1400543
        },
        "2012-10": {
            "month": "2012-10",
            "price": "22.54",
            "revenue": 1542763
        },
        "2012-11": {
            "month": "2012-11",
            "price": "18.85",
            "revenue": 1504808
        },
        "2012-12": {
            "month": "2012-12",
            "price": "18.82",
            "revenue": 1450442
        },
        "2013-01": {
            "month": "2013-01",
            "price": "19.41",
            "revenue": 1566786
        },
        "2013-02": {
            "month": "2013-02",
            "price": "19.42",
            "revenue": 1160684
        },
        "2013-03": {
            "month": "2013-03",
            "price": "19.37",
            "revenue": 1858665
        },
        "2013-04": {
            "month": "2013-04",
            "price": "20.27",
            "revenue": 1549522
        },
        "2013-05": {
            "month": "2013-05",
            "price": "20.58",
            "revenue": 1649796
        },
        "2013-06": {
            "month": "2013-06",
            "price": "20.67",
            "revenue": 1880477
        },
        "2013-07": {
            "month": "2013-07",
            "price": "21.76",
            "revenue": 1673953
        },
        "2013-08": {
            "month": "2013-08",
            "price": "23.05",
            "revenue": 1613224
        },
        "2013-09": {
            "month": "2013-09",
            "price": "23.59",
            "revenue": 1610535
        },
        "2013-10": {
            "month": "2013-10",
            "price": "22.85",
            "revenue": 1734403
        },
        "2013-11": {
            "month": "2013-11",
            "price": "21.65",
            "revenue": 1718693
        },
        "2013-12": {
            "month": "2013-12",
            "price": "22.15",
            "revenue": 1601741
        },
        "2014-01": {
            "month": "2014-01",
            "price": "22.78",
            "revenue": 1587463
        },
        "2014-02": {
            "month": "2014-02",
            "price": "22.90",
            "revenue": 1462083
        },
        "2014-03": {
            "month": "2014-03",
            "price": "22.54",
            "revenue": 1764378
        },
        "2014-04": {
            "month": "2014-04",
            "price": "22.52",
            "revenue": 1700429
        },
        "2014-05": {
            "month": "2014-05",
            "price": "21.20",
            "revenue": 1776096
        },
        "2014-06": {
            "month": "2014-06",
            "price": "20.78",
            "revenue": 1734034
        },
        "2014-07": {
            "month": "2014-07",
            "price": "20.83",
            "revenue": 1701017
        },
        "2014-08": {
            "month": "2014-08",
            "price": "19.48",
            "revenue": 1684980
        },
        "2014-09": {
            "month": "2014-09",
            "price": "17.32",
            "revenue": 1718975
        },
        "2014-10": {
            "month": "2014-10",
            "price": "16.12",
            "revenue": 1611607
        },
        "2014-11": {
            "month": "2014-11",
            "price": "15.73",
            "revenue": 1615963
        },
        "2014-12": {
            "month": "2014-12",
            "price": "15.93",
            "revenue": 1640162
        },
        "2015-01": {
            "month": "2015-01",
            "price": "15.92",
            "revenue": 1557696
        },
        "2015-02": {
            "month": "2015-02",
            "price": "15.53",
            "revenue": 1060755
        },
        "2015-03": {
            "month": "2015-03",
            "price": "14.95",
            "revenue": 1440642
        },
        "2015-04": {
            "month": "2015-04",
            "price": "14.96",
            "revenue": 1579743
        },
        "2015-05": {
            "month": "2015-05",
            "price": "14.80",
            "revenue": 1502493
        },
        "2015-06": {
            "month": "2015-06",
            "price": "13.34",
            "revenue": 1535088
        },
        "2015-07": {
            "month": "2015-07",
            "price": "12.05",
            "revenue": 1655505
        },
        "2015-08": {
            "month": "2015-08",
            "price": "11.97",
            "revenue": 1604376
        },
        "2015-09": {
            "month": "2015-09",
            "price": "12.82",
            "revenue": 1486324
        },
        "2015-10": {
            "month": "2015-10",
            "price": "12.46",
            "revenue": 1546744
        },
        "2015-11": {
            "month": "2015-11",
            "price": "13.45",
            "revenue": 1424751
        },
        "2015-12": {
            "month": "2015-12",
            "price": "11.87",
            "revenue": 1450038
        },
        "2016-01": {
            "month": "2016-01",
            "price": "11.77",
            "revenue": 1441460
        },
        "2016-02": {
            "month": "2016-02",
            "price": "12.02",
            "revenue": 1002495
        },
        "2016-03": {
            "month": "2016-03",
            "price": "13.18",
            "revenue": 1515835
        },
        "2016-04": {
            "month": "2016-04",
            "price": "13.75",
            "revenue": 1647894
        },
        "2016-05": {
            "month": "2016-05",
            "price": "13.51",
            "revenue": 1522857
        },
        "2016-06": {
            "month": "2016-06",
            "price": "13.70",
            "revenue": 1440159
        },
        "2016-07": {
            "month": "2016-07",
            "price": "13.81",
            "revenue": 1639956
        },
        "2016-08": {
            "month": "2016-08",
            "price": "12.79",
            "revenue": 1967253
        },
        "2016-09": {
            "month": "2016-09",
            "price": "12.24",
            "revenue": 1856833
        },
        "2016-10": {
            "month": "2016-10",
            "price": "12.07",
            "revenue": 1660961
        },
        "2016-11": {
            "month": "2016-11",
            "price": "11.60",
            "revenue": 1495329
        },
        "2016-12": {
            "month": "2016-12",
            "price": "11.99",
            "revenue": 1565517
        },
        "2017-01": {
            "month": "2017-01",
            "price": "12.72",
            "revenue": 1215755
        },
        "2017-02": {
            "month": "2017-02",
            "price": "12.83",
            "revenue": 1245725
        },
        "2017-03": {
            "month": "2017-03",
            "price": "13.56",
            "revenue": 1701026
        },
        "2017-04": {
            "month": "2017-04",
            "price": "13.00",
            "revenue": 1496411
        },
        "2017-05": {
            "month": "2017-05",
            "price": "13.24",
            "revenue": 1468775
        },
        "2017-06": {
            "month": "2017-06",
            "price": "12.90",
            "revenue": 1497125
        },
        "2017-07": {
            "month": "2017-07",
            "price": "12.80",
            "revenue": 1353606
        },
        "2017-08": {
            "month": "2017-08",
            "price": "12.52",
            "revenue": 1493369
        },
        "2017-09": {
            "month": "2017-09",
            "price": "13.23",
            "revenue": 1719629
        },
        "2017-10": {
            "month": "2017-10",
            "price": "13.95",
            "revenue": 1570061
        },
        "2017-11": {
            "month": "2017-11",
            "price": "14.17",
            "revenue": 1650350
        },
        "2017-12": {
            "month": "2017-12",
            "price": "14.25",
            "revenue": 2560995
        },
        "2018-01": {
            "month": "2018-01",
            "price": "15.15",
            "revenue": 1678052
        },
        "2018-02": {
            "month": "2018-02",
            "price": "13.98",
            "revenue": 1309926
        },
        "2018-03": {
            "month": "2018-03",
            "price": "13.98",
            "revenue": 2035199
        },
        "2018-04": {
            "month": "2018-04",
            "price": "16.27",
            "revenue": 1945496
        },
        "2018-05": {
            "month": "2018-05",
            "price": "18.54",
            "revenue": 1763157
        },
        "2018-06": {
            "month": "2018-06",
            "price": "20.22",
            "revenue": 1521352
        },
        "2018-07": {
            "month": "2018-07",
            "price": "19.24",
            "revenue": 1462605
        },
        "2018-08": {
            "month": "2018-08",
            "price": "16.36",
            "revenue": 1755164
        },
        "2018-09": {
            "month": "2018-09",
            "price": "15.39",
            "revenue": 1685426
        },
        "2018-10": {
            "month": "2018-10",
            "price": "14.28",
            "revenue": 1595984
        },
        "2018-11": {
            "month": "2018-11",
            "price": "13.10",
            "revenue": 1598248
        },
        "2018-12": {
            "month": "2018-12",
            "price": "14.31",
            "revenue": 1498126
        },
        "2019-01": {
            "month": "2019-01",
            "price": "13.54",
            "revenue": 1500134
        },
        "2019-02": {
            "month": "2019-02",
            "price": "13.79",
            "revenue": 927582
        },
        "2019-03": {
            "month": "2019-03",
            "price": "14.03",
            "revenue": 1378190
        },
        "2019-04": {
            "month": "2019-04",
            "price": "13.98",
            "revenue": 1470182
        },
        "2019-05": {
            "month": "2019-05",
            "price": "13.10",
            "revenue": 1379260
        },
        "2019-06": {
            "month": "2019-06",
            "price": "13.34",
            "revenue": 1287874
        },
        "2019-07": {
            "month": "2019-07",
            "price": "12.90",
            "revenue": 1386702
        },
        "2019-08": {
            "month": "2019-08",
            "price": "11.88",
            "revenue": 1434164
        },
        "2019-09": {
            "month": "2019-09",
            "price": "11.96",
            "revenue": 1398003
        },
        "2019-10": {
            "month": "2019-10",
            "price": "11.70",
            "revenue": 1396588
        },
        "2019-11": {
            "month": "2019-11",
            "price": "11.72",
            "revenue": 1320334
        },
        "2019-12": {
            "month": "2019-12",
            "price": "12.47",
            "revenue": 1246172
        },
        "2020-01": {
            "month": "2020-01",
            "price": "11.95",
            "revenue": 999485
        },
        "2020-02": {
            "month": "2020-02",
            "price": "10.89",
            "revenue": 913004
        },
        "2020-03": {
            "month": "2020-03",
            "price": "10.06",
            "revenue": 1268994
        },
        "2020-04": {
            "month": "2020-04",
            "price": "10.19",
            "revenue": 1150138
        },
        "2020-05": {
            "month": "2020-05",
            "price": "10.67",
            "revenue": 1009828
        },
        "2020-06": {
            "month": "2020-06",
            "price": "10.93",
            "revenue": 1111835
        },
        "2020-07": {
            "month": "2020-07",
            "price": "11.97",
            "revenue": 1103473
        },
        "2020-08": {
            "month": "2020-08",
            "price": "13.15",
            "revenue": 1156332
        },
        "2020-09": {
            "month": "2020-09",
            "price": "14.72",
            "revenue": 1293307
        },
        "2020-10": {
            "month": "2020-10",
            "price": "15.03",
            "revenue": 1244703
        },
        "2020-11": {
            "month": "2020-11",
            "price": "15.95",
            "revenue": 1330385
        },
        "2020-12": {
            "month": "2020-12",
            "price": "16.21",
            "revenue": 1413578
        },
        "2021-01": {
            "month": "2021-01",
            "price": "15.03",
            "revenue": 1288713
        },
        "2021-02": {
            "month": "2021-02",
            "price": "14.82",
            "revenue": 1036147
        },
        "2021-03": {
            "month": "2021-03",
            "price": "15.55",
            "revenue": 1624079
        },
        "2021-04": {
            "month": "2021-04",
            "price": "17.50",
            "revenue": 1537466
        },
        "2021-05": {
            "month": "2021-05",
            "price": "17.68",
            "revenue": 1488094
        },
        "2021-06": {
            "month": "2021-06",
            "price": "18.80",
            "revenue": 1620354
        },
        "2021-07": {
            "month": "2021-07",
            "price": "18.82",
            "revenue": 1465457
        },
        "2021-08": {
            "month": "2021-08",
            "price": "17.32",
            "revenue": 1464255
        },
        "2021-09": {
            "month": "2021-09",
            "price": "16.19",
            "revenue": 1414033
        },
        "2021-10": {
            "month": "2021-10",
            "price": "15.24",
            "revenue": 1325097
        },
        "2021-11": {
            "month": "2021-11",
            "price": "15.25",
            "revenue": 1500995
        },
        "2021-12": {
            "month": "2021-12",
            "price": "15.14",
            "revenue": 1427390
        },
        "2022-01": {
            "month": "2022-01",
            "price": "15.17",
            "revenue": 1294378
        },
        "2022-02": {
            "month": "2022-02",
            "price": "15.08",
            "revenue": 988431
        },
        "2022-03": {
            "month": "2022-03",
            "price": "15.07",
            "revenue": 1608404
        },
        "2022-04": {
            "month": "2022-04",
            "price": "15.73",
            "revenue": 1373782
        },
        "2022-05": {
            "month": "2022-05",
            "price": "15.27",
            "revenue": 1407701
        },
        "2022-06": {
            "month": "2022-06",
            "price": "15.50",
            "revenue": 1331954
        },
        "2022-07": {
            "month": "2022-07",
            "price": "14.25",
            "revenue": 1253875
        },
        "2022-08": {
            "month": "2022-08",
            "price": "14.12",
            "revenue": 1189836
        },
        "2022-09": {
            "month": "2022-09",
            "price": "14.23",
            "revenue": 1127995
        },
        "2022-10": {
            "month": "2022-10",
            "price": "13.49",
            "revenue": 1067287
        },
        "2022-11": {
            "month": "2022-11",
            "price": "13.98",
            "revenue": 1052260
        },
        "2022-12": {
            "month": "2022-12",
            "price": "14.61",
            "revenue": 988803
        },
        "2023-01": {
            "month": "2023-01",
            "price": "14.46",
            "revenue": 744969
        },
        "2023-02": {
            "month": "2023-02",
            "price": "14.65",
            "revenue": 1023025
        },
        "2023-03": {
            "month": "2023-03",
            "price": "15.52",
            "revenue": 1180851
        },
        "2023-04": {
            "month": "2023-04",
            "price": "16.72",
            "revenue": 1043274
        },
        "2023-05": {
            "month": "2023-05",
            "price": "16.64",
            "revenue": 1079925
        },
        "2023-06": {
            "month": "2023-06",
            "price": "16.03",
            "revenue": 982071
        },
        "2023-07": {
            "month": "2023-07",
            "price": "15.17",
            "revenue": 970359
        },
        "2023-08": {
            "month": "2023-08",
            "price": "14.77",
            "revenue": 1117797
        },
        "2023-09": {
            "month": "2023-09",
            "price": "15.55",
            "revenue": 1076933
        },
        "2023-10": {
            "month": "2023-10",
            "price": "16.24",
            "revenue": 1309994
        },
        "2023-11": {
            "month": "2023-11",
            "price": "16.47",
            "revenue": 1466160
        },
        "2023-12": {
            "month": "2023-12",
            "price": "17.82",
            "revenue": 1247556
        }
    }
}
