{
    "summary": {
        "stock_name": "東隆興",
        "stock_id": "4401",
        "category": "紡織纖維",
        "main_business": "各種人造纖維縫線及織造用紗之製造、銷售與批發業務。<br>各種棉、毛、麻絲、人造絲等混合線之製造與經銷。<br>有關線類紡織品之製造經銷。",
        "website_url": "http://www.tloong.com.tw",
        "ceo": "游榮利",
        "pe_ratio": 0,
        "report_year_from": 2001,
        "report_year_to": 2023,
        "age": 22,
        "eps_negative_percentage": 4,
        "eps_growth_avg": {
            "last_all": 8.5,
            "last_2y": -2.56,
            "last_4y": -15.83,
            "last_8y": -10.35,
            "last_12y": 6.33,
            "last_16y": 4.66,
            "last_20y": 8.5,
            "at_2006_last_3y": 1.64,
            "at_2007_last_3y": 2.96,
            "at_2008_last_3y": -1.72,
            "at_2009_last_3y": -0.77,
            "at_2010_last_3y": 22.43,
            "at_2011_last_3y": 24.37,
            "at_2012_last_3y": 17.75,
            "at_2013_last_3y": 43.87,
            "at_2014_last_3y": 11.07,
            "at_2015_last_3y": 14.99,
            "at_2016_last_3y": 22.29,
            "at_2017_last_3y": -3.51,
            "at_2018_last_3y": -5.7,
            "at_2019_last_3y": -19.65,
            "at_2020_last_3y": -33.75,
            "at_2021_last_3y": -7.95,
            "at_2022_last_3y": -9.8,
            "at_2023_last_3y": -9.8,
            "at_2006_last_all": 21.31,
            "at_2007_last_all": 17.9,
            "at_2008_last_all": 14.39,
            "at_2009_last_all": 12.03,
            "at_2010_last_all": 21.81,
            "at_2011_last_all": 20.49,
            "at_2012_last_all": 15.61,
            "at_2013_last_all": 22.64,
            "at_2014_last_all": 18.5,
            "at_2015_last_all": 18.92,
            "at_2016_last_all": 17.39,
            "at_2017_last_all": 16.11,
            "at_2018_last_all": 12.81,
            "at_2019_last_all": 10.35,
            "at_2020_last_all": 6.63,
            "at_2021_last_all": 11.29,
            "at_2022_last_all": 8.5,
            "at_2023_last_all": 8.5
        },
        "latest_eps": 0,
        "latest_price": 19.15,
        "latest_roe": 0.09,
        "latest_gross_margin": 5.4,
        "latest_equity": 2693461,
        "latest_revenue": 695718,
        "latest_gross_profit": 37546,
        "latest_net_income": -439,
        "latest_debt_ratio": 53.71,
        "latest_current_ratio": 135.59,
        "latest_account_receivable_turnover_ratio": 2.33,
        "latest_inventory_turnover_ratio": 0.45,
        "latest_reinvestment_rate": 25.16,
        "latest_research_to_sale_ratio": 0.77
    },
    "eps_dividends": {
        "1994": {
            "cash": 0,
            "stock": 0.16,
            "eps": 0
        },
        "1995": {
            "cash": 0.03,
            "stock": 0.03,
            "eps": 0
        },
        "1996": {
            "cash": 0.5,
            "stock": 1,
            "eps": 0
        },
        "1997": {
            "cash": 0,
            "stock": 2,
            "eps": 0
        },
        "1998": {
            "cash": 0,
            "stock": 1.8,
            "eps": 0
        },
        "1999": {
            "cash": 0.5,
            "stock": 0.5,
            "eps": 0
        },
        "2000": {
            "cash": 0,
            "stock": 0.35,
            "eps": 0
        },
        "2001": {
            "cash": 0,
            "stock": 0,
            "eps": 0.01
        },
        "2002": {
            "cash": 0,
            "stock": 0,
            "eps": 1.13
        },
        "2003": {
            "cash": 0.6,
            "stock": 0,
            "eps": 1.08
        },
        "2004": {
            "cash": 0.5,
            "stock": 0,
            "eps": 1.21
        },
        "2005": {
            "cash": 0.6,
            "stock": 0,
            "eps": 1.11
        },
        "2006": {
            "cash": 0.84,
            "stock": 0,
            "eps": 1.19
        },
        "2007": {
            "cash": 0.85,
            "stock": 0,
            "eps": 1.2
        },
        "2008": {
            "cash": 0.85,
            "stock": 0,
            "eps": 1.12
        },
        "2009": {
            "cash": 0.7,
            "stock": 0,
            "eps": 1.07
        },
        "2010": {
            "cash": 1,
            "stock": 0,
            "eps": 3.25
        },
        "2011": {
            "cash": 2,
            "stock": 0,
            "eps": 3.53
        },
        "2012": {
            "cash": 2.2,
            "stock": 0,
            "eps": 2.36
        },
        "2013": {
            "cash": 2.2,
            "stock": 0,
            "eps": 5.32
        },
        "2014": {
            "cash": 3.7,
            "stock": 0,
            "eps": 3.66
        },
        "2015": {
            "cash": 3.5,
            "stock": 0,
            "eps": 4.55
        },
        "2016": {
            "cash": 3.6,
            "stock": 0,
            "eps": 4.37
        },
        "2017": {
            "cash": 3.6,
            "stock": 0,
            "eps": 4.23
        },
        "2018": {
            "cash": 3,
            "stock": 0,
            "eps": 2.54
        },
        "2019": {
            "cash": 2,
            "stock": 0,
            "eps": 1.74
        },
        "2020": {
            "cash": 1.2,
            "stock": 0,
            "eps": 0.69
        },
        "2021": {
            "cash": 1,
            "stock": 0,
            "eps": 2.64
        },
        "2022": {
            "cash": 1.3,
            "stock": 0.2,
            "eps": 1.39
        },
        "2023": {
            "cash": 0.7,
            "stock": 0,
            "eps": -0.14
        }
    },
    "dividends": {
        "1994-06-08": {
            "cash": 0,
            "stock": 0.16
        },
        "1995-05-30": {
            "cash": 0.03,
            "stock": 0.03
        },
        "1996-06-10": {
            "cash": 0.5,
            "stock": 1
        },
        "1997-05-08": {
            "cash": 0,
            "stock": 2
        },
        "1998-05-05": {
            "cash": 0,
            "stock": 1.8
        },
        "1999-06-24": {
            "cash": 0.5,
            "stock": 0.5
        },
        "2000-05-30": {
            "cash": 0,
            "stock": 0.35
        },
        "2003-05-30": {
            "cash": 0.6,
            "stock": 0
        },
        "2004-03-23": {
            "cash": 0.5,
            "stock": 0
        },
        "2005-03-18": {
            "cash": 0.6,
            "stock": 0
        },
        "2006-03-27": {
            "cash": 0.84,
            "stock": 0
        },
        "2007-03-29": {
            "cash": 0.85,
            "stock": 0
        },
        "2008-03-20": {
            "cash": 0.85,
            "stock": 0
        },
        "2009-03-18": {
            "cash": 0.7,
            "stock": 0
        },
        "2010-04-23": {
            "cash": 1,
            "stock": 0
        },
        "2011-03-08": {
            "cash": 2,
            "stock": 0
        },
        "2012-06-13": {
            "cash": 2.2,
            "stock": 0
        },
        "2013-06-11": {
            "cash": 2.2,
            "stock": 0
        },
        "2014-08-29": {
            "cash": 3.7,
            "stock": 0
        },
        "2015-08-28": {
            "cash": 3.5,
            "stock": 0
        },
        "2016-08-26": {
            "cash": 3.6,
            "stock": 0
        },
        "2017-08-31": {
            "cash": 3.6,
            "stock": 0
        },
        "2018-08-31": {
            "cash": 3,
            "stock": 0
        },
        "2019-08-30": {
            "cash": 2,
            "stock": 0
        },
        "2020-09-29": {
            "cash": 1.2,
            "stock": 0
        },
        "2021-09-30": {
            "cash": 1,
            "stock": 0
        },
        "2022-09-30": {
            "cash": 1.3,
            "stock": 0.2
        },
        "2023-08-31": {
            "cash": 0.7,
            "stock": 0
        }
    },
    "prices": {
        "200101": "4.50",
        "200102": "4.88",
        "200103": "4.96",
        "200104": "4.50",
        "200105": "4.11",
        "200106": "4.31",
        "200107": "4.48",
        "200108": "4.15",
        "200109": "4.16",
        "200110": "4.10",
        "200111": "4.03",
        "200112": "4.28",
        "200201": "4.89",
        "200202": "4.95",
        "200203": "6.71",
        "200204": "7.95",
        "200205": "8.62",
        "200206": "8.29",
        "200207": "7.70",
        "200208": "6.67",
        "200209": "6.37",
        "200210": "5.77",
        "200211": "7.75",
        "200212": "7.99",
        "200301": "8.39",
        "200302": "9.27",
        "200303": "9.07",
        "200304": "9.88",
        "200305": "9.03",
        "200306": "9.22",
        "200307": "10.81",
        "200308": "9.58",
        "200309": "9.16",
        "200310": "9.24",
        "200311": "9.21",
        "200312": "8.72",
        "200401": "9.58",
        "200402": "9.65",
        "200403": "9.69",
        "200404": "10.61",
        "200405": "10.36",
        "200406": "10.51",
        "200407": "10.30",
        "200408": "10.06",
        "200409": "10.11",
        "200410": "10.22",
        "200411": "10.39",
        "200412": "10.32",
        "200501": "10.33",
        "200502": "10.35",
        "200503": "10.28",
        "200504": "10.14",
        "200505": "10.09",
        "200506": "10.04",
        "200507": "10.48",
        "200508": "13.74",
        "200509": "11.52",
        "200510": "11.04",
        "200511": "11.50",
        "200512": "11.51",
        "200601": "12.25",
        "200602": "12.33",
        "200603": "11.18",
        "200604": "11.27",
        "200605": "11.78",
        "200606": "11.84",
        "200607": "11.94",
        "200608": "11.47",
        "200609": "10.76",
        "200610": "10.64",
        "200611": "10.98",
        "200612": "11.01",
        "200701": "10.93",
        "200702": "10.60",
        "200703": "10.63",
        "200704": "11.06",
        "200705": "10.91",
        "200706": "11.06",
        "200707": "11.99",
        "200708": "11.02",
        "200709": "10.17",
        "200710": "10.25",
        "200711": "9.91",
        "200712": "9.66",
        "200801": "9.47",
        "200802": "9.28",
        "200803": "9.63",
        "200804": "10.48",
        "200805": "11.06",
        "200806": "10.56",
        "200807": "9.94",
        "200808": "9.45",
        "200809": "8.13",
        "200810": "7.47",
        "200811": "6.62",
        "200812": "6.42",
        "200901": "6.54",
        "200902": "6.55",
        "200903": "7.43",
        "200904": "8.59",
        "200905": "9.02",
        "200906": "8.93",
        "200907": "8.30",
        "200908": "8.21",
        "200909": "8.18",
        "200910": "8.60",
        "200911": "9.16",
        "200912": "9.34",
        "201001": "9.76",
        "201002": "9.53",
        "201003": "10.25",
        "201004": "11.93",
        "201005": "14.19",
        "201006": "14.14",
        "201007": "15.10",
        "201008": "19.71",
        "201009": "22.34",
        "201010": "28.41",
        "201011": "24.08",
        "201012": "24.62",
        "201101": "29.39",
        "201102": "28.35",
        "201103": "28.44",
        "201104": "33.59",
        "201105": "34.99",
        "201106": "31.68",
        "201107": "35.77",
        "201108": "34.79",
        "201109": "32.27",
        "201110": "28.54",
        "201111": "27.25",
        "201112": "21.87",
        "201201": "23.03",
        "201202": "28.33",
        "201203": "32.27",
        "201204": "30.26",
        "201205": "25.69",
        "201206": "24.35",
        "201207": "24.13",
        "201208": "23.83",
        "201209": "25.36",
        "201210": "23.84",
        "201211": "23.26",
        "201212": "24.64",
        "201301": "27.17",
        "201302": "27.91",
        "201303": "34.82",
        "201304": "42.97",
        "201305": "65.51",
        "201306": "84.99",
        "201307": "88.01",
        "201308": "85.59",
        "201309": "84.28",
        "201310": "100.30",
        "201311": "120.02",
        "201312": "113.77",
        "201401": "97.63",
        "201402": "105.32",
        "201403": "105.27",
        "201404": "88.71",
        "201405": "87.49",
        "201406": "99.40",
        "201407": "91.05",
        "201408": "86.50",
        "201409": "87.74",
        "201410": "90.02",
        "201411": "82.44",
        "201412": "77.42",
        "201501": "80.49",
        "201502": "94.78",
        "201503": "108.16",
        "201504": "114.88",
        "201505": "127.42",
        "201506": "135.21",
        "201507": "117.68",
        "201508": "116.98",
        "201509": "121.48",
        "201510": "104.24",
        "201511": "98.51",
        "201512": "92.50",
        "201601": "86.39",
        "201602": "89.75",
        "201603": "91.55",
        "201604": "84.19",
        "201605": "81.32",
        "201606": "88.16",
        "201607": "91.44",
        "201608": "93.63",
        "201609": "94.90",
        "201610": "91.14",
        "201611": "79.15",
        "201612": "80.77",
        "201701": "79.80",
        "201702": "78.11",
        "201703": "78.57",
        "201704": "79.25",
        "201705": "80.62",
        "201706": "86.77",
        "201707": "91.09",
        "201708": "83.82",
        "201709": "83.08",
        "201710": "81.23",
        "201711": "75.13",
        "201712": "70.68",
        "201801": "72.24",
        "201802": "71.56",
        "201803": "73.37",
        "201804": "65.84",
        "201805": "61.00",
        "201806": "52.78",
        "201807": "47.94",
        "201808": "47.12",
        "201809": "47.95",
        "201810": "38.29",
        "201811": "34.97",
        "201812": "38.01",
        "201901": "37.70",
        "201902": "38.45",
        "201903": "36.71",
        "201904": "45.71",
        "201905": "49.75",
        "201906": "51.38",
        "201907": "51.06",
        "201908": "42.61",
        "201909": "41.33",
        "201910": "43.77",
        "201911": "46.99",
        "201912": "42.64",
        "202001": "39.07",
        "202002": "39.77",
        "202003": "28.60",
        "202004": "24.29",
        "202005": "26.08",
        "202006": "27.81",
        "202007": "27.04",
        "202008": "26.94",
        "202009": "25.63",
        "202010": "25.09",
        "202011": "25.03",
        "202012": "25.59",
        "202101": "27.38",
        "202102": "27.83",
        "202103": "33.98",
        "202104": "41.77",
        "202105": "39.12",
        "202106": "41.55",
        "202107": "42.22",
        "202108": "40.17",
        "202109": "36.63",
        "202110": "34.33",
        "202111": "34.78",
        "202112": "34.90",
        "202201": "34.77",
        "202202": "34.43",
        "202203": "33.43",
        "202204": "33.01",
        "202205": "31.20",
        "202206": "30.36",
        "202207": "27.31",
        "202208": "28.41",
        "202209": "27.73",
        "202210": "27.05",
        "202211": "26.48",
        "202212": "26.51",
        "202301": "26.40",
        "202302": "26.91",
        "202303": "26.82",
        "202304": "26.85",
        "202305": "27.12",
        "202306": "25.75",
        "202307": "25.01",
        "202308": "21.40",
        "202309": "19.96"
    },
    "quarters": {
        "20011": {
            "year_quarter": 20011,
            "year": 2001,
            "quarter": 1,
            "eps": 0.18,
            "eps_growth_year": -30.77,
            "eps_4q": 0.16,
            "eps_4q_growth_year": -81.33,
            "roe": 1.89,
            "roe_4q": 1.89,
            "gross_profit": 40352,
            "gross_margin": 8.77,
            "gross_margin_4q_avg": 8.77,
            "net_income": 26235,
            "revenue": 460326,
            "common_shares": 1451731,
            "book_valuer_per_share": 9.68,
            "book_valuer_per_share_4q_avg": 9.68,
            "equity": 1405835,
            "current_ratio": 96.54,
            "debt_ratio": 51.43,
            "inventory_turnover_ratio": 0.77,
            "account_receivable_turnover_ratio": null,
            "reinvestment_rate": null,
            "research_to_sale_ratio": null,
            "price_fair": 0,
            "eps_avg_yearly": 0,
            "eps_latest_yearly": 0,
            "eps_growth_yearly": 0
        },
        "20012": {
            "year_quarter": 20012,
            "year": 2001,
            "quarter": 2,
            "eps": -0.06,
            "eps_growth_year": -200,
            "eps_4q": 0.04,
            "eps_4q_growth_year": -93.82,
            "roe": -0.66,
            "roe_4q": 1.23,
            "gross_profit": 35205,
            "gross_margin": 7.81,
            "gross_margin_4q_avg": 8.29,
            "net_income": -9240,
            "revenue": 450877,
            "common_shares": 1451731,
            "book_valuer_per_share": 9.52,
            "book_valuer_per_share_4q_avg": 9.6,
            "equity": 1382316,
            "current_ratio": 98.62,
            "debt_ratio": 51,
            "inventory_turnover_ratio": 0.78,
            "account_receivable_turnover_ratio": null,
            "reinvestment_rate": null,
            "research_to_sale_ratio": null,
            "price_fair": 0,
            "eps_avg_yearly": 0,
            "eps_latest_yearly": 0,
            "eps_growth_yearly": 0
        },
        "20013": {
            "year_quarter": 20013,
            "year": 2001,
            "quarter": 3,
            "eps": -0.21,
            "eps_growth_year": null,
            "eps_4q": -0.07,
            "eps_4q_growth_year": -114.95,
            "roe": -2.24,
            "roe_4q": -1.0100000000000005,
            "gross_profit": 9657,
            "gross_margin": 2.48,
            "gross_margin_4q_avg": 6.35,
            "net_income": -30655,
            "revenue": 388669,
            "common_shares": 1451731,
            "book_valuer_per_share": 9.31,
            "book_valuer_per_share_4q_avg": 9.5,
            "equity": 1351244,
            "current_ratio": 102.21,
            "debt_ratio": 51.63,
            "inventory_turnover_ratio": 0.74,
            "account_receivable_turnover_ratio": null,
            "reinvestment_rate": null,
            "research_to_sale_ratio": null,
            "price_fair": 0,
            "eps_avg_yearly": 0,
            "eps_latest_yearly": 0,
            "eps_growth_yearly": 0
        },
        "20014": {
            "year_quarter": 20014,
            "year": 2001,
            "quarter": 4,
            "eps": 0.1,
            "eps_growth_year": 400,
            "eps_4q": 0.01,
            "eps_4q_growth_year": -97.28,
            "roe": 1.07,
            "roe_4q": 0.05999999999999983,
            "gross_profit": 65579,
            "gross_margin": 11.58,
            "gross_margin_4q_avg": 7.66,
            "net_income": 14501,
            "revenue": 566520,
            "common_shares": 1451731,
            "book_valuer_per_share": 9.39,
            "book_valuer_per_share_4q_avg": 9.48,
            "equity": 1362950,
            "current_ratio": 111.16,
            "debt_ratio": 50.98,
            "inventory_turnover_ratio": 1.06,
            "account_receivable_turnover_ratio": null,
            "reinvestment_rate": null,
            "research_to_sale_ratio": null,
            "price_fair": 0,
            "eps_avg_yearly": 0,
            "eps_latest_yearly": 0,
            "eps_growth_yearly": 0
        },
        "20021": {
            "year_quarter": 20021,
            "year": 2002,
            "quarter": 1,
            "eps": 0.36,
            "eps_growth_year": 100,
            "eps_4q": 0.15,
            "eps_4q_growth_year": -3.54,
            "roe": 3.32,
            "roe_4q": 1.4899999999999993,
            "gross_profit": 69804,
            "gross_margin": 12.31,
            "gross_margin_4q_avg": 8.55,
            "net_income": 44503,
            "revenue": 567113,
            "common_shares": 1451731,
            "book_valuer_per_share": 9.07,
            "book_valuer_per_share_4q_avg": 9.32,
            "equity": 1317142,
            "current_ratio": 115.7,
            "debt_ratio": 52.52,
            "inventory_turnover_ratio": 1.15,
            "account_receivable_turnover_ratio": null,
            "reinvestment_rate": null,
            "research_to_sale_ratio": null,
            "price_fair": 50.4,
            "eps_avg_yearly": 1.44,
            "eps_latest_yearly": 1.44,
            "eps_growth_yearly": 1040
        },
        "20022": {
            "year_quarter": 20022,
            "year": 2002,
            "quarter": 2,
            "eps": 0.31,
            "eps_growth_year": null,
            "eps_4q": 0.54,
            "eps_4q_growth_year": 1212.38,
            "roe": 2.84,
            "roe_4q": 4.99,
            "gross_profit": 81802,
            "gross_margin": 13.51,
            "gross_margin_4q_avg": 9.97,
            "net_income": 37992,
            "revenue": 605559,
            "common_shares": 1451731,
            "book_valuer_per_share": 9.34,
            "book_valuer_per_share_4q_avg": 9.28,
            "equity": 1356061,
            "current_ratio": 135.52,
            "debt_ratio": 51.17,
            "inventory_turnover_ratio": 1.17,
            "account_receivable_turnover_ratio": null,
            "reinvestment_rate": null,
            "research_to_sale_ratio": null,
            "price_fair": 46.9,
            "eps_avg_yearly": 1.34,
            "eps_latest_yearly": 1.24,
            "eps_growth_yearly": 492.22
        },
        "20023": {
            "year_quarter": 20023,
            "year": 2002,
            "quarter": 3,
            "eps": 0.27,
            "eps_growth_year": null,
            "eps_4q": 1.06,
            "eps_4q_growth_year": null,
            "roe": 2.4,
            "roe_4q": 9.63,
            "gross_profit": 62993,
            "gross_margin": 10.32,
            "gross_margin_4q_avg": 11.93,
            "net_income": 32951,
            "revenue": 610171,
            "common_shares": 1451731,
            "book_valuer_per_share": 9.56,
            "book_valuer_per_share_4q_avg": 9.34,
            "equity": 1387399,
            "current_ratio": 127.24,
            "debt_ratio": 51.52,
            "inventory_turnover_ratio": 1.17,
            "account_receivable_turnover_ratio": null,
            "reinvestment_rate": null,
            "research_to_sale_ratio": null,
            "price_fair": 43.87,
            "eps_avg_yearly": 1.25,
            "eps_latest_yearly": 1.08,
            "eps_growth_yearly": 310.94
        },
        "20024": {
            "year_quarter": 20024,
            "year": 2002,
            "quarter": 4,
            "eps": 0.19,
            "eps_growth_year": 90,
            "eps_4q": 1.15,
            "eps_4q_growth_year": 19748.4,
            "roe": 1.63,
            "roe_4q": 10.19,
            "gross_profit": 77195,
            "gross_margin": 11.4,
            "gross_margin_4q_avg": 11.89,
            "net_income": 22820,
            "revenue": 676863,
            "common_shares": 1451731,
            "book_valuer_per_share": 9.72,
            "book_valuer_per_share_4q_avg": 9.42,
            "equity": 1411772,
            "current_ratio": 120.3,
            "debt_ratio": 51.5,
            "inventory_turnover_ratio": 1.36,
            "account_receivable_turnover_ratio": null,
            "reinvestment_rate": 68.23,
            "research_to_sale_ratio": null,
            "price_fair": 39.55,
            "eps_avg_yearly": 1.13,
            "eps_latest_yearly": 0.76,
            "eps_growth_yearly": 203.58
        },
        "20031": {
            "year_quarter": 20031,
            "year": 2003,
            "quarter": 1,
            "eps": 0.47,
            "eps_growth_year": 30.56,
            "eps_4q": 1.23,
            "eps_4q_growth_year": 694.79,
            "roe": 4.03,
            "roe_4q": 10.9,
            "gross_profit": 80267,
            "gross_margin": 13.45,
            "gross_margin_4q_avg": 12.17,
            "net_income": 58094,
            "revenue": 596684,
            "common_shares": 1451731,
            "book_valuer_per_share": 10.15,
            "book_valuer_per_share_4q_avg": 9.69,
            "equity": 1473418,
            "current_ratio": 116.58,
            "debt_ratio": 53.82,
            "inventory_turnover_ratio": 0.98,
            "account_receivable_turnover_ratio": null,
            "reinvestment_rate": 73.21,
            "research_to_sale_ratio": null,
            "price_fair": 44.8,
            "eps_avg_yearly": 1.28,
            "eps_latest_yearly": 1.88,
            "eps_growth_yearly": 280.76
        },
        "20032": {
            "year_quarter": 20032,
            "year": 2003,
            "quarter": 2,
            "eps": 0.17,
            "eps_growth_year": -45.16,
            "eps_4q": 1.1,
            "eps_4q_growth_year": 102.54,
            "roe": 1.45,
            "roe_4q": 9.51,
            "gross_profit": 42143,
            "gross_margin": 8.38,
            "gross_margin_4q_avg": 10.89,
            "net_income": 20895,
            "revenue": 502603,
            "common_shares": 1451731,
            "book_valuer_per_share": 9.66,
            "book_valuer_per_share_4q_avg": 9.77,
            "equity": 1402858,
            "current_ratio": 100.11,
            "debt_ratio": 55.18,
            "inventory_turnover_ratio": 0.75,
            "account_receivable_turnover_ratio": null,
            "reinvestment_rate": 98.38,
            "research_to_sale_ratio": null,
            "price_fair": 41.3,
            "eps_avg_yearly": 1.18,
            "eps_latest_yearly": 0.68,
            "eps_growth_yearly": 191.41
        },
        "20033": {
            "year_quarter": 20033,
            "year": 2003,
            "quarter": 3,
            "eps": 0.39,
            "eps_growth_year": 44.44,
            "eps_4q": 1.22,
            "eps_4q_growth_year": 14.37,
            "roe": 3.35,
            "roe_4q": 10.46,
            "gross_profit": 46257,
            "gross_margin": 7.38,
            "gross_margin_4q_avg": 10.15,
            "net_income": 47967,
            "revenue": 626694,
            "common_shares": 1451731,
            "book_valuer_per_share": 10.08,
            "book_valuer_per_share_4q_avg": 9.9,
            "equity": 1462758,
            "current_ratio": 101.95,
            "debt_ratio": 56.32,
            "inventory_turnover_ratio": 1.01,
            "account_receivable_turnover_ratio": null,
            "reinvestment_rate": 105.19,
            "research_to_sale_ratio": null,
            "price_fair": 43.2,
            "eps_avg_yearly": 1.23,
            "eps_latest_yearly": 1.56,
            "eps_growth_yearly": 238.02
        },
        "20034": {
            "year_quarter": 20034,
            "year": 2003,
            "quarter": 4,
            "eps": 0.05,
            "eps_growth_year": -73.68,
            "eps_4q": 1.17,
            "eps_4q_growth_year": 1.23,
            "roe": 0.39,
            "roe_4q": 9.22,
            "gross_profit": 59628,
            "gross_margin": 8.07,
            "gross_margin_4q_avg": 9.32,
            "net_income": 5691,
            "revenue": 739088,
            "common_shares": 1451731,
            "book_valuer_per_share": 10.11,
            "book_valuer_per_share_4q_avg": 10,
            "equity": 1468171,
            "current_ratio": 106.39,
            "debt_ratio": 54.51,
            "inventory_turnover_ratio": 1.29,
            "account_receivable_turnover_ratio": null,
            "reinvestment_rate": 89.72,
            "research_to_sale_ratio": null,
            "price_fair": 38.68,
            "eps_avg_yearly": 1.11,
            "eps_latest_yearly": 0.2,
            "eps_growth_yearly": 164.67
        },
        "20041": {
            "year_quarter": 20041,
            "year": 2004,
            "quarter": 1,
            "eps": 0.35,
            "eps_growth_year": -25.53,
            "eps_4q": 0.94,
            "eps_4q_growth_year": -23.12,
            "roe": 2.95,
            "roe_4q": 8.14,
            "gross_profit": 56346,
            "gross_margin": 10.07,
            "gross_margin_4q_avg": 8.48,
            "net_income": 43886,
            "revenue": 559452,
            "common_shares": 1451731,
            "book_valuer_per_share": 10.41,
            "book_valuer_per_share_4q_avg": 10.07,
            "equity": 1510591,
            "current_ratio": 105.96,
            "debt_ratio": 54.45,
            "inventory_turnover_ratio": 0.85,
            "account_receivable_turnover_ratio": null,
            "reinvestment_rate": 42.6,
            "research_to_sale_ratio": null,
            "price_fair": 39.82,
            "eps_avg_yearly": 1.14,
            "eps_latest_yearly": 1.4,
            "eps_growth_yearly": 413.04
        },
        "20042": {
            "year_quarter": 20042,
            "year": 2004,
            "quarter": 2,
            "eps": 0.16,
            "eps_growth_year": -5.88,
            "eps_4q": 0.93,
            "eps_4q_growth_year": -15.63,
            "roe": 1.38,
            "roe_4q": 8.07,
            "gross_profit": 45128,
            "gross_margin": 7.15,
            "gross_margin_4q_avg": 8.17,
            "net_income": 20401,
            "revenue": 630735,
            "common_shares": 1451731,
            "book_valuer_per_share": 9.96,
            "book_valuer_per_share_4q_avg": 10.14,
            "equity": 1445930,
            "current_ratio": 100.05,
            "debt_ratio": 57.28,
            "inventory_turnover_ratio": 0.85,
            "account_receivable_turnover_ratio": null,
            "reinvestment_rate": 35.74,
            "research_to_sale_ratio": null,
            "price_fair": 38.08,
            "eps_avg_yearly": 1.09,
            "eps_latest_yearly": 0.64,
            "eps_growth_yearly": 350.03
        },
        "20043": {
            "year_quarter": 20043,
            "year": 2004,
            "quarter": 3,
            "eps": 0.4,
            "eps_growth_year": 2.56,
            "eps_4q": 0.97,
            "eps_4q_growth_year": -20.33,
            "roe": 3.33,
            "roe_4q": 8.05,
            "gross_profit": 69796,
            "gross_margin": 10.09,
            "gross_margin_4q_avg": 8.85,
            "net_income": 49090,
            "revenue": 691979,
            "common_shares": 1451731,
            "book_valuer_per_share": 10.37,
            "book_valuer_per_share_4q_avg": 10.21,
            "equity": 1505835,
            "current_ratio": 100.57,
            "debt_ratio": 56.33,
            "inventory_turnover_ratio": 0.92,
            "account_receivable_turnover_ratio": null,
            "reinvestment_rate": 49.73,
            "research_to_sale_ratio": null,
            "price_fair": 39.71,
            "eps_avg_yearly": 1.13,
            "eps_latest_yearly": 1.6,
            "eps_growth_yearly": 372.75
        },
        "20044": {
            "year_quarter": 20044,
            "year": 2004,
            "quarter": 4,
            "eps": 0.3,
            "eps_growth_year": 500,
            "eps_4q": 1.22,
            "eps_4q_growth_year": 5.03,
            "roe": 2.42,
            "roe_4q": 10.08,
            "gross_profit": 87333,
            "gross_margin": 11,
            "gross_margin_4q_avg": 9.58,
            "net_income": 36808,
            "revenue": 793840,
            "common_shares": 1451731,
            "book_valuer_per_share": 10.55,
            "book_valuer_per_share_4q_avg": 10.32,
            "equity": 1531158,
            "current_ratio": 104.54,
            "debt_ratio": 53.74,
            "inventory_turnover_ratio": 1.15,
            "account_receivable_turnover_ratio": null,
            "reinvestment_rate": 48.08,
            "research_to_sale_ratio": null,
            "price_fair": 39.9,
            "eps_avg_yearly": 1.14,
            "eps_latest_yearly": 1.2,
            "eps_growth_yearly": 333.35
        },
        "20051": {
            "year_quarter": 20051,
            "year": 2005,
            "quarter": 1,
            "eps": 0.32,
            "eps_growth_year": -8.57,
            "eps_4q": 1.17,
            "eps_4q_growth_year": 24.04,
            "roe": 2.58,
            "roe_4q": 9.71,
            "gross_profit": 51385,
            "gross_margin": 8.85,
            "gross_margin_4q_avg": 9.27,
            "net_income": 39943,
            "revenue": 580434,
            "common_shares": 1451731,
            "book_valuer_per_share": 10.81,
            "book_valuer_per_share_4q_avg": 10.42,
            "equity": 1569987,
            "current_ratio": 111.82,
            "debt_ratio": 53.86,
            "inventory_turnover_ratio": 0.85,
            "account_receivable_turnover_ratio": null,
            "reinvestment_rate": 41.84,
            "research_to_sale_ratio": null,
            "price_fair": 40.28,
            "eps_avg_yearly": 1.15,
            "eps_latest_yearly": 1.28,
            "eps_growth_yearly": 309.76
        },
        "20052": {
            "year_quarter": 20052,
            "year": 2005,
            "quarter": 2,
            "eps": 0.28,
            "eps_growth_year": 75,
            "eps_4q": 1.31,
            "eps_4q_growth_year": 41.57,
            "roe": 2.23,
            "roe_4q": 10.56,
            "gross_profit": 66201,
            "gross_margin": 9.78,
            "gross_margin_4q_avg": 9.93,
            "net_income": 34223,
            "revenue": 677231,
            "common_shares": 1451731,
            "book_valuer_per_share": 10.34,
            "book_valuer_per_share_4q_avg": 10.52,
            "equity": 1501017,
            "current_ratio": 110.92,
            "debt_ratio": 54.69,
            "inventory_turnover_ratio": 0.9,
            "account_receivable_turnover_ratio": null,
            "reinvestment_rate": 37.2,
            "research_to_sale_ratio": null,
            "price_fair": 40.2,
            "eps_avg_yearly": 1.15,
            "eps_latest_yearly": 1.12,
            "eps_growth_yearly": 284.07
        },
        "20053": {
            "year_quarter": 20053,
            "year": 2005,
            "quarter": 3,
            "eps": 0.34,
            "eps_growth_year": -15,
            "eps_4q": 1.24,
            "eps_4q_growth_year": 28.08,
            "roe": 2.73,
            "roe_4q": 9.96,
            "gross_profit": 84917,
            "gross_margin": 11.34,
            "gross_margin_4q_avg": 10.24,
            "net_income": 41799,
            "revenue": 749150,
            "common_shares": 1451731,
            "book_valuer_per_share": 10.76,
            "book_valuer_per_share_4q_avg": 10.62,
            "equity": 1562431,
            "current_ratio": 117.62,
            "debt_ratio": 52.07,
            "inventory_turnover_ratio": 1.02,
            "account_receivable_turnover_ratio": null,
            "reinvestment_rate": 23.02,
            "research_to_sale_ratio": null,
            "price_fair": 40.69,
            "eps_avg_yearly": 1.16,
            "eps_latest_yearly": 1.36,
            "eps_growth_yearly": 270.84
        },
        "20054": {
            "year_quarter": 20054,
            "year": 2005,
            "quarter": 4,
            "eps": 0.17,
            "eps_growth_year": -43.33,
            "eps_4q": 1.1,
            "eps_4q_growth_year": -10,
            "roe": 1.32,
            "roe_4q": 8.86,
            "gross_profit": 72581,
            "gross_margin": 9.61,
            "gross_margin_4q_avg": 9.9,
            "net_income": 21159,
            "revenue": 754938,
            "common_shares": 1451731,
            "book_valuer_per_share": 10.86,
            "book_valuer_per_share_4q_avg": 10.69,
            "equity": 1635393,
            "current_ratio": 117.41,
            "debt_ratio": 50.31,
            "inventory_turnover_ratio": 1.06,
            "account_receivable_turnover_ratio": null,
            "reinvestment_rate": 46.47,
            "research_to_sale_ratio": null,
            "price_fair": 39.64,
            "eps_avg_yearly": 1.13,
            "eps_latest_yearly": 0.68,
            "eps_growth_yearly": 241.41
        },
        "20061": {
            "year_quarter": 20061,
            "year": 2006,
            "quarter": 1,
            "eps": 0.25,
            "eps_growth_year": -21.88,
            "eps_4q": 1.03,
            "eps_4q_growth_year": -12.37,
            "roe": 1.93,
            "roe_4q": 8.21,
            "gross_profit": 77488,
            "gross_margin": 11.95,
            "gross_margin_4q_avg": 10.67,
            "net_income": 31282,
            "revenue": 648514,
            "common_shares": 1451731,
            "book_valuer_per_share": 11.06,
            "book_valuer_per_share_4q_avg": 10.76,
            "equity": 1605374,
            "current_ratio": 125.11,
            "debt_ratio": 48.68,
            "inventory_turnover_ratio": 0.85,
            "account_receivable_turnover_ratio": null,
            "reinvestment_rate": 16.15,
            "research_to_sale_ratio": null,
            "price_fair": 38.68,
            "eps_avg_yearly": 1.11,
            "eps_latest_yearly": 1,
            "eps_growth_yearly": 188.18
        },
        "20062": {
            "year_quarter": 20062,
            "year": 2006,
            "quarter": 2,
            "eps": 0.36,
            "eps_growth_year": 28.57,
            "eps_4q": 1.14,
            "eps_4q_growth_year": -12.77,
            "roe": 2.8,
            "roe_4q": 8.78,
            "gross_profit": 82718,
            "gross_margin": 11.73,
            "gross_margin_4q_avg": 11.16,
            "net_income": 43366,
            "revenue": 705080,
            "common_shares": 1202863,
            "book_valuer_per_share": 12.39,
            "book_valuer_per_share_4q_avg": 11.27,
            "equity": 1490168,
            "current_ratio": 102.07,
            "debt_ratio": 54.54,
            "inventory_turnover_ratio": 0.86,
            "account_receivable_turnover_ratio": null,
            "reinvestment_rate": 12.67,
            "research_to_sale_ratio": null,
            "price_fair": 39.11,
            "eps_avg_yearly": 1.12,
            "eps_latest_yearly": 1.44,
            "eps_growth_yearly": 202.65
        },
        "20063": {
            "year_quarter": 20063,
            "year": 2006,
            "quarter": 3,
            "eps": 0.27,
            "eps_growth_year": -20.59,
            "eps_4q": 1.07,
            "eps_4q_growth_year": -14.17,
            "roe": 2.15,
            "roe_4q": 8.2,
            "gross_profit": 73106,
            "gross_margin": 9.91,
            "gross_margin_4q_avg": 10.8,
            "net_income": 32472,
            "revenue": 737468,
            "common_shares": 1202863,
            "book_valuer_per_share": 12.68,
            "book_valuer_per_share_4q_avg": 11.75,
            "equity": 1525136,
            "current_ratio": 117.3,
            "debt_ratio": 52.36,
            "inventory_turnover_ratio": 0.87,
            "account_receivable_turnover_ratio": null,
            "reinvestment_rate": 2.4,
            "research_to_sale_ratio": null,
            "price_fair": 39.11,
            "eps_avg_yearly": 1.12,
            "eps_latest_yearly": 1.08,
            "eps_growth_yearly": 199.63
        },
        "20064": {
            "year_quarter": 20064,
            "year": 2006,
            "quarter": 4,
            "eps": 0.31,
            "eps_growth_year": 82.35,
            "eps_4q": 1.2,
            "eps_4q_growth_year": 8.49,
            "roe": 2.38,
            "roe_4q": 9.26,
            "gross_profit": 81551,
            "gross_margin": 10.87,
            "gross_margin_4q_avg": 11.12,
            "net_income": 37511,
            "revenue": 750509,
            "common_shares": 1202863,
            "book_valuer_per_share": 12.95,
            "book_valuer_per_share_4q_avg": 12.27,
            "equity": 1625902,
            "current_ratio": 157.05,
            "debt_ratio": 49.08,
            "inventory_turnover_ratio": 0.84,
            "account_receivable_turnover_ratio": null,
            "reinvestment_rate": -1.22,
            "research_to_sale_ratio": null,
            "price_fair": 40.16,
            "eps_avg_yearly": 1.15,
            "eps_latest_yearly": 1.24,
            "eps_growth_yearly": 210.74
        },
        "20071": {
            "year_quarter": 20071,
            "year": 2007,
            "quarter": 1,
            "eps": 0.25,
            "eps_growth_year": 0,
            "eps_4q": 1.18,
            "eps_4q_growth_year": 14.64,
            "roe": 1.9,
            "roe_4q": 9.23,
            "gross_profit": 77509,
            "gross_margin": 12.15,
            "gross_margin_4q_avg": 11.17,
            "net_income": 30570,
            "revenue": 638114,
            "common_shares": 1202863,
            "book_valuer_per_share": 13.22,
            "book_valuer_per_share_4q_avg": 12.81,
            "equity": 1590369,
            "current_ratio": 137.35,
            "debt_ratio": 49.99,
            "inventory_turnover_ratio": 0.64,
            "account_receivable_turnover_ratio": null,
            "reinvestment_rate": -41.86,
            "research_to_sale_ratio": null,
            "price_fair": 38.24,
            "eps_avg_yearly": 1.09,
            "eps_latest_yearly": 1,
            "eps_growth_yearly": 169.06
        },
        "20072": {
            "year_quarter": 20072,
            "year": 2007,
            "quarter": 2,
            "eps": 0.13,
            "eps_growth_year": -63.89,
            "eps_4q": 0.94,
            "eps_4q_growth_year": -17.36,
            "roe": 1.04,
            "roe_4q": 7.470000000000001,
            "gross_profit": 45120,
            "gross_margin": 6.94,
            "gross_margin_4q_avg": 9.97,
            "net_income": 16059,
            "revenue": 650412,
            "common_shares": 1202863,
            "book_valuer_per_share": 12.49,
            "book_valuer_per_share_4q_avg": 12.84,
            "equity": 1502310,
            "current_ratio": 115.09,
            "debt_ratio": 52.85,
            "inventory_turnover_ratio": 0.66,
            "account_receivable_turnover_ratio": null,
            "reinvestment_rate": -46.33,
            "research_to_sale_ratio": null,
            "price_fair": 37.89,
            "eps_avg_yearly": 1.08,
            "eps_latest_yearly": 0.52,
            "eps_growth_yearly": 173.02
        },
        "20073": {
            "year_quarter": 20073,
            "year": 2007,
            "quarter": 3,
            "eps": 0.29,
            "eps_growth_year": 7.41,
            "eps_4q": 1,
            "eps_4q_growth_year": -6.69,
            "roe": 2.28,
            "roe_4q": 7.6,
            "gross_profit": 79209,
            "gross_margin": 9.49,
            "gross_margin_4q_avg": 9.86,
            "net_income": 34598,
            "revenue": 834707,
            "common_shares": 1202863,
            "book_valuer_per_share": 12.77,
            "book_valuer_per_share_4q_avg": 12.86,
            "equity": 1536006,
            "current_ratio": 104.5,
            "debt_ratio": 50.52,
            "inventory_turnover_ratio": 0.93,
            "account_receivable_turnover_ratio": null,
            "reinvestment_rate": -65.01,
            "research_to_sale_ratio": null,
            "price_fair": 37.01,
            "eps_avg_yearly": 1.06,
            "eps_latest_yearly": 1.16,
            "eps_growth_yearly": 171.43
        },
        "20074": {
            "year_quarter": 20074,
            "year": 2007,
            "quarter": 4,
            "eps": 0.53,
            "eps_growth_year": 70.97,
            "eps_4q": 1.21,
            "eps_4q_growth_year": 1.37,
            "roe": 3.95,
            "roe_4q": 9.17,
            "gross_profit": 122912,
            "gross_margin": 12.51,
            "gross_margin_4q_avg": 10.27,
            "net_income": 63158,
            "revenue": 982723,
            "common_shares": 1202863,
            "book_valuer_per_share": 13.25,
            "book_valuer_per_share_4q_avg": 12.93,
            "equity": 1663093,
            "current_ratio": 126.28,
            "debt_ratio": 45.89,
            "inventory_turnover_ratio": 1.23,
            "account_receivable_turnover_ratio": null,
            "reinvestment_rate": -46.61,
            "research_to_sale_ratio": null,
            "price_fair": 41.21,
            "eps_avg_yearly": 1.18,
            "eps_latest_yearly": 2.12,
            "eps_growth_yearly": 213.92
        },
        "20081": {
            "year_quarter": 20081,
            "year": 2008,
            "quarter": 1,
            "eps": 0.32,
            "eps_growth_year": 28,
            "eps_4q": 1.26,
            "eps_4q_growth_year": 6.7,
            "roe": 2.31,
            "roe_4q": 9.579999999999998,
            "gross_profit": 107755,
            "gross_margin": 13.59,
            "gross_margin_4q_avg": 10.63,
            "net_income": 38701,
            "revenue": 792969,
            "common_shares": 1202863,
            "book_valuer_per_share": 13.5,
            "book_valuer_per_share_4q_avg": 13,
            "equity": 1691045,
            "current_ratio": 125.2,
            "debt_ratio": 48.21,
            "inventory_turnover_ratio": 0.91,
            "account_receivable_turnover_ratio": null,
            "reinvestment_rate": -41.11,
            "research_to_sale_ratio": null,
            "price_fair": 40.95,
            "eps_avg_yearly": 1.17,
            "eps_latest_yearly": 1.28,
            "eps_growth_yearly": 54.01
        },
        "20082": {
            "year_quarter": 20082,
            "year": 2008,
            "quarter": 2,
            "eps": 0.21,
            "eps_growth_year": 61.54,
            "eps_4q": 1.23,
            "eps_4q_growth_year": 29.82,
            "roe": 1.69,
            "roe_4q": 10.23,
            "gross_profit": 95482,
            "gross_margin": 10.87,
            "gross_margin_4q_avg": 11.62,
            "net_income": 27697,
            "revenue": 878670,
            "common_shares": 1202863,
            "book_valuer_per_share": 12.67,
            "book_valuer_per_share_4q_avg": 13.05,
            "equity": 1588095,
            "current_ratio": 128.78,
            "debt_ratio": 51.44,
            "inventory_turnover_ratio": 0.92,
            "account_receivable_turnover_ratio": null,
            "reinvestment_rate": -39.46,
            "research_to_sale_ratio": null,
            "price_fair": 41.39,
            "eps_avg_yearly": 1.18,
            "eps_latest_yearly": 0.84,
            "eps_growth_yearly": 58.99
        },
        "20083": {
            "year_quarter": 20083,
            "year": 2008,
            "quarter": 3,
            "eps": 0.46,
            "eps_growth_year": 58.62,
            "eps_4q": 1.43,
            "eps_4q_growth_year": 43.31,
            "roe": 3.63,
            "roe_4q": 11.580000000000002,
            "gross_profit": 120381,
            "gross_margin": 12.6,
            "gross_margin_4q_avg": 12.39,
            "net_income": 58912,
            "revenue": 955671,
            "common_shares": 1202863,
            "book_valuer_per_share": 13.22,
            "book_valuer_per_share_4q_avg": 13.16,
            "equity": 1657579,
            "current_ratio": 129.56,
            "debt_ratio": 48.27,
            "inventory_turnover_ratio": 1.02,
            "account_receivable_turnover_ratio": null,
            "reinvestment_rate": -54.77,
            "research_to_sale_ratio": null,
            "price_fair": 41.91,
            "eps_avg_yearly": 1.2,
            "eps_latest_yearly": 1.84,
            "eps_growth_yearly": 51.25
        },
        "20084": {
            "year_quarter": 20084,
            "year": 2008,
            "quarter": 4,
            "eps": 0.13,
            "eps_growth_year": -75.47,
            "eps_4q": 1.19,
            "eps_4q_growth_year": -1.6,
            "roe": 0.88,
            "roe_4q": 8.51,
            "gross_profit": 85509,
            "gross_margin": 10.9,
            "gross_margin_4q_avg": 11.99,
            "net_income": 14726,
            "revenue": 784847,
            "common_shares": 1202863,
            "book_valuer_per_share": 13.36,
            "book_valuer_per_share_4q_avg": 13.19,
            "equity": 1674914,
            "current_ratio": 146.74,
            "debt_ratio": 41.94,
            "inventory_turnover_ratio": 0.96,
            "account_receivable_turnover_ratio": 6.67,
            "reinvestment_rate": -68.12,
            "research_to_sale_ratio": null,
            "price_fair": 40.43,
            "eps_avg_yearly": 1.16,
            "eps_latest_yearly": 0.52,
            "eps_growth_yearly": 39.57
        },
        "20091": {
            "year_quarter": 20091,
            "year": 2009,
            "quarter": 1,
            "eps": 0.25,
            "eps_growth_year": -21.88,
            "eps_4q": 0.98,
            "eps_4q_growth_year": -22.27,
            "roe": 1.93,
            "roe_4q": 8.129999999999999,
            "gross_profit": 79806,
            "gross_margin": 12.07,
            "gross_margin_4q_avg": 11.61,
            "net_income": 32670,
            "revenue": 661038,
            "common_shares": 1202863,
            "book_valuer_per_share": 13.64,
            "book_valuer_per_share_4q_avg": 13.22,
            "equity": 1710962,
            "current_ratio": 149.44,
            "debt_ratio": 41.72,
            "inventory_turnover_ratio": 0.85,
            "account_receivable_turnover_ratio": 2.46,
            "reinvestment_rate": -69.44,
            "research_to_sale_ratio": null,
            "price_fair": 39.81,
            "eps_avg_yearly": 1.14,
            "eps_latest_yearly": 1,
            "eps_growth_yearly": 60.98
        },
        "20092": {
            "year_quarter": 20092,
            "year": 2009,
            "quarter": 2,
            "eps": 0.1,
            "eps_growth_year": -52.38,
            "eps_4q": 0.89,
            "eps_4q_growth_year": -27.45,
            "roe": 0.77,
            "roe_4q": 7.21,
            "gross_profit": 54852,
            "gross_margin": 9.36,
            "gross_margin_4q_avg": 11.23,
            "net_income": 12820,
            "revenue": 585831,
            "common_shares": 1202863,
            "book_valuer_per_share": 13,
            "book_valuer_per_share_4q_avg": 13.31,
            "equity": 1628850,
            "current_ratio": 146.69,
            "debt_ratio": 41.75,
            "inventory_turnover_ratio": 0.79,
            "account_receivable_turnover_ratio": 2.2,
            "reinvestment_rate": -72.31,
            "research_to_sale_ratio": null,
            "price_fair": 38.24,
            "eps_avg_yearly": 1.09,
            "eps_latest_yearly": 0.4,
            "eps_growth_yearly": 49.1
        },
        "20093": {
            "year_quarter": 20093,
            "year": 2009,
            "quarter": 3,
            "eps": 0.29,
            "eps_growth_year": -36.96,
            "eps_4q": 0.74,
            "eps_4q_growth_year": -48.37,
            "roe": 2.22,
            "roe_4q": 5.8,
            "gross_profit": 91017,
            "gross_margin": 11.24,
            "gross_margin_4q_avg": 10.89,
            "net_income": 36503,
            "revenue": 809675,
            "common_shares": 1202863,
            "book_valuer_per_share": 13.26,
            "book_valuer_per_share_4q_avg": 13.32,
            "equity": 1661791,
            "current_ratio": 153.85,
            "debt_ratio": 40.32,
            "inventory_turnover_ratio": 1.19,
            "account_receivable_turnover_ratio": 2.64,
            "reinvestment_rate": -65.52,
            "research_to_sale_ratio": null,
            "price_fair": 37.8,
            "eps_avg_yearly": 1.08,
            "eps_latest_yearly": 1.16,
            "eps_growth_yearly": 91.24
        },
        "20094": {
            "year_quarter": 20094,
            "year": 2009,
            "quarter": 4,
            "eps": 0.43,
            "eps_growth_year": 230.77,
            "eps_4q": 1.07,
            "eps_4q_growth_year": -10.51,
            "roe": 3.18,
            "roe_4q": 8.1,
            "gross_profit": 141291,
            "gross_margin": 15.85,
            "gross_margin_4q_avg": 12.13,
            "net_income": 53481,
            "revenue": 891468,
            "common_shares": 1202863,
            "book_valuer_per_share": 13.61,
            "book_valuer_per_share_4q_avg": 13.38,
            "equity": 1703666,
            "current_ratio": 167.61,
            "debt_ratio": 36.56,
            "inventory_turnover_ratio": 1.51,
            "account_receivable_turnover_ratio": 5.58,
            "reinvestment_rate": -76.79,
            "research_to_sale_ratio": null,
            "price_fair": 40.08,
            "eps_avg_yearly": 1.15,
            "eps_latest_yearly": 1.72,
            "eps_growth_yearly": 115.81
        },
        "20101": {
            "year_quarter": 20101,
            "year": 2010,
            "quarter": 1,
            "eps": 0.5,
            "eps_growth_year": 100,
            "eps_4q": 1.31,
            "eps_4q_growth_year": 34.26,
            "roe": 3.64,
            "roe_4q": 9.81,
            "gross_profit": 120964,
            "gross_margin": 13.92,
            "gross_margin_4q_avg": 12.59,
            "net_income": 62998,
            "revenue": 869154,
            "common_shares": 1202863,
            "book_valuer_per_share": 14.06,
            "book_valuer_per_share_4q_avg": 13.48,
            "equity": 1761358,
            "current_ratio": 151.39,
            "debt_ratio": 37.6,
            "inventory_turnover_ratio": 1.47,
            "account_receivable_turnover_ratio": 2.46,
            "reinvestment_rate": -32.52,
            "research_to_sale_ratio": 0.26,
            "price_fair": 42.26,
            "eps_avg_yearly": 1.21,
            "eps_latest_yearly": 2,
            "eps_growth_yearly": 108.12
        },
        "20102": {
            "year_quarter": 20102,
            "year": 2010,
            "quarter": 2,
            "eps": 0.68,
            "eps_growth_year": 575.06,
            "eps_4q": 1.88,
            "eps_4q_growth_year": 111.91,
            "roe": 4.76,
            "roe_4q": 13.8,
            "gross_profit": 158730,
            "gross_margin": 15.25,
            "gross_margin_4q_avg": 14.07,
            "net_income": 82898,
            "revenue": 1041004,
            "common_shares": 1202863,
            "book_valuer_per_share": 13.75,
            "book_valuer_per_share_4q_avg": 13.67,
            "equity": 1720558,
            "current_ratio": 127.56,
            "debt_ratio": 43.46,
            "inventory_turnover_ratio": 1.52,
            "account_receivable_turnover_ratio": 2.6,
            "reinvestment_rate": -10.09,
            "research_to_sale_ratio": 0.27,
            "price_fair": 45.06,
            "eps_avg_yearly": 1.29,
            "eps_latest_yearly": 2.72,
            "eps_growth_yearly": 106.12
        },
        "20103": {
            "year_quarter": 20103,
            "year": 2010,
            "quarter": 3,
            "eps": 1.13,
            "eps_growth_year": 289.23,
            "eps_4q": 2.73,
            "eps_4q_growth_year": 270.34,
            "roe": 7.77,
            "roe_4q": 19.349999999999998,
            "gross_profit": 224691,
            "gross_margin": 18.22,
            "gross_margin_4q_avg": 15.81,
            "net_income": 138790,
            "revenue": 1233446,
            "common_shares": 1202863,
            "book_valuer_per_share": 14.83,
            "book_valuer_per_share_4q_avg": 14.06,
            "equity": 1852064,
            "current_ratio": 151.61,
            "debt_ratio": 40.73,
            "inventory_turnover_ratio": 1.58,
            "account_receivable_turnover_ratio": 2.91,
            "reinvestment_rate": -10.04,
            "research_to_sale_ratio": 0.22,
            "price_fair": 52.59,
            "eps_avg_yearly": 1.5,
            "eps_latest_yearly": 4.52,
            "eps_growth_yearly": 128.91
        },
        "20104": {
            "year_quarter": 20104,
            "year": 2010,
            "quarter": 4,
            "eps": 0.94,
            "eps_growth_year": 117.44,
            "eps_4q": 3.24,
            "eps_4q_growth_year": 203.35,
            "roe": 6.02,
            "roe_4q": 22.189999999999998,
            "gross_profit": 192397,
            "gross_margin": 18,
            "gross_margin_4q_avg": 16.35,
            "net_income": 112909,
            "revenue": 1068714,
            "common_shares": 1202863,
            "book_valuer_per_share": 15.58,
            "book_valuer_per_share_4q_avg": 14.56,
            "equity": 1902077,
            "current_ratio": 147.87,
            "debt_ratio": 41.32,
            "inventory_turnover_ratio": 1.18,
            "account_receivable_turnover_ratio": 2.35,
            "reinvestment_rate": -11.05,
            "research_to_sale_ratio": 0.24,
            "price_fair": 58.1,
            "eps_avg_yearly": 1.66,
            "eps_latest_yearly": 3.76,
            "eps_growth_yearly": 121
        },
        "20111": {
            "year_quarter": 20111,
            "year": 2011,
            "quarter": 1,
            "eps": 1.05,
            "eps_growth_year": 110,
            "eps_4q": 3.79,
            "eps_4q_growth_year": 189.41,
            "roe": 6.47,
            "roe_4q": 25.019999999999996,
            "gross_profit": 194225,
            "gross_margin": 17.47,
            "gross_margin_4q_avg": 17.24,
            "net_income": 127055,
            "revenue": 1111748,
            "common_shares": 1202863,
            "book_valuer_per_share": 16.59,
            "book_valuer_per_share_4q_avg": 15.19,
            "equity": 2022590,
            "current_ratio": 161.1,
            "debt_ratio": 38.93,
            "inventory_turnover_ratio": 1.13,
            "account_receivable_turnover_ratio": 2.33,
            "reinvestment_rate": 13.58,
            "research_to_sale_ratio": 0.21,
            "price_fair": 65.1,
            "eps_avg_yearly": 1.86,
            "eps_latest_yearly": 4.2,
            "eps_growth_yearly": 128.77
        },
        "20112": {
            "year_quarter": 20112,
            "year": 2011,
            "quarter": 2,
            "eps": 0.97,
            "eps_growth_year": 43.12,
            "eps_4q": 4.08,
            "eps_4q_growth_year": 116.77,
            "roe": 6.04,
            "roe_4q": 26.3,
            "gross_profit": 189438,
            "gross_margin": 18.28,
            "gross_margin_4q_avg": 17.99,
            "net_income": 118362,
            "revenue": 1036553,
            "common_shares": 1202863,
            "book_valuer_per_share": 15.53,
            "book_valuer_per_share_4q_avg": 15.63,
            "equity": 1897234,
            "current_ratio": 123.09,
            "debt_ratio": 46.25,
            "inventory_turnover_ratio": 0.97,
            "account_receivable_turnover_ratio": 2.16,
            "reinvestment_rate": 27.99,
            "research_to_sale_ratio": 0.28,
            "price_fair": 72.45,
            "eps_avg_yearly": 2.07,
            "eps_latest_yearly": 3.88,
            "eps_growth_yearly": 138.86
        },
        "20113": {
            "year_quarter": 20113,
            "year": 2011,
            "quarter": 3,
            "eps": 0.91,
            "eps_growth_year": -19.68,
            "eps_4q": 3.86,
            "eps_4q_growth_year": 41.6,
            "roe": 5.84,
            "roe_4q": 24.369999999999997,
            "gross_profit": 169494,
            "gross_margin": 14.95,
            "gross_margin_4q_avg": 17.18,
            "net_income": 114256,
            "revenue": 1133537,
            "common_shares": 1202863,
            "book_valuer_per_share": 16.48,
            "book_valuer_per_share_4q_avg": 16.05,
            "equity": 2016024,
            "current_ratio": 133.8,
            "debt_ratio": 46.01,
            "inventory_turnover_ratio": 1.01,
            "account_receivable_turnover_ratio": 2.26,
            "reinvestment_rate": 35.72,
            "research_to_sale_ratio": 0.25,
            "price_fair": 77.88,
            "eps_avg_yearly": 2.23,
            "eps_latest_yearly": 3.64,
            "eps_growth_yearly": 106.55
        },
        "20114": {
            "year_quarter": 20114,
            "year": 2011,
            "quarter": 4,
            "eps": 0.6,
            "eps_growth_year": -35.94,
            "eps_4q": 3.53,
            "eps_4q_growth_year": 8.93,
            "roe": 3.63,
            "roe_4q": 21.979999999999997,
            "gross_profit": 132013,
            "gross_margin": 14.04,
            "gross_margin_4q_avg": 16.19,
            "net_income": 74405,
            "revenue": 940418,
            "common_shares": 1202863,
            "book_valuer_per_share": 16.99,
            "book_valuer_per_share_4q_avg": 16.4,
            "equity": 2078913,
            "current_ratio": 125.4,
            "debt_ratio": 45.54,
            "inventory_turnover_ratio": 0.83,
            "account_receivable_turnover_ratio": 2.12,
            "reinvestment_rate": 49.67,
            "research_to_sale_ratio": 0.35,
            "price_fair": 78.49,
            "eps_avg_yearly": 2.24,
            "eps_latest_yearly": 2.4,
            "eps_growth_yearly": 77.34
        },
        "20121": {
            "year_quarter": 20121,
            "year": 2012,
            "quarter": 1,
            "eps": 0.49,
            "eps_growth_year": -53.33,
            "eps_4q": 2.96,
            "eps_4q_growth_year": -22,
            "roe": 2.94,
            "roe_4q": 18.45,
            "gross_profit": 101974,
            "gross_margin": 11.93,
            "gross_margin_4q_avg": 14.8,
            "net_income": 61859,
            "revenue": 854790,
            "common_shares": 1202863,
            "book_valuer_per_share": 17.44,
            "book_valuer_per_share_4q_avg": 16.61,
            "equity": 2129618,
            "current_ratio": 123.42,
            "debt_ratio": 46.2,
            "inventory_turnover_ratio": 0.77,
            "account_receivable_turnover_ratio": 2.15,
            "reinvestment_rate": 50.79,
            "research_to_sale_ratio": 0.31,
            "price_fair": 79.98,
            "eps_avg_yearly": 2.29,
            "eps_latest_yearly": 1.96,
            "eps_growth_yearly": 82.66
        },
        "20122": {
            "year_quarter": 20122,
            "year": 2012,
            "quarter": 2,
            "eps": 0.45,
            "eps_growth_year": -53.77,
            "eps_4q": 2.44,
            "eps_4q_growth_year": -40.28,
            "roe": 2.94,
            "roe_4q": 15.35,
            "gross_profit": 121105,
            "gross_margin": 14.42,
            "gross_margin_4q_avg": 13.84,
            "net_income": 59589,
            "revenue": 839983,
            "common_shares": 1202863,
            "book_valuer_per_share": 15.72,
            "book_valuer_per_share_4q_avg": 16.66,
            "equity": 1929336,
            "current_ratio": 117.29,
            "debt_ratio": 50.79,
            "inventory_turnover_ratio": 0.7,
            "account_receivable_turnover_ratio": 1.94,
            "reinvestment_rate": 49.97,
            "research_to_sale_ratio": 0.44,
            "price_fair": 82.08,
            "eps_avg_yearly": 2.35,
            "eps_latest_yearly": 1.8,
            "eps_growth_yearly": 89.22
        },
        "20123": {
            "year_quarter": 20123,
            "year": 2012,
            "quarter": 3,
            "eps": 0.75,
            "eps_growth_year": -17.82,
            "eps_4q": 2.28,
            "eps_4q_growth_year": -41.03,
            "roe": 4.87,
            "roe_4q": 14.379999999999999,
            "gross_profit": 158933,
            "gross_margin": 14.7,
            "gross_margin_4q_avg": 13.77,
            "net_income": 96014,
            "revenue": 1081028,
            "common_shares": 1202863,
            "book_valuer_per_share": 16.4,
            "book_valuer_per_share_4q_avg": 16.64,
            "equity": 2016418,
            "current_ratio": 134.41,
            "debt_ratio": 47.75,
            "inventory_turnover_ratio": 0.95,
            "account_receivable_turnover_ratio": 2.21,
            "reinvestment_rate": 48.54,
            "research_to_sale_ratio": 0.25,
            "price_fair": 84.61,
            "eps_avg_yearly": 2.42,
            "eps_latest_yearly": 3,
            "eps_growth_yearly": 76.12
        },
        "20124": {
            "year_quarter": 20124,
            "year": 2012,
            "quarter": 4,
            "eps": 0.67,
            "eps_growth_year": 12.33,
            "eps_4q": 2.35,
            "eps_4q_growth_year": -33.31,
            "roe": 4.05,
            "roe_4q": 14.799999999999999,
            "gross_profit": 144548,
            "gross_margin": 13.78,
            "gross_margin_4q_avg": 13.71,
            "net_income": 83010,
            "revenue": 1048958,
            "common_shares": 1202863,
            "book_valuer_per_share": 16.94,
            "book_valuer_per_share_4q_avg": 16.63,
            "equity": 2082997,
            "current_ratio": 145.68,
            "debt_ratio": 44.7,
            "inventory_turnover_ratio": 1.08,
            "account_receivable_turnover_ratio": 2.31,
            "reinvestment_rate": 51.88,
            "research_to_sale_ratio": 0.27,
            "price_fair": 89.34,
            "eps_avg_yearly": 2.55,
            "eps_latest_yearly": 2.68,
            "eps_growth_yearly": 91.39
        },
        "20131": {
            "year_quarter": 20131,
            "year": 2013,
            "quarter": 1,
            "eps": 1.1,
            "eps_growth_year": 124.49,
            "eps_4q": 2.96,
            "eps_4q_growth_year": 0.05,
            "roe": 6.32,
            "roe_4q": 18.180000000000003,
            "gross_profit": 190211,
            "gross_margin": 17.56,
            "gross_margin_4q_avg": 15.12,
            "net_income": 135207,
            "revenue": 1082944,
            "common_shares": 1202863,
            "book_valuer_per_share": 17.92,
            "book_valuer_per_share_4q_avg": 16.75,
            "equity": 2196704,
            "current_ratio": 138.42,
            "debt_ratio": 45.32,
            "inventory_turnover_ratio": 1.09,
            "account_receivable_turnover_ratio": 2.36,
            "reinvestment_rate": 44.77,
            "research_to_sale_ratio": 0.27,
            "price_fair": 96.78,
            "eps_avg_yearly": 2.77,
            "eps_latest_yearly": 4.4,
            "eps_growth_yearly": 84.36
        },
        "20132": {
            "year_quarter": 20132,
            "year": 2013,
            "quarter": 2,
            "eps": 1.33,
            "eps_growth_year": 197.8,
            "eps_4q": 3.84,
            "eps_4q_growth_year": 57.56,
            "roe": 7.62,
            "roe_4q": 22.860000000000003,
            "gross_profit": 245556,
            "gross_margin": 19.53,
            "gross_margin_4q_avg": 16.39,
            "net_income": 163596,
            "revenue": 1257182,
            "common_shares": 1202863,
            "book_valuer_per_share": 17.04,
            "book_valuer_per_share_4q_avg": 17.08,
            "equity": 2095260,
            "current_ratio": 130.17,
            "debt_ratio": 48.38,
            "inventory_turnover_ratio": 1.21,
            "account_receivable_turnover_ratio": 2.21,
            "reinvestment_rate": 42.96,
            "research_to_sale_ratio": 0.31,
            "price_fair": 107.54,
            "eps_avg_yearly": 3.07,
            "eps_latest_yearly": 5.32,
            "eps_growth_yearly": 104.59
        },
        "20133": {
            "year_quarter": 20133,
            "year": 2013,
            "quarter": 3,
            "eps": 1.36,
            "eps_growth_year": 82.54,
            "eps_4q": 4.46,
            "eps_4q_growth_year": 95.81,
            "roe": 7.7,
            "roe_4q": 25.69,
            "gross_profit": 250613,
            "gross_margin": 19.53,
            "gross_margin_4q_avg": 17.6,
            "net_income": 167363,
            "revenue": 1283258,
            "common_shares": 1202863,
            "book_valuer_per_share": 18.39,
            "book_valuer_per_share_4q_avg": 17.57,
            "equity": 2253533,
            "current_ratio": 149.63,
            "debt_ratio": 45.31,
            "inventory_turnover_ratio": 1.21,
            "account_receivable_turnover_ratio": 2.47,
            "reinvestment_rate": 54.58,
            "research_to_sale_ratio": 0.25,
            "price_fair": 116.9,
            "eps_avg_yearly": 3.34,
            "eps_latest_yearly": 5.44,
            "eps_growth_yearly": 57.65
        },
        "20134": {
            "year_quarter": 20134,
            "year": 2013,
            "quarter": 4,
            "eps": 1.53,
            "eps_growth_year": 127.24,
            "eps_4q": 5.32,
            "eps_4q_growth_year": 126.07,
            "roe": 7.95,
            "roe_4q": 29.59,
            "gross_profit": 280046,
            "gross_margin": 21.59,
            "gross_margin_4q_avg": 19.55,
            "net_income": 186027,
            "revenue": 1297073,
            "common_shares": 1202863,
            "book_valuer_per_share": 19.83,
            "book_valuer_per_share_4q_avg": 18.3,
            "equity": 2429184,
            "current_ratio": 146.28,
            "debt_ratio": 44.3,
            "inventory_turnover_ratio": 1.08,
            "account_receivable_turnover_ratio": 2.91,
            "reinvestment_rate": 52.76,
            "research_to_sale_ratio": 0.3,
            "price_fair": 126.53,
            "eps_avg_yearly": 3.62,
            "eps_latest_yearly": 6.12,
            "eps_growth_yearly": 48.71
        },
        "20141": {
            "year_quarter": 20141,
            "year": 2014,
            "quarter": 1,
            "eps": 0.94,
            "eps_growth_year": -14.55,
            "eps_4q": 5.16,
            "eps_4q_growth_year": 74.32,
            "roe": 4.7,
            "roe_4q": 27.970000000000002,
            "gross_profit": 189042,
            "gross_margin": 19.52,
            "gross_margin_4q_avg": 20.04,
            "net_income": 117142,
            "revenue": 968295,
            "common_shares": 1202863,
            "book_valuer_per_share": 20.8,
            "book_valuer_per_share_4q_avg": 19.02,
            "equity": 2550749,
            "current_ratio": 142.62,
            "debt_ratio": 45.68,
            "inventory_turnover_ratio": 0.72,
            "account_receivable_turnover_ratio": 2.23,
            "reinvestment_rate": 47.93,
            "research_to_sale_ratio": 0.47,
            "price_fair": 130.38,
            "eps_avg_yearly": 3.73,
            "eps_latest_yearly": 3.76,
            "eps_growth_yearly": 34.99
        },
        "20142": {
            "year_quarter": 20142,
            "year": 2014,
            "quarter": 2,
            "eps": 1,
            "eps_growth_year": -24.81,
            "eps_4q": 4.83,
            "eps_4q_growth_year": 25.58,
            "roe": 5.21,
            "roe_4q": 25.56,
            "gross_profit": 232322,
            "gross_margin": 20.16,
            "gross_margin_4q_avg": 20.2,
            "net_income": 124225,
            "revenue": 1152170,
            "common_shares": 1202863,
            "book_valuer_per_share": 18.06,
            "book_valuer_per_share_4q_avg": 19.27,
            "equity": 2221064,
            "current_ratio": 111.62,
            "debt_ratio": 54.32,
            "inventory_turnover_ratio": 0.77,
            "account_receivable_turnover_ratio": 2.66,
            "reinvestment_rate": 48.99,
            "research_to_sale_ratio": 0.31,
            "price_fair": 133.18,
            "eps_avg_yearly": 3.81,
            "eps_latest_yearly": 4,
            "eps_growth_yearly": 27.59
        },
        "20143": {
            "year_quarter": 20143,
            "year": 2014,
            "quarter": 3,
            "eps": 1.02,
            "eps_growth_year": -25,
            "eps_4q": 4.48,
            "eps_4q_growth_year": 0.46,
            "roe": 5.53,
            "roe_4q": 23.39,
            "gross_profit": 197828,
            "gross_margin": 16.86,
            "gross_margin_4q_avg": 19.53,
            "net_income": 126410,
            "revenue": 1173548,
            "common_shares": 1202863,
            "book_valuer_per_share": 19.1,
            "book_valuer_per_share_4q_avg": 19.45,
            "equity": 2347428,
            "current_ratio": 131.62,
            "debt_ratio": 49.18,
            "inventory_turnover_ratio": 0.84,
            "account_receivable_turnover_ratio": 2.92,
            "reinvestment_rate": 52.01,
            "research_to_sale_ratio": 0.33,
            "price_fair": 81.39,
            "eps_avg_yearly": 3.78,
            "eps_latest_yearly": 4.08,
            "eps_growth_yearly": 11.55
        },
        "20144": {
            "year_quarter": 20144,
            "year": 2014,
            "quarter": 4,
            "eps": 0.7,
            "eps_growth_year": -54.03,
            "eps_4q": 3.65,
            "eps_4q_growth_year": -31.26,
            "roe": 3.66,
            "roe_4q": 19.1,
            "gross_profit": 161718,
            "gross_margin": 15.71,
            "gross_margin_4q_avg": 18.06,
            "net_income": 87689,
            "revenue": 1029154,
            "common_shares": 1202863,
            "book_valuer_per_share": 19.85,
            "book_valuer_per_share_4q_avg": 19.45,
            "equity": 2443297,
            "current_ratio": 135.5,
            "debt_ratio": 45.91,
            "inventory_turnover_ratio": 0.81,
            "account_receivable_turnover_ratio": 2.85,
            "reinvestment_rate": 54.1,
            "research_to_sale_ratio": 0.46,
            "price_fair": 66.57,
            "eps_avg_yearly": 3.72,
            "eps_latest_yearly": 2.8,
            "eps_growth_yearly": 7.91
        },
        "20151": {
            "year_quarter": 20151,
            "year": 2015,
            "quarter": 1,
            "eps": 0.89,
            "eps_growth_year": -5.32,
            "eps_4q": 3.61,
            "eps_4q_growth_year": -30.12,
            "roe": 4.46,
            "roe_4q": 18.860000000000003,
            "gross_profit": 193173,
            "gross_margin": 19.02,
            "gross_margin_4q_avg": 17.94,
            "net_income": 110983,
            "revenue": 1015474,
            "common_shares": 1202863,
            "book_valuer_per_share": 20.71,
            "book_valuer_per_share_4q_avg": 19.43,
            "equity": 2539121,
            "current_ratio": 148.24,
            "debt_ratio": 46.21,
            "inventory_turnover_ratio": 0.77,
            "account_receivable_turnover_ratio": 2.53,
            "reinvestment_rate": 57.38,
            "research_to_sale_ratio": 0.5,
            "price_fair": 80.05,
            "eps_avg_yearly": 3.68,
            "eps_latest_yearly": 3.56,
            "eps_growth_yearly": 11.77
        },
        "20152": {
            "year_quarter": 20152,
            "year": 2015,
            "quarter": 2,
            "eps": 1.46,
            "eps_growth_year": 46,
            "eps_4q": 4.07,
            "eps_4q_growth_year": -15.6,
            "roe": 7.48,
            "roe_4q": 21.130000000000003,
            "gross_profit": 278626,
            "gross_margin": 20.35,
            "gross_margin_4q_avg": 17.99,
            "net_income": 180830,
            "revenue": 1369413,
            "common_shares": 1202863,
            "book_valuer_per_share": 18.65,
            "book_valuer_per_share_4q_avg": 19.58,
            "equity": 2294234,
            "current_ratio": 116.91,
            "debt_ratio": 52.24,
            "inventory_turnover_ratio": 1,
            "account_receivable_turnover_ratio": 2.96,
            "reinvestment_rate": 44.33,
            "research_to_sale_ratio": 0.43,
            "price_fair": 133,
            "eps_avg_yearly": 3.8,
            "eps_latest_yearly": 5.84,
            "eps_growth_yearly": 29.68
        },
        "20153": {
            "year_quarter": 20153,
            "year": 2015,
            "quarter": 3,
            "eps": 1.12,
            "eps_growth_year": 9.8,
            "eps_4q": 4.18,
            "eps_4q_growth_year": -6.8,
            "roe": 5.91,
            "roe_4q": 21.51,
            "gross_profit": 239379,
            "gross_margin": 21.26,
            "gross_margin_4q_avg": 19.09,
            "net_income": 139964,
            "revenue": 1125770,
            "common_shares": 1202863,
            "book_valuer_per_share": 19.85,
            "book_valuer_per_share_4q_avg": 19.77,
            "equity": 2442594,
            "current_ratio": 125.13,
            "debt_ratio": 48.96,
            "inventory_turnover_ratio": 0.83,
            "account_receivable_turnover_ratio": 2.44,
            "reinvestment_rate": 37.87,
            "research_to_sale_ratio": 0.49,
            "price_fair": 134.84,
            "eps_avg_yearly": 3.85,
            "eps_latest_yearly": 4.48,
            "eps_growth_yearly": 25.41
        },
        "20154": {
            "year_quarter": 20154,
            "year": 2015,
            "quarter": 4,
            "eps": 1.08,
            "eps_growth_year": 53.21,
            "eps_4q": 4.55,
            "eps_4q_growth_year": 24.5,
            "roe": 5.28,
            "roe_4q": 23.130000000000003,
            "gross_profit": 238333,
            "gross_margin": 20.95,
            "gross_margin_4q_avg": 20.4,
            "net_income": 132133,
            "revenue": 1137851,
            "common_shares": 1202863,
            "book_valuer_per_share": 20.86,
            "book_valuer_per_share_4q_avg": 20.02,
            "equity": 2562443,
            "current_ratio": 133.94,
            "debt_ratio": 46.23,
            "inventory_turnover_ratio": 0.84,
            "account_receivable_turnover_ratio": 2.81,
            "reinvestment_rate": 23.38,
            "research_to_sale_ratio": 0.53,
            "price_fair": 139.04,
            "eps_avg_yearly": 3.97,
            "eps_latest_yearly": 4.32,
            "eps_growth_yearly": 33.03
        },
        "20161": {
            "year_quarter": 20161,
            "year": 2016,
            "quarter": 1,
            "eps": 1.05,
            "eps_growth_year": 17.98,
            "eps_4q": 4.7,
            "eps_4q_growth_year": 30.45,
            "roe": 4.91,
            "roe_4q": 23.580000000000002,
            "gross_profit": 223108,
            "gross_margin": 21.6,
            "gross_margin_4q_avg": 21.04,
            "net_income": 128652,
            "revenue": 1033091,
            "common_shares": 1202863,
            "book_valuer_per_share": 21.85,
            "book_valuer_per_share_4q_avg": 20.3,
            "equity": 2682961,
            "current_ratio": 130.12,
            "debt_ratio": 45.39,
            "inventory_turnover_ratio": 0.74,
            "account_receivable_turnover_ratio": 2.7,
            "reinvestment_rate": 29.36,
            "research_to_sale_ratio": 0.67,
            "price_fair": 143.94,
            "eps_avg_yearly": 4.11,
            "eps_latest_yearly": 4.2,
            "eps_growth_yearly": 36.92
        },
        "20162": {
            "year_quarter": 20162,
            "year": 2016,
            "quarter": 2,
            "eps": 1.15,
            "eps_growth_year": -21.23,
            "eps_4q": 4.39,
            "eps_4q_growth_year": 7.83,
            "roe": 5.6,
            "roe_4q": 21.7,
            "gross_profit": 243800,
            "gross_margin": 21.46,
            "gross_margin_4q_avg": 21.32,
            "net_income": 141694,
            "revenue": 1135928,
            "common_shares": 1202863,
            "book_valuer_per_share": 19.41,
            "book_valuer_per_share_4q_avg": 20.49,
            "equity": 2382055,
            "current_ratio": 110.64,
            "debt_ratio": 52.1,
            "inventory_turnover_ratio": 0.77,
            "account_receivable_turnover_ratio": 2.81,
            "reinvestment_rate": 25.9,
            "research_to_sale_ratio": 0.57,
            "price_fair": 150.06,
            "eps_avg_yearly": 4.29,
            "eps_latest_yearly": 4.6,
            "eps_growth_yearly": 41.34
        },
        "20163": {
            "year_quarter": 20163,
            "year": 2016,
            "quarter": 3,
            "eps": 1.17,
            "eps_growth_year": 4.46,
            "eps_4q": 4.44,
            "eps_4q_growth_year": 6.38,
            "roe": 5.87,
            "roe_4q": 21.66,
            "gross_profit": 238296,
            "gross_margin": 20,
            "gross_margin_4q_avg": 21,
            "net_income": 143794,
            "revenue": 1191488,
            "common_shares": 1202863,
            "book_valuer_per_share": 20.54,
            "book_valuer_per_share_4q_avg": 20.67,
            "equity": 2519664,
            "current_ratio": 117.46,
            "debt_ratio": 48.8,
            "inventory_turnover_ratio": 0.82,
            "account_receivable_turnover_ratio": 2.92,
            "reinvestment_rate": 24.51,
            "research_to_sale_ratio": 0.49,
            "price_fair": 153.74,
            "eps_avg_yearly": 4.39,
            "eps_latest_yearly": 4.68,
            "eps_growth_yearly": 25.11
        },
        "20164": {
            "year_quarter": 20164,
            "year": 2016,
            "quarter": 4,
            "eps": 1,
            "eps_growth_year": -6.83,
            "eps_4q": 4.37,
            "eps_4q_growth_year": -3.98,
            "roe": 4.74,
            "roe_4q": 21.12,
            "gross_profit": 202775,
            "gross_margin": 17.81,
            "gross_margin_4q_avg": 20.22,
            "net_income": 122317,
            "revenue": 1138657,
            "common_shares": 1202863,
            "book_valuer_per_share": 21.49,
            "book_valuer_per_share_4q_avg": 20.82,
            "equity": 2636145,
            "current_ratio": 132.77,
            "debt_ratio": 44.94,
            "inventory_turnover_ratio": 0.85,
            "account_receivable_turnover_ratio": 2.78,
            "reinvestment_rate": 26.82,
            "research_to_sale_ratio": 0.55,
            "price_fair": 152.79,
            "eps_avg_yearly": 4.48,
            "eps_latest_yearly": 4,
            "eps_growth_yearly": 24.14
        },
        "20171": {
            "year_quarter": 20171,
            "year": 2017,
            "quarter": 1,
            "eps": 1.15,
            "eps_growth_year": 9.52,
            "eps_4q": 4.47,
            "eps_4q_growth_year": -4.97,
            "roe": 5.21,
            "roe_4q": 21.42,
            "gross_profit": 242939,
            "gross_margin": 22.72,
            "gross_margin_4q_avg": 20.5,
            "net_income": 140647,
            "revenue": 1069368,
            "common_shares": 1202863,
            "book_valuer_per_share": 22.54,
            "book_valuer_per_share_4q_avg": 21,
            "equity": 2762842,
            "current_ratio": 131.07,
            "debt_ratio": 45.83,
            "inventory_turnover_ratio": 0.74,
            "account_receivable_turnover_ratio": 2.37,
            "reinvestment_rate": 28.5,
            "research_to_sale_ratio": 0.65,
            "price_fair": 98.05,
            "eps_avg_yearly": 4.49,
            "eps_latest_yearly": 4.6,
            "eps_growth_yearly": 11.85
        },
        "20172": {
            "year_quarter": 20172,
            "year": 2017,
            "quarter": 2,
            "eps": 1.23,
            "eps_growth_year": 6.96,
            "eps_4q": 4.55,
            "eps_4q_growth_year": 3.65,
            "roe": 5.77,
            "roe_4q": 21.59,
            "gross_profit": 251778,
            "gross_margin": 21.11,
            "gross_margin_4q_avg": 20.41,
            "net_income": 151221,
            "revenue": 1192429,
            "common_shares": 1202863,
            "book_valuer_per_share": 20.19,
            "book_valuer_per_share_4q_avg": 21.19,
            "equity": 2477591,
            "current_ratio": 106.56,
            "debt_ratio": 54.43,
            "inventory_turnover_ratio": 0.77,
            "account_receivable_turnover_ratio": 2.54,
            "reinvestment_rate": 39.58,
            "research_to_sale_ratio": 0.45,
            "price_fair": 81.94,
            "eps_avg_yearly": 4.46,
            "eps_latest_yearly": 4.92,
            "eps_growth_yearly": 8.36
        },
        "20173": {
            "year_quarter": 20173,
            "year": 2017,
            "quarter": 3,
            "eps": 1.09,
            "eps_growth_year": -6.84,
            "eps_4q": 4.48,
            "eps_4q_growth_year": 0.77,
            "roe": 5.28,
            "roe_4q": 21,
            "gross_profit": 220113,
            "gross_margin": 19.06,
            "gross_margin_4q_avg": 20.18,
            "net_income": 134423,
            "revenue": 1154683,
            "common_shares": 1202863,
            "book_valuer_per_share": 21.29,
            "book_valuer_per_share_4q_avg": 21.38,
            "equity": 2612301,
            "current_ratio": 124.16,
            "debt_ratio": 50.08,
            "inventory_turnover_ratio": 0.75,
            "account_receivable_turnover_ratio": 2.56,
            "reinvestment_rate": 29.52,
            "research_to_sale_ratio": 0.42,
            "price_fair": 65.71,
            "eps_avg_yearly": 4.4,
            "eps_latest_yearly": 4.36,
            "eps_growth_yearly": 4.95
        },
        "20174": {
            "year_quarter": 20174,
            "year": 2017,
            "quarter": 4,
            "eps": 0.76,
            "eps_growth_year": -24.02,
            "eps_4q": 4.24,
            "eps_4q_growth_year": -3.05,
            "roe": 3.54,
            "roe_4q": 19.8,
            "gross_profit": 191784,
            "gross_margin": 16.85,
            "gross_margin_4q_avg": 19.94,
            "net_income": 94126,
            "revenue": 1137905,
            "common_shares": 1202863,
            "book_valuer_per_share": 22.05,
            "book_valuer_per_share_4q_avg": 21.52,
            "equity": 2705404,
            "current_ratio": 124.13,
            "debt_ratio": 49,
            "inventory_turnover_ratio": 0.76,
            "account_receivable_turnover_ratio": 2.41,
            "reinvestment_rate": 25.56,
            "research_to_sale_ratio": 0.42,
            "price_fair": 12.61,
            "eps_avg_yearly": 4.2,
            "eps_latest_yearly": 3.04,
            "eps_growth_yearly": -5.74
        },
        "20181": {
            "year_quarter": 20181,
            "year": 2018,
            "quarter": 1,
            "eps": 0.66,
            "eps_growth_year": -42.61,
            "eps_4q": 3.75,
            "eps_4q_growth_year": -16.11,
            "roe": 3.01,
            "roe_4q": 17.6,
            "gross_profit": 178852,
            "gross_margin": 16.76,
            "gross_margin_4q_avg": 18.45,
            "net_income": 82557,
            "revenue": 1067034,
            "common_shares": 1202863,
            "book_valuer_per_share": 22.67,
            "book_valuer_per_share_4q_avg": 21.55,
            "equity": 2781687,
            "current_ratio": 128.22,
            "debt_ratio": 49.68,
            "inventory_turnover_ratio": 0.68,
            "account_receivable_turnover_ratio": 2.18,
            "reinvestment_rate": 20.89,
            "research_to_sale_ratio": 0.54,
            "price_fair": 41.33,
            "eps_avg_yearly": 4.13,
            "eps_latest_yearly": 2.64,
            "eps_growth_yearly": 0.61
        },
        "20182": {
            "year_quarter": 20182,
            "year": 2018,
            "quarter": 2,
            "eps": 0.73,
            "eps_growth_year": -40.65,
            "eps_4q": 3.25,
            "eps_4q_growth_year": -28.71,
            "roe": 3.44,
            "roe_4q": 15.27,
            "gross_profit": 167361,
            "gross_margin": 15.69,
            "gross_margin_4q_avg": 17.09,
            "net_income": 91261,
            "revenue": 1066749,
            "common_shares": 1202863,
            "book_valuer_per_share": 20.46,
            "book_valuer_per_share_4q_avg": 21.62,
            "equity": 2522258,
            "current_ratio": 118.96,
            "debt_ratio": 55.94,
            "inventory_turnover_ratio": 0.64,
            "account_receivable_turnover_ratio": 2.34,
            "reinvestment_rate": 20.92,
            "research_to_sale_ratio": 0.4,
            "price_fair": 47.42,
            "eps_avg_yearly": 4.07,
            "eps_latest_yearly": 2.92,
            "eps_growth_yearly": 1.66
        },
        "20183": {
            "year_quarter": 20183,
            "year": 2018,
            "quarter": 3,
            "eps": 0.47,
            "eps_growth_year": -56.88,
            "eps_4q": 2.62,
            "eps_4q_growth_year": -41.45,
            "roe": 2.31,
            "roe_4q": 12.3,
            "gross_profit": 155588,
            "gross_margin": 16.29,
            "gross_margin_4q_avg": 16.4,
            "net_income": 58841,
            "revenue": 954931,
            "common_shares": 1202863,
            "book_valuer_per_share": 20.92,
            "book_valuer_per_share_4q_avg": 21.53,
            "equity": 2573431,
            "current_ratio": 116.44,
            "debt_ratio": 55.24,
            "inventory_turnover_ratio": 0.54,
            "account_receivable_turnover_ratio": 2.37,
            "reinvestment_rate": 19.88,
            "research_to_sale_ratio": 0.43,
            "price_fair": 11.78,
            "eps_avg_yearly": 3.93,
            "eps_latest_yearly": 1.88,
            "eps_growth_yearly": -7.74
        },
        "20184": {
            "year_quarter": 20184,
            "year": 2018,
            "quarter": 4,
            "eps": 0.68,
            "eps_growth_year": -11.04,
            "eps_4q": 2.54,
            "eps_4q_growth_year": -40.11,
            "roe": 3.12,
            "roe_4q": 11.879999999999999,
            "gross_profit": 160429,
            "gross_margin": 16.99,
            "gross_margin_4q_avg": 16.43,
            "net_income": 81748,
            "revenue": 944274,
            "common_shares": 1202863,
            "book_valuer_per_share": 21.62,
            "book_valuer_per_share_4q_avg": 21.42,
            "equity": 2659284,
            "current_ratio": 116.5,
            "debt_ratio": 53,
            "inventory_turnover_ratio": 0.54,
            "account_receivable_turnover_ratio": 2.42,
            "reinvestment_rate": 17.27,
            "research_to_sale_ratio": 0.41,
            "price_fair": 83.45,
            "eps_avg_yearly": 3.92,
            "eps_latest_yearly": 2.72,
            "eps_growth_yearly": 11.27
        },
        "20191": {
            "year_quarter": 20191,
            "year": 2019,
            "quarter": 1,
            "eps": 0.48,
            "eps_growth_year": -27.27,
            "eps_4q": 2.35,
            "eps_4q_growth_year": -37.31,
            "roe": 2.21,
            "roe_4q": 11.08,
            "gross_profit": 127468,
            "gross_margin": 14.68,
            "gross_margin_4q_avg": 15.91,
            "net_income": 59330,
            "revenue": 868326,
            "common_shares": 1202863,
            "book_valuer_per_share": 22.11,
            "book_valuer_per_share_4q_avg": 21.28,
            "equity": 2719593,
            "current_ratio": 114.24,
            "debt_ratio": 53.41,
            "inventory_turnover_ratio": 0.51,
            "account_receivable_turnover_ratio": 2.29,
            "reinvestment_rate": 15.6,
            "research_to_sale_ratio": 0.45,
            "price_fair": 11.46,
            "eps_avg_yearly": 3.82,
            "eps_latest_yearly": 1.92,
            "eps_growth_yearly": -2.86
        },
        "20192": {
            "year_quarter": 20192,
            "year": 2019,
            "quarter": 2,
            "eps": 0.52,
            "eps_growth_year": -28.77,
            "eps_4q": 2.15,
            "eps_4q_growth_year": -33.83,
            "roe": 2.47,
            "roe_4q": 10.11,
            "gross_profit": 129994,
            "gross_margin": 14.32,
            "gross_margin_4q_avg": 15.57,
            "net_income": 65122,
            "revenue": 907743,
            "common_shares": 1202863,
            "book_valuer_per_share": 20.64,
            "book_valuer_per_share_4q_avg": 21.32,
            "equity": 2545316,
            "current_ratio": 114.66,
            "debt_ratio": 55.93,
            "inventory_turnover_ratio": 0.52,
            "account_receivable_turnover_ratio": 2.45,
            "reinvestment_rate": 15.36,
            "research_to_sale_ratio": 0.45,
            "price_fair": 10.76,
            "eps_avg_yearly": 3.59,
            "eps_latest_yearly": 2.08,
            "eps_growth_yearly": -16.79
        },
        "20193": {
            "year_quarter": 20193,
            "year": 2019,
            "quarter": 3,
            "eps": 0.52,
            "eps_growth_year": 10.64,
            "eps_4q": 2.2,
            "eps_4q_growth_year": -15.95,
            "roe": 2.49,
            "roe_4q": 10.290000000000001,
            "gross_profit": 129966,
            "gross_margin": 13.48,
            "gross_margin_4q_avg": 14.87,
            "net_income": 64029,
            "revenue": 963996,
            "common_shares": 1202863,
            "book_valuer_per_share": 21.17,
            "book_valuer_per_share_4q_avg": 21.39,
            "equity": 2606791,
            "current_ratio": 113.19,
            "debt_ratio": 54.67,
            "inventory_turnover_ratio": 0.57,
            "account_receivable_turnover_ratio": 2.1,
            "reinvestment_rate": 17.89,
            "research_to_sale_ratio": 0.36,
            "price_fair": 10.31,
            "eps_avg_yearly": 3.44,
            "eps_latest_yearly": 2.08,
            "eps_growth_yearly": -10.97
        },
        "20194": {
            "year_quarter": 20194,
            "year": 2019,
            "quarter": 4,
            "eps": 0.22,
            "eps_growth_year": -67.01,
            "eps_4q": 1.75,
            "eps_4q_growth_year": -31.08,
            "roe": 1.02,
            "roe_4q": 8.190000000000001,
            "gross_profit": 94715,
            "gross_margin": 11.5,
            "gross_margin_4q_avg": 13.5,
            "net_income": 26685,
            "revenue": 823667,
            "common_shares": 1202863,
            "book_valuer_per_share": 21.32,
            "book_valuer_per_share_4q_avg": 21.31,
            "equity": 2623275,
            "current_ratio": 111.82,
            "debt_ratio": 55.32,
            "inventory_turnover_ratio": 0.49,
            "account_receivable_turnover_ratio": 1.91,
            "reinvestment_rate": 19.67,
            "research_to_sale_ratio": 0.38,
            "price_fair": 9.66,
            "eps_avg_yearly": 3.22,
            "eps_latest_yearly": 0.88,
            "eps_growth_yearly": -24.5
        },
        "20201": {
            "year_quarter": 20201,
            "year": 2020,
            "quarter": 1,
            "eps": 0.23,
            "eps_growth_year": -52.08,
            "eps_4q": 1.5,
            "eps_4q_growth_year": -36.1,
            "roe": 1.07,
            "roe_4q": 7.050000000000001,
            "gross_profit": 76988,
            "gross_margin": 10.27,
            "gross_margin_4q_avg": 12.39,
            "net_income": 28118,
            "revenue": 749497,
            "common_shares": 1202863,
            "book_valuer_per_share": 21.53,
            "book_valuer_per_share_4q_avg": 21.17,
            "equity": 2648366,
            "current_ratio": 112.7,
            "debt_ratio": 56.31,
            "inventory_turnover_ratio": 0.43,
            "account_receivable_turnover_ratio": 2.24,
            "reinvestment_rate": 8.76,
            "research_to_sale_ratio": 0.5,
            "price_fair": 9.05,
            "eps_avg_yearly": 3.02,
            "eps_latest_yearly": 0.92,
            "eps_growth_yearly": -22.67
        },
        "20202": {
            "year_quarter": 20202,
            "year": 2020,
            "quarter": 2,
            "eps": -0.12,
            "eps_growth_year": -123.08,
            "eps_4q": 0.86,
            "eps_4q_growth_year": -59.93,
            "roe": -0.52,
            "roe_4q": 4.0600000000000005,
            "gross_profit": 7706,
            "gross_margin": 1.35,
            "gross_margin_4q_avg": 9.15,
            "net_income": -13462,
            "revenue": 572451,
            "common_shares": 1202863,
            "book_valuer_per_share": 20.21,
            "book_valuer_per_share_4q_avg": 21.06,
            "equity": 2490579,
            "current_ratio": 107.46,
            "debt_ratio": 58.25,
            "inventory_turnover_ratio": 0.35,
            "account_receivable_turnover_ratio": 1.7,
            "reinvestment_rate": 9.92,
            "research_to_sale_ratio": 0.5,
            "price_fair": 8.73,
            "eps_avg_yearly": 2.91,
            "eps_latest_yearly": 0.92,
            "eps_growth_yearly": -26.72
        },
        "20203": {
            "year_quarter": 20203,
            "year": 2020,
            "quarter": 3,
            "eps": 0.09,
            "eps_growth_year": -82.69,
            "eps_4q": 0.43,
            "eps_4q_growth_year": -80.36,
            "roe": 0.47,
            "roe_4q": 2.04,
            "gross_profit": 77429,
            "gross_margin": 9.05,
            "gross_margin_4q_avg": 8.04,
            "net_income": 11627,
            "revenue": 855822,
            "common_shares": 1202863,
            "book_valuer_per_share": 20.28,
            "book_valuer_per_share_4q_avg": 20.84,
            "equity": 2495043,
            "current_ratio": 116.15,
            "debt_ratio": 59.23,
            "inventory_turnover_ratio": 0.51,
            "account_receivable_turnover_ratio": 2.37,
            "reinvestment_rate": 8.73,
            "research_to_sale_ratio": 0.34,
            "price_fair": 8.35,
            "eps_avg_yearly": 2.78,
            "eps_latest_yearly": 0.92,
            "eps_growth_yearly": -29.13
        },
        "20204": {
            "year_quarter": 20204,
            "year": 2020,
            "quarter": 4,
            "eps": 0.49,
            "eps_growth_year": 120.38,
            "eps_4q": 0.7,
            "eps_4q_growth_year": -59.85,
            "roe": 2.38,
            "roe_4q": 3.3999999999999995,
            "gross_profit": 90016,
            "gross_margin": 9.24,
            "gross_margin_4q_avg": 7.48,
            "net_income": 60079,
            "revenue": 973907,
            "common_shares": 1202863,
            "book_valuer_per_share": 20.74,
            "book_valuer_per_share_4q_avg": 20.69,
            "equity": 2551515,
            "current_ratio": 125.41,
            "debt_ratio": 57.87,
            "inventory_turnover_ratio": 0.61,
            "account_receivable_turnover_ratio": 2.25,
            "reinvestment_rate": 20.66,
            "research_to_sale_ratio": 0.33,
            "price_fair": 92.3,
            "eps_avg_yearly": 2.64,
            "eps_latest_yearly": 1.96,
            "eps_growth_yearly": 102.01
        },
        "20211": {
            "year_quarter": 20211,
            "year": 2021,
            "quarter": 1,
            "eps": 0.49,
            "eps_growth_year": 113.04,
            "eps_4q": 0.96,
            "eps_4q_growth_year": -36.08,
            "roe": 2.31,
            "roe_4q": 4.639999999999999,
            "gross_profit": 126758,
            "gross_margin": 11.65,
            "gross_margin_4q_avg": 7.82,
            "net_income": 59677,
            "revenue": 1088083,
            "common_shares": 1202863,
            "book_valuer_per_share": 21.24,
            "book_valuer_per_share_4q_avg": 20.62,
            "equity": 2611713,
            "current_ratio": 125.49,
            "debt_ratio": 57.31,
            "inventory_turnover_ratio": 0.67,
            "account_receivable_turnover_ratio": 2.14,
            "reinvestment_rate": 41.5,
            "research_to_sale_ratio": 0.29,
            "price_fair": 85.7,
            "eps_avg_yearly": 2.45,
            "eps_latest_yearly": 1.96,
            "eps_growth_yearly": 97.72
        },
        "20212": {
            "year_quarter": 20212,
            "year": 2021,
            "quarter": 2,
            "eps": 0.8,
            "eps_growth_year": null,
            "eps_4q": 1.87,
            "eps_4q_growth_year": 117.74,
            "roe": 3.68,
            "roe_4q": 8.840000000000002,
            "gross_profit": 193082,
            "gross_margin": 14.51,
            "gross_margin_4q_avg": 11.11,
            "net_income": 97799,
            "revenue": 1330926,
            "common_shares": 1202863,
            "book_valuer_per_share": 22,
            "book_valuer_per_share_4q_avg": 21.07,
            "equity": 2704323,
            "current_ratio": 134.48,
            "debt_ratio": 56.28,
            "inventory_turnover_ratio": 0.79,
            "account_receivable_turnover_ratio": 2.4,
            "reinvestment_rate": 14.55,
            "research_to_sale_ratio": 0.31,
            "price_fair": 81.4,
            "eps_avg_yearly": 2.33,
            "eps_latest_yearly": 3.2,
            "eps_growth_yearly": 113.81
        },
        "20213": {
            "year_quarter": 20213,
            "year": 2021,
            "quarter": 3,
            "eps": 0.68,
            "eps_growth_year": 655.56,
            "eps_4q": 2.46,
            "eps_4q_growth_year": 468.67,
            "roe": 3.08,
            "roe_4q": 11.45,
            "gross_profit": 156010,
            "gross_margin": 12.11,
            "gross_margin_4q_avg": 11.88,
            "net_income": 82749,
            "revenue": 1288647,
            "common_shares": 1202863,
            "book_valuer_per_share": 21.7,
            "book_valuer_per_share_4q_avg": 21.42,
            "equity": 2669027,
            "current_ratio": 136.87,
            "debt_ratio": 55.46,
            "inventory_turnover_ratio": 0.83,
            "account_receivable_turnover_ratio": 2.39,
            "reinvestment_rate": 8.57,
            "research_to_sale_ratio": 0.28,
            "price_fair": 77.3,
            "eps_avg_yearly": 2.21,
            "eps_latest_yearly": 2.72,
            "eps_growth_yearly": 112.78
        },
        "20214": {
            "year_quarter": 20214,
            "year": 2021,
            "quarter": 4,
            "eps": 0.67,
            "eps_growth_year": 36.5,
            "eps_4q": 2.64,
            "eps_4q_growth_year": 276.17,
            "roe": 3.01,
            "roe_4q": 12.08,
            "gross_profit": 162918,
            "gross_margin": 12.37,
            "gross_margin_4q_avg": 12.66,
            "net_income": 81566,
            "revenue": 1316636,
            "common_shares": 1202863,
            "book_valuer_per_share": 22.39,
            "book_valuer_per_share_4q_avg": 21.83,
            "equity": 2747979,
            "current_ratio": 143.24,
            "debt_ratio": 54.18,
            "inventory_turnover_ratio": 0.87,
            "account_receivable_turnover_ratio": 2.38,
            "reinvestment_rate": 13.96,
            "research_to_sale_ratio": 0.3,
            "price_fair": 76.4,
            "eps_avg_yearly": 2.18,
            "eps_latest_yearly": 2.68,
            "eps_growth_yearly": 121.01
        },
        "20221": {
            "year_quarter": 20221,
            "year": 2022,
            "quarter": 1,
            "eps": 0.55,
            "eps_growth_year": 12.24,
            "eps_4q": 2.7,
            "eps_4q_growth_year": 181.7,
            "roe": 2.45,
            "roe_4q": 12.219999999999999,
            "gross_profit": 136499,
            "gross_margin": 11.72,
            "gross_margin_4q_avg": 12.68,
            "net_income": 68363,
            "revenue": 1165065,
            "common_shares": 1202863,
            "book_valuer_per_share": 22.99,
            "book_valuer_per_share_4q_avg": 22.27,
            "equity": 2823763,
            "current_ratio": 131.39,
            "debt_ratio": 54.48,
            "inventory_turnover_ratio": 0.75,
            "account_receivable_turnover_ratio": 2.09,
            "reinvestment_rate": 34.05,
            "research_to_sale_ratio": 0.33,
            "price_fair": 75.3,
            "eps_avg_yearly": 2.15,
            "eps_latest_yearly": 2.2,
            "eps_growth_yearly": 119.65
        },
        "20222": {
            "year_quarter": 20222,
            "year": 2022,
            "quarter": 2,
            "eps": 0.7,
            "eps_growth_year": -12.5,
            "eps_4q": 2.55,
            "eps_4q_growth_year": 36.36,
            "roe": 3.08,
            "roe_4q": 11.62,
            "gross_profit": 150437,
            "gross_margin": 12.06,
            "gross_margin_4q_avg": 12.07,
            "net_income": 86074,
            "revenue": 1247685,
            "common_shares": 1202863,
            "book_valuer_per_share": 22.43,
            "book_valuer_per_share_4q_avg": 22.38,
            "equity": 2759033,
            "current_ratio": 126.57,
            "debt_ratio": 55.95,
            "inventory_turnover_ratio": 0.77,
            "account_receivable_turnover_ratio": 2.38,
            "reinvestment_rate": 16.22,
            "research_to_sale_ratio": 0.36,
            "price_fair": 75,
            "eps_avg_yearly": 2.14,
            "eps_latest_yearly": 2.8,
            "eps_growth_yearly": 124.41
        },
        "20223": {
            "year_quarter": 20223,
            "year": 2022,
            "quarter": 3,
            "eps": 0.44,
            "eps_growth_year": -35.29,
            "eps_4q": 2.32,
            "eps_4q_growth_year": -5.6,
            "roe": 1.97,
            "roe_4q": 10.51,
            "gross_profit": 106486,
            "gross_margin": 10.66,
            "gross_margin_4q_avg": 11.7,
            "net_income": 54949,
            "revenue": 998979,
            "common_shares": 1226920,
            "book_valuer_per_share": 22.5,
            "book_valuer_per_share_4q_avg": 22.58,
            "equity": 2819384,
            "current_ratio": 132.29,
            "debt_ratio": 53.56,
            "inventory_turnover_ratio": 0.62,
            "account_receivable_turnover_ratio": 2.25,
            "reinvestment_rate": 12.37,
            "research_to_sale_ratio": 0.35,
            "price_fair": 74.7,
            "eps_avg_yearly": 2.13,
            "eps_latest_yearly": 1.76,
            "eps_growth_yearly": 123.98
        },
        "20224": {
            "year_quarter": 20224,
            "year": 2022,
            "quarter": 4,
            "eps": -0.3,
            "eps_growth_year": -144.22,
            "eps_4q": 1.37,
            "eps_4q_growth_year": -48.28,
            "roe": -1.32,
            "roe_4q": 6.18,
            "gross_profit": 47162,
            "gross_margin": 6.85,
            "gross_margin_4q_avg": 10.32,
            "net_income": -37086,
            "revenue": 688154,
            "common_shares": 1226920,
            "book_valuer_per_share": 22.28,
            "book_valuer_per_share_4q_avg": 22.55,
            "equity": 2791192,
            "current_ratio": 127.06,
            "debt_ratio": 53.35,
            "inventory_turnover_ratio": 0.43,
            "account_receivable_turnover_ratio": 2.18,
            "reinvestment_rate": 27.86,
            "research_to_sale_ratio": 0.49,
            "price_fair": 73.12,
            "eps_avg_yearly": 2.09,
            "eps_latest_yearly": 1.76,
            "eps_growth_yearly": 119.76
        },
        "20231": {
            "year_quarter": 20231,
            "year": 2023,
            "quarter": 1,
            "eps": -0.13,
            "eps_growth_year": -123.64,
            "eps_4q": 0.69,
            "eps_4q_growth_year": -74.35,
            "roe": -0.54,
            "roe_4q": 3.19,
            "gross_profit": 33691,
            "gross_margin": 5.63,
            "gross_margin_4q_avg": 8.8,
            "net_income": -14923,
            "revenue": 598112,
            "common_shares": 1226920,
            "book_valuer_per_share": 22.15,
            "book_valuer_per_share_4q_avg": 22.34,
            "equity": 2775288,
            "current_ratio": 135.47,
            "debt_ratio": 53.31,
            "inventory_turnover_ratio": 0.36,
            "account_receivable_turnover_ratio": 2.14,
            "reinvestment_rate": 13.21,
            "research_to_sale_ratio": 0.56,
            "price_fair": 73.62,
            "eps_avg_yearly": 2.1,
            "eps_latest_yearly": 1.76,
            "eps_growth_yearly": 139.55
        },
        "20232": {
            "year_quarter": 20232,
            "year": 2023,
            "quarter": 2,
            "eps": -0.01,
            "eps_growth_year": -101.43,
            "eps_4q": 0,
            "eps_4q_growth_year": -99.97,
            "roe": -0.02,
            "roe_4q": 0.08999999999999986,
            "gross_profit": 37546,
            "gross_margin": 5.4,
            "gross_margin_4q_avg": 7.14,
            "net_income": -439,
            "revenue": 695718,
            "common_shares": 1226920,
            "book_valuer_per_share": 21.47,
            "book_valuer_per_share_4q_avg": 22.1,
            "equity": 2693461,
            "current_ratio": 135.59,
            "debt_ratio": 53.71,
            "inventory_turnover_ratio": 0.45,
            "account_receivable_turnover_ratio": 2.33,
            "reinvestment_rate": 25.16,
            "research_to_sale_ratio": 0.77,
            "price_fair": 73.69,
            "eps_avg_yearly": 2.11,
            "eps_latest_yearly": 1.76,
            "eps_growth_yearly": 149.2
        }
    },
    "months": {
        "2001-06": {
            "month": "2001-06",
            "price": "4.31",
            "revenue": 142351
        },
        "2001-07": {
            "month": "2001-07",
            "price": "4.48",
            "revenue": 132669
        },
        "2001-08": {
            "month": "2001-08",
            "price": "4.15",
            "revenue": 120779
        },
        "2001-09": {
            "month": "2001-09",
            "price": "4.16",
            "revenue": 135221
        },
        "2001-10": {
            "month": "2001-10",
            "price": "4.10",
            "revenue": 178720
        },
        "2001-11": {
            "month": "2001-11",
            "price": "4.03",
            "revenue": 203285
        },
        "2001-12": {
            "month": "2001-12",
            "price": "4.28",
            "revenue": 184516
        },
        "2002-01": {
            "month": "2002-01",
            "price": "4.89",
            "revenue": 184368
        },
        "2002-02": {
            "month": "2002-02",
            "price": "4.95",
            "revenue": 147547
        },
        "2002-03": {
            "month": "2002-03",
            "price": "6.71",
            "revenue": 235198
        },
        "2002-04": {
            "month": "2002-04",
            "price": "7.95",
            "revenue": 226238
        },
        "2002-05": {
            "month": "2002-05",
            "price": "8.62",
            "revenue": 190891
        },
        "2002-06": {
            "month": "2002-06",
            "price": "8.29",
            "revenue": 188430
        },
        "2002-07": {
            "month": "2002-07",
            "price": "7.70",
            "revenue": 185213
        },
        "2002-08": {
            "month": "2002-08",
            "price": "6.67",
            "revenue": 213264
        },
        "2002-09": {
            "month": "2002-09",
            "price": "6.37",
            "revenue": 211694
        },
        "2002-10": {
            "month": "2002-10",
            "price": "5.77",
            "revenue": 251004
        },
        "2002-11": {
            "month": "2002-11",
            "price": "7.75",
            "revenue": 236869
        },
        "2002-12": {
            "month": "2002-12",
            "price": "7.99",
            "revenue": 188989
        },
        "2003-01": {
            "month": "2003-01",
            "price": "8.39",
            "revenue": 184525
        },
        "2003-02": {
            "month": "2003-02",
            "price": "9.27",
            "revenue": 202384
        },
        "2003-03": {
            "month": "2003-03",
            "price": "9.07",
            "revenue": 209775
        },
        "2003-04": {
            "month": "2003-04",
            "price": "9.88",
            "revenue": 200984
        },
        "2003-05": {
            "month": "2003-05",
            "price": "9.03",
            "revenue": 140893
        },
        "2003-06": {
            "month": "2003-06",
            "price": "9.22",
            "revenue": 160726
        },
        "2003-07": {
            "month": "2003-07",
            "price": "10.81",
            "revenue": 176333
        },
        "2003-08": {
            "month": "2003-08",
            "price": "9.58",
            "revenue": 209938
        },
        "2003-09": {
            "month": "2003-09",
            "price": "9.16",
            "revenue": 240424
        },
        "2003-10": {
            "month": "2003-10",
            "price": "9.24",
            "revenue": 261386
        },
        "2003-11": {
            "month": "2003-11",
            "price": "9.21",
            "revenue": 264267
        },
        "2003-12": {
            "month": "2003-12",
            "price": "8.72",
            "revenue": 213436
        },
        "2004-01": {
            "month": "2004-01",
            "price": "9.58",
            "revenue": 172680
        },
        "2004-02": {
            "month": "2004-02",
            "price": "9.65",
            "revenue": 185654
        },
        "2004-03": {
            "month": "2004-03",
            "price": "9.69",
            "revenue": 201118
        },
        "2004-04": {
            "month": "2004-04",
            "price": "10.61",
            "revenue": 203853
        },
        "2004-05": {
            "month": "2004-05",
            "price": "10.36",
            "revenue": 215111
        },
        "2004-06": {
            "month": "2004-06",
            "price": "10.51",
            "revenue": 211772
        },
        "2004-07": {
            "month": "2004-07",
            "price": "10.30",
            "revenue": 202785
        },
        "2004-08": {
            "month": "2004-08",
            "price": "10.06",
            "revenue": 242801
        },
        "2004-09": {
            "month": "2004-09",
            "price": "10.11",
            "revenue": 246392
        },
        "2004-10": {
            "month": "2004-10",
            "price": "10.22",
            "revenue": 279393
        },
        "2004-11": {
            "month": "2004-11",
            "price": "10.39",
            "revenue": 268245
        },
        "2004-12": {
            "month": "2004-12",
            "price": "10.32",
            "revenue": 246203
        },
        "2005-01": {
            "month": "2005-01",
            "price": "10.33",
            "revenue": 199720
        },
        "2005-02": {
            "month": "2005-02",
            "price": "10.35",
            "revenue": 140243
        },
        "2005-03": {
            "month": "2005-03",
            "price": "10.28",
            "revenue": 240471
        },
        "2005-04": {
            "month": "2005-04",
            "price": "10.14",
            "revenue": 234459
        },
        "2005-05": {
            "month": "2005-05",
            "price": "10.09",
            "revenue": 224602
        },
        "2005-06": {
            "month": "2005-06",
            "price": "10.04",
            "revenue": 218170
        },
        "2005-07": {
            "month": "2005-07",
            "price": "10.48",
            "revenue": 234792
        },
        "2005-08": {
            "month": "2005-08",
            "price": "13.74",
            "revenue": 247981
        },
        "2005-09": {
            "month": "2005-09",
            "price": "11.52",
            "revenue": 266377
        },
        "2005-10": {
            "month": "2005-10",
            "price": "11.04",
            "revenue": 280690
        },
        "2005-11": {
            "month": "2005-11",
            "price": "11.50",
            "revenue": 239627
        },
        "2005-12": {
            "month": "2005-12",
            "price": "11.51",
            "revenue": 234622
        },
        "2006-01": {
            "month": "2006-01",
            "price": "12.25",
            "revenue": 171181
        },
        "2006-02": {
            "month": "2006-02",
            "price": "12.33",
            "revenue": 215553
        },
        "2006-03": {
            "month": "2006-03",
            "price": "11.18",
            "revenue": 261780
        },
        "2006-04": {
            "month": "2006-04",
            "price": "11.27",
            "revenue": 248915
        },
        "2006-05": {
            "month": "2006-05",
            "price": "11.78",
            "revenue": 210751
        },
        "2006-06": {
            "month": "2006-06",
            "price": "11.84",
            "revenue": 245213
        },
        "2006-07": {
            "month": "2006-07",
            "price": "11.94",
            "revenue": 223381
        },
        "2006-08": {
            "month": "2006-08",
            "price": "11.47",
            "revenue": 246592
        },
        "2006-09": {
            "month": "2006-09",
            "price": "10.76",
            "revenue": 267608
        },
        "2006-10": {
            "month": "2006-10",
            "price": "10.64",
            "revenue": 287422
        },
        "2006-11": {
            "month": "2006-11",
            "price": "10.98",
            "revenue": 231868
        },
        "2006-12": {
            "month": "2006-12",
            "price": "11.01",
            "revenue": 231306
        },
        "2007-01": {
            "month": "2007-01",
            "price": "10.93",
            "revenue": 206986
        },
        "2007-02": {
            "month": "2007-02",
            "price": "10.60",
            "revenue": 141958
        },
        "2007-03": {
            "month": "2007-03",
            "price": "10.63",
            "revenue": 289170
        },
        "2007-04": {
            "month": "2007-04",
            "price": "11.06",
            "revenue": 203970
        },
        "2007-05": {
            "month": "2007-05",
            "price": "10.91",
            "revenue": 224659
        },
        "2007-06": {
            "month": "2007-06",
            "price": "11.06",
            "revenue": 221783
        },
        "2007-07": {
            "month": "2007-07",
            "price": "11.99",
            "revenue": 260067
        },
        "2007-08": {
            "month": "2007-08",
            "price": "11.02",
            "revenue": 303497
        },
        "2007-09": {
            "month": "2007-09",
            "price": "10.17",
            "revenue": 271143
        },
        "2007-10": {
            "month": "2007-10",
            "price": "10.25",
            "revenue": 357373
        },
        "2007-11": {
            "month": "2007-11",
            "price": "9.91",
            "revenue": 328826
        },
        "2007-12": {
            "month": "2007-12",
            "price": "9.66",
            "revenue": 296534
        },
        "2008-01": {
            "month": "2008-01",
            "price": "9.47",
            "revenue": 224647
        },
        "2008-02": {
            "month": "2008-02",
            "price": "9.28",
            "revenue": 216040
        },
        "2008-03": {
            "month": "2008-03",
            "price": "9.63",
            "revenue": 265769
        },
        "2008-04": {
            "month": "2008-04",
            "price": "10.48",
            "revenue": 279128
        },
        "2008-05": {
            "month": "2008-05",
            "price": "11.06",
            "revenue": 272607
        },
        "2008-06": {
            "month": "2008-06",
            "price": "10.56",
            "revenue": 230103
        },
        "2008-07": {
            "month": "2008-07",
            "price": "9.94",
            "revenue": 275270
        },
        "2008-08": {
            "month": "2008-08",
            "price": "9.45",
            "revenue": 301044
        },
        "2008-09": {
            "month": "2008-09",
            "price": "8.13",
            "revenue": 289336
        },
        "2008-10": {
            "month": "2008-10",
            "price": "7.47",
            "revenue": 309774
        },
        "2008-11": {
            "month": "2008-11",
            "price": "6.62",
            "revenue": 208690
        },
        "2008-12": {
            "month": "2008-12",
            "price": "6.42",
            "revenue": 168379
        },
        "2009-01": {
            "month": "2009-01",
            "price": "6.54",
            "revenue": 122223
        },
        "2009-02": {
            "month": "2009-02",
            "price": "6.55",
            "revenue": 202543
        },
        "2009-03": {
            "month": "2009-03",
            "price": "7.43",
            "revenue": 255759
        },
        "2009-04": {
            "month": "2009-04",
            "price": "8.59",
            "revenue": 177341
        },
        "2009-05": {
            "month": "2009-05",
            "price": "9.02",
            "revenue": 134413
        },
        "2009-06": {
            "month": "2009-06",
            "price": "8.93",
            "revenue": 182274
        },
        "2009-07": {
            "month": "2009-07",
            "price": "8.30",
            "revenue": 198517
        },
        "2009-08": {
            "month": "2009-08",
            "price": "8.21",
            "revenue": 232545
        },
        "2009-09": {
            "month": "2009-09",
            "price": "8.18",
            "revenue": 273113
        },
        "2009-10": {
            "month": "2009-10",
            "price": "8.60",
            "revenue": 262196
        },
        "2009-11": {
            "month": "2009-11",
            "price": "9.16",
            "revenue": 259311
        },
        "2009-12": {
            "month": "2009-12",
            "price": "9.34",
            "revenue": 268967
        },
        "2010-01": {
            "month": "2010-01",
            "price": "9.76",
            "revenue": 251292
        },
        "2010-02": {
            "month": "2010-02",
            "price": "9.53",
            "revenue": 198077
        },
        "2010-03": {
            "month": "2010-03",
            "price": "10.25",
            "revenue": 320224
        },
        "2010-04": {
            "month": "2010-04",
            "price": "11.93",
            "revenue": 297430
        },
        "2010-05": {
            "month": "2010-05",
            "price": "14.19",
            "revenue": 308410
        },
        "2010-06": {
            "month": "2010-06",
            "price": "14.14",
            "revenue": 316242
        },
        "2010-07": {
            "month": "2010-07",
            "price": "15.10",
            "revenue": 348815
        },
        "2010-08": {
            "month": "2010-08",
            "price": "19.71",
            "revenue": 386326
        },
        "2010-09": {
            "month": "2010-09",
            "price": "22.34",
            "revenue": 368315
        },
        "2010-10": {
            "month": "2010-10",
            "price": "28.41",
            "revenue": 332628
        },
        "2010-11": {
            "month": "2010-11",
            "price": "24.08",
            "revenue": 351578
        },
        "2010-12": {
            "month": "2010-12",
            "price": "24.62",
            "revenue": 359687
        },
        "2011-01": {
            "month": "2011-01",
            "price": "29.39",
            "revenue": 337699
        },
        "2011-02": {
            "month": "2011-02",
            "price": "28.35",
            "revenue": 280834
        },
        "2011-03": {
            "month": "2011-03",
            "price": "28.44",
            "revenue": 416564
        },
        "2011-04": {
            "month": "2011-04",
            "price": "33.59",
            "revenue": 382558
        },
        "2011-05": {
            "month": "2011-05",
            "price": "34.99",
            "revenue": 272588
        },
        "2011-06": {
            "month": "2011-06",
            "price": "31.68",
            "revenue": 312364
        },
        "2011-07": {
            "month": "2011-07",
            "price": "35.77",
            "revenue": 342393
        },
        "2011-08": {
            "month": "2011-08",
            "price": "34.79",
            "revenue": 370868
        },
        "2011-09": {
            "month": "2011-09",
            "price": "32.27",
            "revenue": 344674
        },
        "2011-10": {
            "month": "2011-10",
            "price": "28.54",
            "revenue": 288224
        },
        "2011-11": {
            "month": "2011-11",
            "price": "27.25",
            "revenue": 284676
        },
        "2011-12": {
            "month": "2011-12",
            "price": "21.87",
            "revenue": 292226
        },
        "2012-01": {
            "month": "2012-01",
            "price": "23.03",
            "revenue": 207107
        },
        "2012-02": {
            "month": "2012-02",
            "price": "28.33",
            "revenue": 250394
        },
        "2012-03": {
            "month": "2012-03",
            "price": "32.27",
            "revenue": 344589
        },
        "2012-04": {
            "month": "2012-04",
            "price": "30.26",
            "revenue": 245114
        },
        "2012-05": {
            "month": "2012-05",
            "price": "25.69",
            "revenue": 230676
        },
        "2012-06": {
            "month": "2012-06",
            "price": "24.35",
            "revenue": 284717
        },
        "2012-07": {
            "month": "2012-07",
            "price": "24.13",
            "revenue": 330806
        },
        "2012-08": {
            "month": "2012-08",
            "price": "23.83",
            "revenue": 351527
        },
        "2012-09": {
            "month": "2012-09",
            "price": "25.36",
            "revenue": 326788
        },
        "2012-10": {
            "month": "2012-10",
            "price": "23.84",
            "revenue": 341093
        },
        "2012-11": {
            "month": "2012-11",
            "price": "23.26",
            "revenue": 321937
        },
        "2012-12": {
            "month": "2012-12",
            "price": "24.64",
            "revenue": 321445
        },
        "2013-01": {
            "month": "2013-01",
            "price": "27.17",
            "revenue": 336079
        },
        "2013-02": {
            "month": "2013-02",
            "price": "27.91",
            "revenue": 291495
        },
        "2013-03": {
            "month": "2013-03",
            "price": "34.82",
            "revenue": 455370
        },
        "2013-04": {
            "month": "2013-04",
            "price": "42.97",
            "revenue": 416328
        },
        "2013-05": {
            "month": "2013-05",
            "price": "65.51",
            "revenue": 406991
        },
        "2013-06": {
            "month": "2013-06",
            "price": "84.99",
            "revenue": 433863
        },
        "2013-07": {
            "month": "2013-07",
            "price": "88.01",
            "revenue": 437445
        },
        "2013-08": {
            "month": "2013-08",
            "price": "85.59",
            "revenue": 431094
        },
        "2013-09": {
            "month": "2013-09",
            "price": "84.28",
            "revenue": 414719
        },
        "2013-10": {
            "month": "2013-10",
            "price": "100.30",
            "revenue": 449770
        },
        "2013-11": {
            "month": "2013-11",
            "price": "120.02",
            "revenue": 451166
        },
        "2013-12": {
            "month": "2013-12",
            "price": "113.77",
            "revenue": 395638
        },
        "2014-01": {
            "month": "2014-01",
            "price": "97.63",
            "revenue": 296370
        },
        "2014-02": {
            "month": "2014-02",
            "price": "105.32",
            "revenue": 310613
        },
        "2014-03": {
            "month": "2014-03",
            "price": "105.27",
            "revenue": 361312
        },
        "2014-04": {
            "month": "2014-04",
            "price": "88.71",
            "revenue": 401674
        },
        "2014-05": {
            "month": "2014-05",
            "price": "87.49",
            "revenue": 412943
        },
        "2014-06": {
            "month": "2014-06",
            "price": "99.40",
            "revenue": 337553
        },
        "2014-07": {
            "month": "2014-07",
            "price": "91.05",
            "revenue": 403101
        },
        "2014-08": {
            "month": "2014-08",
            "price": "86.50",
            "revenue": 403898
        },
        "2014-09": {
            "month": "2014-09",
            "price": "87.74",
            "revenue": 366549
        },
        "2014-10": {
            "month": "2014-10",
            "price": "90.02",
            "revenue": 376209
        },
        "2014-11": {
            "month": "2014-11",
            "price": "82.44",
            "revenue": 303191
        },
        "2014-12": {
            "month": "2014-12",
            "price": "77.42",
            "revenue": 349753
        },
        "2015-01": {
            "month": "2015-01",
            "price": "80.49",
            "revenue": 329957
        },
        "2015-02": {
            "month": "2015-02",
            "price": "94.78",
            "revenue": 268373
        },
        "2015-03": {
            "month": "2015-03",
            "price": "108.16",
            "revenue": 417144
        },
        "2015-04": {
            "month": "2015-04",
            "price": "114.88",
            "revenue": 468163
        },
        "2015-05": {
            "month": "2015-05",
            "price": "127.42",
            "revenue": 501529
        },
        "2015-06": {
            "month": "2015-06",
            "price": "135.21",
            "revenue": 399721
        },
        "2015-07": {
            "month": "2015-07",
            "price": "117.68",
            "revenue": 335957
        },
        "2015-08": {
            "month": "2015-08",
            "price": "116.98",
            "revenue": 407960
        },
        "2015-09": {
            "month": "2015-09",
            "price": "121.48",
            "revenue": 381853
        },
        "2015-10": {
            "month": "2015-10",
            "price": "104.24",
            "revenue": 392884
        },
        "2015-11": {
            "month": "2015-11",
            "price": "98.51",
            "revenue": 407987
        },
        "2015-12": {
            "month": "2015-12",
            "price": "92.50",
            "revenue": 336980
        },
        "2016-01": {
            "month": "2016-01",
            "price": "86.39",
            "revenue": 328309
        },
        "2016-02": {
            "month": "2016-02",
            "price": "89.75",
            "revenue": 274430
        },
        "2016-03": {
            "month": "2016-03",
            "price": "91.55",
            "revenue": 430352
        },
        "2016-04": {
            "month": "2016-04",
            "price": "84.19",
            "revenue": 369390
        },
        "2016-05": {
            "month": "2016-05",
            "price": "81.32",
            "revenue": 416571
        },
        "2016-06": {
            "month": "2016-06",
            "price": "88.16",
            "revenue": 349967
        },
        "2016-07": {
            "month": "2016-07",
            "price": "91.44",
            "revenue": 363278
        },
        "2016-08": {
            "month": "2016-08",
            "price": "93.63",
            "revenue": 429033
        },
        "2016-09": {
            "month": "2016-09",
            "price": "94.90",
            "revenue": 399177
        },
        "2016-10": {
            "month": "2016-10",
            "price": "91.14",
            "revenue": 399558
        },
        "2016-11": {
            "month": "2016-11",
            "price": "79.15",
            "revenue": 382396
        },
        "2016-12": {
            "month": "2016-12",
            "price": "80.77",
            "revenue": 356712
        },
        "2017-01": {
            "month": "2017-01",
            "price": "79.80",
            "revenue": 250014
        },
        "2017-02": {
            "month": "2017-02",
            "price": "78.11",
            "revenue": 344053
        },
        "2017-03": {
            "month": "2017-03",
            "price": "78.57",
            "revenue": 475224
        },
        "2017-04": {
            "month": "2017-04",
            "price": "79.25",
            "revenue": 362811
        },
        "2017-05": {
            "month": "2017-05",
            "price": "80.62",
            "revenue": 439865
        },
        "2017-06": {
            "month": "2017-06",
            "price": "86.77",
            "revenue": 389830
        },
        "2017-07": {
            "month": "2017-07",
            "price": "91.09",
            "revenue": 362210
        },
        "2017-08": {
            "month": "2017-08",
            "price": "83.82",
            "revenue": 396830
        },
        "2017-09": {
            "month": "2017-09",
            "price": "83.08",
            "revenue": 395643
        },
        "2017-10": {
            "month": "2017-10",
            "price": "81.23",
            "revenue": 413917
        },
        "2017-11": {
            "month": "2017-11",
            "price": "75.13",
            "revenue": 404712
        },
        "2017-12": {
            "month": "2017-12",
            "price": "70.68",
            "revenue": 319276
        },
        "2018-01": {
            "month": "2018-01",
            "price": "72.24",
            "revenue": 398461
        },
        "2018-02": {
            "month": "2018-02",
            "price": "71.56",
            "revenue": 274420
        },
        "2018-03": {
            "month": "2018-03",
            "price": "73.37",
            "revenue": 394153
        },
        "2018-04": {
            "month": "2018-04",
            "price": "65.84",
            "revenue": 319531
        },
        "2018-05": {
            "month": "2018-05",
            "price": "61.00",
            "revenue": 420937
        },
        "2018-06": {
            "month": "2018-06",
            "price": "52.78",
            "revenue": 326281
        },
        "2018-07": {
            "month": "2018-07",
            "price": "47.94",
            "revenue": 322661
        },
        "2018-08": {
            "month": "2018-08",
            "price": "47.12",
            "revenue": 375419
        },
        "2018-09": {
            "month": "2018-09",
            "price": "47.95",
            "revenue": 256851
        },
        "2018-10": {
            "month": "2018-10",
            "price": "38.29",
            "revenue": 306232
        },
        "2018-11": {
            "month": "2018-11",
            "price": "34.97",
            "revenue": 351305
        },
        "2018-12": {
            "month": "2018-12",
            "price": "38.01",
            "revenue": 286736
        },
        "2019-01": {
            "month": "2019-01",
            "price": "37.70",
            "revenue": 315407
        },
        "2019-02": {
            "month": "2019-02",
            "price": "38.45",
            "revenue": 253627
        },
        "2019-03": {
            "month": "2019-03",
            "price": "36.71",
            "revenue": 299303
        },
        "2019-04": {
            "month": "2019-04",
            "price": "45.71",
            "revenue": 252941
        },
        "2019-05": {
            "month": "2019-05",
            "price": "49.75",
            "revenue": 339609
        },
        "2019-06": {
            "month": "2019-06",
            "price": "51.38",
            "revenue": 315182
        },
        "2019-07": {
            "month": "2019-07",
            "price": "51.06",
            "revenue": 313763
        },
        "2019-08": {
            "month": "2019-08",
            "price": "42.61",
            "revenue": 340693
        },
        "2019-09": {
            "month": "2019-09",
            "price": "41.33",
            "revenue": 309540
        },
        "2019-10": {
            "month": "2019-10",
            "price": "43.77",
            "revenue": 323910
        },
        "2019-11": {
            "month": "2019-11",
            "price": "46.99",
            "revenue": 268223
        },
        "2019-12": {
            "month": "2019-12",
            "price": "42.64",
            "revenue": 231534
        },
        "2020-01": {
            "month": "2020-01",
            "price": "39.07",
            "revenue": 220549
        },
        "2020-02": {
            "month": "2020-02",
            "price": "39.77",
            "revenue": 244688
        },
        "2020-03": {
            "month": "2020-03",
            "price": "28.60",
            "revenue": 284260
        },
        "2020-04": {
            "month": "2020-04",
            "price": "24.29",
            "revenue": 149477
        },
        "2020-05": {
            "month": "2020-05",
            "price": "26.08",
            "revenue": 170085
        },
        "2020-06": {
            "month": "2020-06",
            "price": "27.81",
            "revenue": 252889
        },
        "2020-07": {
            "month": "2020-07",
            "price": "27.04",
            "revenue": 271529
        },
        "2020-08": {
            "month": "2020-08",
            "price": "26.94",
            "revenue": 266088
        },
        "2020-09": {
            "month": "2020-09",
            "price": "25.63",
            "revenue": 318205
        },
        "2020-10": {
            "month": "2020-10",
            "price": "25.09",
            "revenue": 307686
        },
        "2020-11": {
            "month": "2020-11",
            "price": "25.03",
            "revenue": 280605
        },
        "2020-12": {
            "month": "2020-12",
            "price": "25.59",
            "revenue": 385616
        },
        "2021-01": {
            "month": "2021-01",
            "price": "27.38",
            "revenue": 329986
        },
        "2021-02": {
            "month": "2021-02",
            "price": "27.83",
            "revenue": 306030
        },
        "2021-03": {
            "month": "2021-03",
            "price": "33.98",
            "revenue": 452067
        },
        "2021-04": {
            "month": "2021-04",
            "price": "41.77",
            "revenue": 452554
        },
        "2021-05": {
            "month": "2021-05",
            "price": "39.12",
            "revenue": 430881
        },
        "2021-06": {
            "month": "2021-06",
            "price": "41.55",
            "revenue": 447491
        },
        "2021-07": {
            "month": "2021-07",
            "price": "42.22",
            "revenue": 465741
        },
        "2021-08": {
            "month": "2021-08",
            "price": "40.17",
            "revenue": 431631
        },
        "2021-09": {
            "month": "2021-09",
            "price": "36.63",
            "revenue": 391275
        },
        "2021-10": {
            "month": "2021-10",
            "price": "34.33",
            "revenue": 407814
        },
        "2021-11": {
            "month": "2021-11",
            "price": "34.78",
            "revenue": 483996
        },
        "2021-12": {
            "month": "2021-12",
            "price": "34.90",
            "revenue": 424825
        },
        "2022-01": {
            "month": "2022-01",
            "price": "34.77",
            "revenue": 365657
        },
        "2022-02": {
            "month": "2022-02",
            "price": "34.43",
            "revenue": 340710
        },
        "2022-03": {
            "month": "2022-03",
            "price": "33.43",
            "revenue": 458698
        },
        "2022-04": {
            "month": "2022-04",
            "price": "33.01",
            "revenue": 420231
        },
        "2022-05": {
            "month": "2022-05",
            "price": "31.20",
            "revenue": 405554
        },
        "2022-06": {
            "month": "2022-06",
            "price": "30.36",
            "revenue": 421900
        },
        "2022-07": {
            "month": "2022-07",
            "price": "27.31",
            "revenue": 344132
        },
        "2022-08": {
            "month": "2022-08",
            "price": "28.41",
            "revenue": 339793
        },
        "2022-09": {
            "month": "2022-09",
            "price": "27.73",
            "revenue": 315054
        },
        "2022-10": {
            "month": "2022-10",
            "price": "27.05",
            "revenue": 241311
        },
        "2022-11": {
            "month": "2022-11",
            "price": "26.48",
            "revenue": 242346
        },
        "2022-12": {
            "month": "2022-12",
            "price": "26.51",
            "revenue": 204497
        },
        "2023-01": {
            "month": "2023-01",
            "price": "26.40",
            "revenue": 143266
        },
        "2023-02": {
            "month": "2023-02",
            "price": "26.91",
            "revenue": 196300
        },
        "2023-03": {
            "month": "2023-03",
            "price": "26.82",
            "revenue": 258546
        },
        "2023-04": {
            "month": "2023-04",
            "price": "26.85",
            "revenue": 216965
        },
        "2023-05": {
            "month": "2023-05",
            "price": "27.12",
            "revenue": 218502
        },
        "2023-06": {
            "month": "2023-06",
            "price": "25.75",
            "revenue": 260251
        },
        "2023-07": {
            "month": "2023-07",
            "price": "25.01",
            "revenue": 197186
        },
        "2023-08": {
            "month": "2023-08",
            "price": "21.40",
            "revenue": 239498
        }
    }
}
