{
    "summary": {
        "stock_name": "福大",
        "stock_id": "4402",
        "category": "紡織纖維",
        "main_business": "紡織產品<br>防疫相關產品<br>太陽能發電站建置",
        "website_url": "http://www.fu-ta.com.tw",
        "ceo": "唐銘",
        "pe_ratio": -41,
        "report_year_from": 2001,
        "report_year_to": 2023,
        "age": 23,
        "eps_negative_percentage": 78,
        "eps_growth_avg": {
            "last_all": -100,
            "last_2y": null,
            "last_4y": -100,
            "last_8y": -100,
            "last_12y": -100,
            "last_16y": -100,
            "last_20y": -100,
            "at_2006_last_3y": -100,
            "at_2007_last_3y": -100,
            "at_2008_last_3y": -100,
            "at_2009_last_3y": -100,
            "at_2010_last_3y": -100,
            "at_2011_last_3y": -100,
            "at_2012_last_3y": -100,
            "at_2013_last_3y": -100,
            "at_2014_last_3y": -100,
            "at_2015_last_3y": null,
            "at_2016_last_3y": null,
            "at_2017_last_3y": -100,
            "at_2018_last_3y": -100,
            "at_2019_last_3y": -100,
            "at_2020_last_3y": -100,
            "at_2021_last_3y": -100,
            "at_2022_last_3y": -100,
            "at_2023_last_3y": -100,
            "at_2024_last_3y": -100,
            "at_2006_last_all": -100,
            "at_2007_last_all": -100,
            "at_2008_last_all": -100,
            "at_2009_last_all": -100,
            "at_2010_last_all": -100,
            "at_2011_last_all": -100,
            "at_2012_last_all": -100,
            "at_2013_last_all": -100,
            "at_2014_last_all": -100,
            "at_2015_last_all": -100,
            "at_2016_last_all": -100,
            "at_2017_last_all": -100,
            "at_2018_last_all": -100,
            "at_2019_last_all": -100,
            "at_2020_last_all": -100,
            "at_2021_last_all": -100,
            "at_2022_last_all": -100,
            "at_2023_last_all": -100,
            "at_2024_last_all": -100
        },
        "latest_eps": -0.41,
        "latest_price": 16.9,
        "latest_roe": -6.75,
        "latest_gross_margin": -27.02,
        "latest_equity": 267934,
        "latest_revenue": 20153,
        "latest_gross_profit": -5445,
        "latest_net_income": 3866,
        "latest_debt_ratio": 11.85,
        "latest_current_ratio": 598.43,
        "latest_account_receivable_turnover_ratio": 1.93,
        "latest_inventory_turnover_ratio": 1.03,
        "latest_reinvestment_rate": null,
        "latest_research_to_sale_ratio": null
    },
    "eps_dividends": {
        "1995": {
            "cash": 0.5,
            "stock": 2,
            "eps": 0
        },
        "1996": {
            "cash": 1,
            "stock": 0,
            "eps": 0
        },
        "1997": {
            "cash": 0,
            "stock": 1.95,
            "eps": 0
        },
        "1998": {
            "cash": 0,
            "stock": 0.5,
            "eps": 0
        },
        "1999": {
            "cash": 0.6,
            "stock": 0.6,
            "eps": 0
        },
        "2000": {
            "cash": 0.6,
            "stock": 0.6,
            "eps": 0
        },
        "2001": {
            "cash": 0,
            "stock": 0,
            "eps": -1.53
        },
        "2002": {
            "cash": 0,
            "stock": 0,
            "eps": -1.43
        },
        "2003": {
            "cash": 0,
            "stock": 0,
            "eps": -1.09
        },
        "2004": {
            "cash": 0,
            "stock": 0,
            "eps": 1.27
        },
        "2005": {
            "cash": 0,
            "stock": 0,
            "eps": -0.95
        },
        "2006": {
            "cash": 0,
            "stock": 0,
            "eps": 0.2
        },
        "2007": {
            "cash": 0,
            "stock": 0,
            "eps": -1.23
        },
        "2008": {
            "cash": 0,
            "stock": 0,
            "eps": -3.15
        },
        "2009": {
            "cash": 0,
            "stock": 0,
            "eps": -2.07
        },
        "2010": {
            "cash": 0,
            "stock": 0,
            "eps": 2.34
        },
        "2011": {
            "cash": 0,
            "stock": 0,
            "eps": -3.07
        },
        "2012": {
            "cash": 0,
            "stock": 0,
            "eps": -2.05
        },
        "2013": {
            "cash": 0,
            "stock": 0,
            "eps": -2.07
        },
        "2014": {
            "cash": 0,
            "stock": 0,
            "eps": -2.34
        },
        "2015": {
            "cash": 0,
            "stock": 0,
            "eps": -4.49
        },
        "2016": {
            "cash": 0,
            "stock": 0,
            "eps": 0.42
        },
        "2017": {
            "cash": 0,
            "stock": 0,
            "eps": -1.04
        },
        "2018": {
            "cash": 0,
            "stock": 0,
            "eps": -4.5
        },
        "2019": {
            "cash": 0,
            "stock": 0,
            "eps": 6.82
        },
        "2020": {
            "cash": 0,
            "stock": 0,
            "eps": -1.09
        },
        "2021": {
            "cash": 0,
            "stock": 0,
            "eps": -0.86
        },
        "2022": {
            "cash": 0,
            "stock": 0,
            "eps": -0.17
        },
        "2023": {
            "cash": 0,
            "stock": 0,
            "eps": -0.15
        }
    },
    "dividends": {
        "1995-04-23": {
            "cash": 0.5,
            "stock": 2
        },
        "1996-06-23": {
            "cash": 1,
            "stock": 0
        },
        "1997-03-28": {
            "cash": 0,
            "stock": 1.95
        },
        "1998-04-18": {
            "cash": 0,
            "stock": 0.5
        },
        "1999-05-29": {
            "cash": 0.6,
            "stock": 0.6
        },
        "2000-06-03": {
            "cash": 0.6,
            "stock": 0.6
        }
    },
    "prices": {
        "200101": "6.07",
        "200102": "6.19",
        "200103": "5.59",
        "200104": "5.21",
        "200105": "4.95",
        "200106": "4.49",
        "200107": "3.41",
        "200108": "2.99",
        "200109": "3.08",
        "200110": "2.96",
        "200111": "2.84",
        "200112": "3.25",
        "200201": "3.33",
        "200202": "3.27",
        "200203": "3.87",
        "200204": "4.46",
        "200205": "4.16",
        "200206": "4.10",
        "200207": "3.77",
        "200208": "3.58",
        "200209": "3.25",
        "200210": "3.13",
        "200211": "3.11",
        "200212": "2.99",
        "200301": "3.45",
        "200302": "3.31",
        "200303": "2.98",
        "200304": "2.30",
        "200305": "1.83",
        "200306": "2.20",
        "200307": "2.44",
        "200308": "2.46",
        "200309": "2.26",
        "200310": "2.32",
        "200311": "2.78",
        "200312": "2.76",
        "200401": "3.01",
        "200402": "4.08",
        "200403": "3.54",
        "200404": "3.95",
        "200405": "3.56",
        "200406": "3.62",
        "200407": "3.38",
        "200408": "3.52",
        "200409": "4.34",
        "200410": "4.28",
        "200411": "3.97",
        "200412": "3.86",
        "200501": "3.45",
        "200502": "3.34",
        "200503": "3.12",
        "200504": "3.06",
        "200505": "2.82",
        "200506": "2.82",
        "200507": "2.78",
        "200508": "2.70",
        "200509": "2.83",
        "200510": "2.90",
        "200511": "2.82",
        "200512": "2.78",
        "200601": "2.71",
        "200602": "2.85",
        "200603": "3.14",
        "200604": "3.51",
        "200605": "3.93",
        "200606": "3.68",
        "200607": "3.26",
        "200608": "2.96",
        "200609": "2.76",
        "200610": "3.15",
        "200611": "3.28",
        "200612": "4.07",
        "200701": "3.94",
        "200702": "3.72",
        "200703": "4.26",
        "200704": "4.63",
        "200705": "4.14",
        "200706": "4.19",
        "200707": "5.92",
        "200708": "5.02",
        "200709": "4.77",
        "200710": "4.62",
        "200711": "3.70",
        "200712": "3.41",
        "200801": "3.19",
        "200802": "3.17",
        "200803": "3.58",
        "200804": "3.64",
        "200805": "3.65",
        "200806": "3.28",
        "200807": "2.81",
        "200808": "2.52",
        "200809": "2.04",
        "200810": "1.89",
        "200811": "1.62",
        "200812": "1.59",
        "200901": "1.44",
        "200902": "1.04",
        "200903": "1.23",
        "200904": "2.06",
        "200905": "1.88",
        "200906": "1.82",
        "200907": "1.76",
        "200908": "1.99",
        "200909": "2.01",
        "200910": "2.64",
        "200911": "4.81",
        "200912": "4.88",
        "201001": "6.39",
        "201002": "6.66",
        "201003": "7.04",
        "201004": "9.03",
        "201005": "8.20",
        "201006": "7.93",
        "201007": "7.95",
        "201008": "10.00",
        "201009": "9.84",
        "201010": "9.98",
        "201011": "9.93",
        "201012": "10.16",
        "201101": "11.78",
        "201102": "11.99",
        "201103": "11.19",
        "201104": "11.55",
        "201105": "10.38",
        "201106": "10.22",
        "201107": "10.49",
        "201108": "10.31",
        "201109": "9.61",
        "201110": "10.34",
        "201111": "9.89",
        "201112": "8.95",
        "201201": "8.50",
        "201202": "9.20",
        "201203": "9.29",
        "201204": "8.70",
        "201205": "8.63",
        "201206": "8.57",
        "201207": "8.38",
        "201208": "7.90",
        "201209": "7.59",
        "201210": "7.26",
        "201211": "6.79",
        "201212": "7.77",
        "201301": "8.08",
        "201302": "7.72",
        "201303": "8.05",
        "201304": "7.64",
        "201305": "7.60",
        "201306": "9.32",
        "201307": "10.61",
        "201308": "10.64",
        "201309": "10.53",
        "201310": "10.61",
        "201311": "10.55",
        "201312": "10.11",
        "201401": "9.11",
        "201402": "9.39",
        "201403": "9.73",
        "201404": "9.32",
        "201405": "6.65",
        "201406": "5.35",
        "201407": "4.84",
        "201408": "4.57",
        "201409": "4.16",
        "201410": "3.90",
        "201411": "6.94",
        "201412": "7.21",
        "201501": "7.13",
        "201502": "6.55",
        "201503": "5.98",
        "201504": "5.76",
        "201505": "5.67",
        "201506": "5.25",
        "201507": "5.17",
        "201508": "4.24",
        "201509": "3.80",
        "201510": "4.27",
        "201511": "5.55",
        "201512": "5.53",
        "201601": "4.75",
        "201602": "4.57",
        "201603": "4.40",
        "201604": "3.97",
        "201605": "4.19",
        "201606": "4.18",
        "201607": "4.97",
        "201608": "4.88",
        "201609": "5.43",
        "201610": "5.60",
        "201611": "5.16",
        "201612": "4.29",
        "201701": "4.62",
        "201702": "4.79",
        "201703": "4.75",
        "201704": "4.60",
        "201705": "6.11",
        "201706": "9.61",
        "201707": "14.21",
        "201708": "14.37",
        "201709": "16.58",
        "201710": "17.46",
        "201711": "15.76",
        "201712": "13.30",
        "201801": "11.57",
        "201802": "11.36",
        "201803": "12.70",
        "201804": "11.81",
        "201805": "11.16",
        "201806": "9.86",
        "201807": "7.19",
        "201808": "6.44",
        "201809": "無",
        "201810": "無",
        "201811": "3.70",
        "201812": "3.09",
        "201901": "5.06",
        "201902": "5.69",
        "201903": "5.58",
        "201904": "5.78",
        "201905": "8.08",
        "201906": "8.03",
        "201907": "7.01",
        "201908": "6.02",
        "201909": "6.42",
        "201910": "5.86",
        "201911": "5.84",
        "201912": "5.78",
        "202001": "5.58",
        "202002": "5.42",
        "202003": "4.40",
        "202004": "4.99",
        "202005": "5.08",
        "202006": "5.52",
        "202007": "5.70",
        "202008": "5.33",
        "202009": "5.55",
        "202010": "5.69",
        "202011": "5.45",
        "202012": "5.25",
        "202101": "5.00",
        "202102": "5.01",
        "202103": "5.10",
        "202104": "7.62",
        "202105": "7.34",
        "202106": "7.89",
        "202107": "7.88",
        "202108": "6.88",
        "202109": "6.27",
        "202110": "6.59",
        "202111": "6.43",
        "202112": "6.62",
        "202201": "6.82",
        "202202": "6.85",
        "202203": "6.64",
        "202204": "8.28",
        "202205": "8.32",
        "202206": "11.71",
        "202207": "13.36",
        "202208": "16.82",
        "202209": "16.27",
        "202210": "10.30",
        "202211": "11.25",
        "202212": "10.34",
        "202301": "10.65",
        "202302": "10.82",
        "202303": "10.89",
        "202304": "10.66",
        "202305": "8.99",
        "202306": "7.87",
        "202307": "8.16",
        "202308": "9.11",
        "202309": "10.45",
        "202310": "9.47",
        "202311": "10.23",
        "202312": "11.59"
    },
    "quarters": {
        "20011": {
            "year_quarter": 20011,
            "year": 2001,
            "quarter": 1,
            "eps": 0.27,
            "eps_growth_year": 575,
            "eps_4q": 0.21,
            "eps_4q_growth_year": -21.16,
            "roe": 2.08,
            "roe_4q": 2.08,
            "gross_profit": 5691,
            "gross_margin": 3.95,
            "gross_margin_4q_avg": 3.95,
            "net_income": 28074,
            "net_income_4q": null,
            "revenue": 144182,
            "revenue_4q": null,
            "common_shares": 1087214,
            "book_valuer_per_share": 12.55,
            "book_valuer_per_share_4q_avg": 12.55,
            "equity": 1364395,
            "current_ratio": 113.69,
            "debt_ratio": 49.75,
            "inventory_turnover_ratio": 0.57,
            "account_receivable_turnover_ratio": null,
            "reinvestment_rate": null,
            "research_to_sale_ratio": null,
            "price_fair": 0,
            "eps_avg_yearly": 0,
            "eps_latest_yearly": 0,
            "eps_growth_yearly": 0
        },
        "20012": {
            "year_quarter": 20012,
            "year": 2001,
            "quarter": 2,
            "eps": -0.68,
            "eps_growth_year": -1460,
            "eps_4q": -0.5,
            "eps_4q_growth_year": -298.74,
            "roe": -5.34,
            "roe_4q": -3.26,
            "gross_profit": -15766,
            "gross_margin": -10.48,
            "gross_margin_4q_avg": -3.27,
            "net_income": -70909,
            "net_income_4q": null,
            "revenue": 150489,
            "revenue_4q": null,
            "common_shares": 1087214,
            "book_valuer_per_share": 11.9,
            "book_valuer_per_share_4q_avg": 12.23,
            "equity": 1293487,
            "current_ratio": 107.41,
            "debt_ratio": 51.98,
            "inventory_turnover_ratio": 0.53,
            "account_receivable_turnover_ratio": null,
            "reinvestment_rate": null,
            "research_to_sale_ratio": null,
            "price_fair": 0,
            "eps_avg_yearly": 0,
            "eps_latest_yearly": 0,
            "eps_growth_yearly": 0
        },
        "20013": {
            "year_quarter": 20013,
            "year": 2001,
            "quarter": 3,
            "eps": -0.6,
            "eps_growth_year": null,
            "eps_4q": -1.07,
            "eps_4q_growth_year": -1112.21,
            "roe": -4.94,
            "roe_4q": -8.200000000000001,
            "gross_profit": -34550,
            "gross_margin": -16.8,
            "gross_margin_4q_avg": -7.78,
            "net_income": -62344,
            "net_income_4q": null,
            "revenue": 205596,
            "revenue_4q": null,
            "common_shares": 1087214,
            "book_valuer_per_share": 11.32,
            "book_valuer_per_share_4q_avg": 11.92,
            "equity": 1231142,
            "current_ratio": 100.06,
            "debt_ratio": 53.72,
            "inventory_turnover_ratio": 0.7,
            "account_receivable_turnover_ratio": null,
            "reinvestment_rate": null,
            "research_to_sale_ratio": null,
            "price_fair": 0,
            "eps_avg_yearly": 0,
            "eps_latest_yearly": 0,
            "eps_growth_yearly": 0
        },
        "20014": {
            "year_quarter": 20014,
            "year": 2001,
            "quarter": 4,
            "eps": -0.52,
            "eps_growth_year": null,
            "eps_4q": -1.53,
            "eps_4q_growth_year": null,
            "roe": -4.49,
            "roe_4q": -12.69,
            "gross_profit": -24669,
            "gross_margin": -8.78,
            "gross_margin_4q_avg": -8.03,
            "net_income": -54042,
            "net_income_4q": null,
            "revenue": 280961,
            "revenue_4q": null,
            "common_shares": 1087214,
            "book_valuer_per_share": 10.83,
            "book_valuer_per_share_4q_avg": 11.65,
            "equity": 1177101,
            "current_ratio": 80.33,
            "debt_ratio": 54.72,
            "inventory_turnover_ratio": 1,
            "account_receivable_turnover_ratio": null,
            "reinvestment_rate": null,
            "research_to_sale_ratio": null,
            "price_fair": 0,
            "eps_avg_yearly": 0,
            "eps_latest_yearly": 0,
            "eps_growth_yearly": 0
        },
        "20021": {
            "year_quarter": 20021,
            "year": 2002,
            "quarter": 1,
            "eps": -0.3,
            "eps_growth_year": -211.11,
            "eps_4q": -2.13,
            "eps_4q_growth_year": -1122.99,
            "roe": -2.64,
            "roe_4q": -17.41,
            "gross_profit": -10791,
            "gross_margin": -5.53,
            "gross_margin_4q_avg": -10.4,
            "net_income": -30690,
            "net_income_4q": null,
            "revenue": 195152,
            "revenue_4q": null,
            "common_shares": 1087214,
            "book_valuer_per_share": 10.54,
            "book_valuer_per_share_4q_avg": 11.15,
            "equity": 1146411,
            "current_ratio": 72.71,
            "debt_ratio": 54.48,
            "inventory_turnover_ratio": 0.79,
            "account_receivable_turnover_ratio": null,
            "reinvestment_rate": null,
            "research_to_sale_ratio": null,
            "price_fair": 0,
            "eps_avg_yearly": 0,
            "eps_latest_yearly": 0,
            "eps_growth_yearly": 0
        },
        "20022": {
            "year_quarter": 20022,
            "year": 2002,
            "quarter": 2,
            "eps": -0.33,
            "eps_growth_year": null,
            "eps_4q": -1.67,
            "eps_4q_growth_year": null,
            "roe": -3.01,
            "roe_4q": -15.080000000000002,
            "gross_profit": -18263,
            "gross_margin": -7.56,
            "gross_margin_4q_avg": -9.67,
            "net_income": -34049,
            "net_income_4q": null,
            "revenue": 241707,
            "revenue_4q": null,
            "common_shares": 1087214,
            "book_valuer_per_share": 10.23,
            "book_valuer_per_share_4q_avg": 10.73,
            "equity": 1112362,
            "current_ratio": 70.07,
            "debt_ratio": 56.72,
            "inventory_turnover_ratio": 0.99,
            "account_receivable_turnover_ratio": null,
            "reinvestment_rate": null,
            "research_to_sale_ratio": null,
            "price_fair": 0,
            "eps_avg_yearly": 0,
            "eps_latest_yearly": 0,
            "eps_growth_yearly": 0
        },
        "20023": {
            "year_quarter": 20023,
            "year": 2002,
            "quarter": 3,
            "eps": -0.62,
            "eps_growth_year": null,
            "eps_4q": -1.68,
            "eps_4q_growth_year": null,
            "roe": -5.93,
            "roe_4q": -16.07,
            "gross_profit": 115,
            "gross_margin": 0.03,
            "gross_margin_4q_avg": -5.46,
            "net_income": -64027,
            "net_income_4q": null,
            "revenue": 363426,
            "revenue_4q": null,
            "common_shares": 1087214,
            "book_valuer_per_share": 9.64,
            "book_valuer_per_share_4q_avg": 10.31,
            "equity": 1048335,
            "current_ratio": 66.56,
            "debt_ratio": 56.68,
            "inventory_turnover_ratio": 1.47,
            "account_receivable_turnover_ratio": null,
            "reinvestment_rate": null,
            "research_to_sale_ratio": null,
            "price_fair": 0,
            "eps_avg_yearly": 0,
            "eps_latest_yearly": 0,
            "eps_growth_yearly": 0
        },
        "20024": {
            "year_quarter": 20024,
            "year": 2002,
            "quarter": 4,
            "eps": -0.18,
            "eps_growth_year": null,
            "eps_4q": -1.4,
            "eps_4q_growth_year": null,
            "roe": -1.82,
            "roe_4q": -13.4,
            "gross_profit": 837,
            "gross_margin": 0.3,
            "gross_margin_4q_avg": -3.19,
            "net_income": -18946,
            "net_income_4q": null,
            "revenue": 281224,
            "revenue_4q": null,
            "common_shares": 1087214,
            "book_valuer_per_share": 9.47,
            "book_valuer_per_share_4q_avg": 9.97,
            "equity": 1029389,
            "current_ratio": 61.12,
            "debt_ratio": 56.78,
            "inventory_turnover_ratio": 1.24,
            "account_receivable_turnover_ratio": null,
            "reinvestment_rate": null,
            "research_to_sale_ratio": null,
            "price_fair": 0,
            "eps_avg_yearly": 0,
            "eps_latest_yearly": 0,
            "eps_growth_yearly": 0
        },
        "20031": {
            "year_quarter": 20031,
            "year": 2003,
            "quarter": 1,
            "eps": -0.6,
            "eps_growth_year": null,
            "eps_4q": -1.77,
            "eps_4q_growth_year": null,
            "roe": -5.98,
            "roe_4q": -16.740000000000002,
            "gross_profit": -21653,
            "gross_margin": -6.09,
            "gross_margin_4q_avg": -3.33,
            "net_income": -59763,
            "net_income_4q": null,
            "revenue": 355626,
            "revenue_4q": null,
            "common_shares": 1087214,
            "book_valuer_per_share": 8.92,
            "book_valuer_per_share_4q_avg": 9.57,
            "equity": 969625,
            "current_ratio": 57.29,
            "debt_ratio": 58.79,
            "inventory_turnover_ratio": 1.72,
            "account_receivable_turnover_ratio": null,
            "reinvestment_rate": null,
            "research_to_sale_ratio": null,
            "price_fair": 0,
            "eps_avg_yearly": 0,
            "eps_latest_yearly": 0,
            "eps_growth_yearly": 0
        },
        "20032": {
            "year_quarter": 20032,
            "year": 2003,
            "quarter": 2,
            "eps": -0.65,
            "eps_growth_year": null,
            "eps_4q": -1.93,
            "eps_4q_growth_year": null,
            "roe": -7.16,
            "roe_4q": -20.89,
            "gross_profit": 6322,
            "gross_margin": 2.22,
            "gross_margin_4q_avg": -0.89,
            "net_income": -67056,
            "net_income_4q": null,
            "revenue": 285221,
            "revenue_4q": null,
            "common_shares": 1087214,
            "book_valuer_per_share": 8.3,
            "book_valuer_per_share_4q_avg": 9.08,
            "equity": 902570,
            "current_ratio": 45.96,
            "debt_ratio": 59.56,
            "inventory_turnover_ratio": 1.54,
            "account_receivable_turnover_ratio": null,
            "reinvestment_rate": null,
            "research_to_sale_ratio": null,
            "price_fair": 0,
            "eps_avg_yearly": 0,
            "eps_latest_yearly": 0,
            "eps_growth_yearly": 0
        },
        "20033": {
            "year_quarter": 20033,
            "year": 2003,
            "quarter": 3,
            "eps": 0.02,
            "eps_growth_year": null,
            "eps_4q": -1.13,
            "eps_4q_growth_year": null,
            "roe": 0.28,
            "roe_4q": -14.68,
            "gross_profit": 20295,
            "gross_margin": 5.1,
            "gross_margin_4q_avg": 0.38,
            "net_income": 2532,
            "net_income_4q": null,
            "revenue": 398170,
            "revenue_4q": null,
            "common_shares": 1087214,
            "book_valuer_per_share": 8.32,
            "book_valuer_per_share_4q_avg": 8.75,
            "equity": 905102,
            "current_ratio": 42.1,
            "debt_ratio": 58.43,
            "inventory_turnover_ratio": 2.92,
            "account_receivable_turnover_ratio": null,
            "reinvestment_rate": null,
            "research_to_sale_ratio": null,
            "price_fair": 0,
            "eps_avg_yearly": 0,
            "eps_latest_yearly": 0,
            "eps_growth_yearly": 0
        },
        "20034": {
            "year_quarter": 20034,
            "year": 2003,
            "quarter": 4,
            "eps": 0.14,
            "eps_growth_year": null,
            "eps_4q": -1.05,
            "eps_4q_growth_year": null,
            "roe": 1.6,
            "roe_4q": -11.260000000000002,
            "gross_profit": 16493,
            "gross_margin": 6.41,
            "gross_margin_4q_avg": 1.91,
            "net_income": 14608,
            "net_income_4q": null,
            "revenue": 257153,
            "revenue_4q": null,
            "common_shares": 1087214,
            "book_valuer_per_share": 8.46,
            "book_valuer_per_share_4q_avg": 8.5,
            "equity": 919960,
            "current_ratio": 44.65,
            "debt_ratio": 58.1,
            "inventory_turnover_ratio": 1.9,
            "account_receivable_turnover_ratio": null,
            "reinvestment_rate": null,
            "research_to_sale_ratio": null,
            "price_fair": 19.6,
            "eps_avg_yearly": 0.56,
            "eps_latest_yearly": 0.56,
            "eps_growth_yearly": 2400
        },
        "20041": {
            "year_quarter": 20041,
            "year": 2004,
            "quarter": 1,
            "eps": 0.2,
            "eps_growth_year": null,
            "eps_4q": -0.3,
            "eps_4q_growth_year": null,
            "roe": 2.16,
            "roe_4q": -3.12,
            "gross_profit": 24576,
            "gross_margin": 7.28,
            "gross_margin_4q_avg": 5.25,
            "net_income": 20134,
            "net_income_4q": null,
            "revenue": 337762,
            "revenue_4q": null,
            "common_shares": 1037474,
            "book_valuer_per_share": 9.06,
            "book_valuer_per_share_4q_avg": 8.54,
            "equity": 940094,
            "current_ratio": 45.63,
            "debt_ratio": 57.39,
            "inventory_turnover_ratio": 1.91,
            "account_receivable_turnover_ratio": null,
            "reinvestment_rate": null,
            "research_to_sale_ratio": null,
            "price_fair": 23.8,
            "eps_avg_yearly": 0.68,
            "eps_latest_yearly": 0.8,
            "eps_growth_yearly": 1285.71
        },
        "20042": {
            "year_quarter": 20042,
            "year": 2004,
            "quarter": 2,
            "eps": 0.16,
            "eps_growth_year": null,
            "eps_4q": 0.53,
            "eps_4q_growth_year": null,
            "roe": 1.71,
            "roe_4q": 5.750000000000001,
            "gross_profit": 38917,
            "gross_margin": 9.84,
            "gross_margin_4q_avg": 7.16,
            "net_income": 16199,
            "net_income_4q": null,
            "revenue": 395636,
            "revenue_4q": null,
            "common_shares": 1037474,
            "book_valuer_per_share": 9.21,
            "book_valuer_per_share_4q_avg": 8.76,
            "equity": 955128,
            "current_ratio": 47.43,
            "debt_ratio": 56.37,
            "inventory_turnover_ratio": 1.97,
            "account_receivable_turnover_ratio": null,
            "reinvestment_rate": null,
            "research_to_sale_ratio": null,
            "price_fair": 23.33,
            "eps_avg_yearly": 0.67,
            "eps_latest_yearly": 0.64,
            "eps_growth_yearly": 830.48
        },
        "20043": {
            "year_quarter": 20043,
            "year": 2004,
            "quarter": 3,
            "eps": 0.11,
            "eps_growth_year": 450,
            "eps_4q": 0.6,
            "eps_4q_growth_year": null,
            "roe": 1.18,
            "roe_4q": 6.65,
            "gross_profit": 34744,
            "gross_margin": 9.7,
            "gross_margin_4q_avg": 8.31,
            "net_income": 11371,
            "net_income_4q": null,
            "revenue": 358037,
            "revenue_4q": null,
            "common_shares": 1037474,
            "book_valuer_per_share": 9.32,
            "book_valuer_per_share_4q_avg": 9.01,
            "equity": 966499,
            "current_ratio": 53.94,
            "debt_ratio": 56.56,
            "inventory_turnover_ratio": 1.44,
            "account_receivable_turnover_ratio": null,
            "reinvestment_rate": null,
            "research_to_sale_ratio": null,
            "price_fair": 21.35,
            "eps_avg_yearly": 0.61,
            "eps_latest_yearly": 0.44,
            "eps_growth_yearly": 591.61
        },
        "20044": {
            "year_quarter": 20044,
            "year": 2004,
            "quarter": 4,
            "eps": 0.8,
            "eps_growth_year": 471.43,
            "eps_4q": 1.26,
            "eps_4q_growth_year": null,
            "roe": 8.26,
            "roe_4q": 13.309999999999999,
            "gross_profit": 5612,
            "gross_margin": 2,
            "gross_margin_4q_avg": 7.21,
            "net_income": 83310,
            "net_income_4q": null,
            "revenue": 281263,
            "revenue_4q": null,
            "common_shares": 1037474,
            "book_valuer_per_share": 10.12,
            "book_valuer_per_share_4q_avg": 9.43,
            "equity": 1049809,
            "current_ratio": 60.7,
            "debt_ratio": 52.75,
            "inventory_turnover_ratio": 0.95,
            "account_receivable_turnover_ratio": null,
            "reinvestment_rate": null,
            "research_to_sale_ratio": null,
            "price_fair": 39.48,
            "eps_avg_yearly": 1.13,
            "eps_latest_yearly": 3.2,
            "eps_growth_yearly": 975.1
        },
        "20051": {
            "year_quarter": 20051,
            "year": 2005,
            "quarter": 1,
            "eps": -0.5,
            "eps_growth_year": -350,
            "eps_4q": 0.61,
            "eps_4q_growth_year": null,
            "roe": -4.87,
            "roe_4q": 6.279999999999999,
            "gross_profit": 2028,
            "gross_margin": 0.61,
            "gross_margin_4q_avg": 5.54,
            "net_income": -49928,
            "net_income_4q": null,
            "revenue": 334505,
            "revenue_4q": null,
            "common_shares": 1037474,
            "book_valuer_per_share": 9.64,
            "book_valuer_per_share_4q_avg": 9.57,
            "equity": 999881,
            "current_ratio": 57.83,
            "debt_ratio": 54.21,
            "inventory_turnover_ratio": 1.06,
            "account_receivable_turnover_ratio": null,
            "reinvestment_rate": null,
            "research_to_sale_ratio": null,
            "price_fair": 39.48,
            "eps_avg_yearly": 1.13,
            "eps_latest_yearly": 3.2,
            "eps_growth_yearly": 975.1
        },
        "20052": {
            "year_quarter": 20052,
            "year": 2005,
            "quarter": 2,
            "eps": 0.03,
            "eps_growth_year": -81.25,
            "eps_4q": 0.54,
            "eps_4q_growth_year": 3.15,
            "roe": 0.26,
            "roe_4q": 4.829999999999999,
            "gross_profit": 17667,
            "gross_margin": 12.78,
            "gross_margin_4q_avg": 6.27,
            "net_income": 2608,
            "net_income_4q": null,
            "revenue": 138254,
            "revenue_4q": null,
            "common_shares": 1037474,
            "book_valuer_per_share": 9.66,
            "book_valuer_per_share_4q_avg": 9.69,
            "equity": 1002489,
            "current_ratio": 60.42,
            "debt_ratio": 53.44,
            "inventory_turnover_ratio": 0.37,
            "account_receivable_turnover_ratio": null,
            "reinvestment_rate": null,
            "research_to_sale_ratio": null,
            "price_fair": 39.48,
            "eps_avg_yearly": 1.13,
            "eps_latest_yearly": 3.2,
            "eps_growth_yearly": 975.1
        },
        "20053": {
            "year_quarter": 20053,
            "year": 2005,
            "quarter": 3,
            "eps": -0.24,
            "eps_growth_year": -318.18,
            "eps_4q": 0.11,
            "eps_4q_growth_year": -81.77,
            "roe": -2.48,
            "roe_4q": 1.17,
            "gross_profit": 1289,
            "gross_margin": 0.4,
            "gross_margin_4q_avg": 3.95,
            "net_income": -24589,
            "net_income_4q": null,
            "revenue": 318826,
            "revenue_4q": null,
            "common_shares": 1037474,
            "book_valuer_per_share": 9.43,
            "book_valuer_per_share_4q_avg": 9.71,
            "equity": 977900,
            "current_ratio": 50.86,
            "debt_ratio": 51.49,
            "inventory_turnover_ratio": 1.18,
            "account_receivable_turnover_ratio": null,
            "reinvestment_rate": null,
            "research_to_sale_ratio": null,
            "price_fair": 39.48,
            "eps_avg_yearly": 1.13,
            "eps_latest_yearly": 3.2,
            "eps_growth_yearly": 975.1
        },
        "20054": {
            "year_quarter": 20054,
            "year": 2005,
            "quarter": 4,
            "eps": -0.24,
            "eps_growth_year": -130,
            "eps_4q": -0.9,
            "eps_4q_growth_year": -171.54,
            "roe": -2.52,
            "roe_4q": -9.61,
            "gross_profit": 1485,
            "gross_margin": 0.57,
            "gross_margin_4q_avg": 3.59,
            "net_income": -25083,
            "net_income_4q": null,
            "revenue": 258638,
            "revenue_4q": null,
            "common_shares": 1037474,
            "book_valuer_per_share": 9.76,
            "book_valuer_per_share_4q_avg": 9.62,
            "equity": 1012983,
            "current_ratio": 49.03,
            "debt_ratio": 47.86,
            "inventory_turnover_ratio": 1.37,
            "account_receivable_turnover_ratio": null,
            "reinvestment_rate": null,
            "research_to_sale_ratio": null,
            "price_fair": 39.48,
            "eps_avg_yearly": 1.13,
            "eps_latest_yearly": 3.2,
            "eps_growth_yearly": 975.1
        },
        "20061": {
            "year_quarter": 20061,
            "year": 2006,
            "quarter": 1,
            "eps": 0.2,
            "eps_growth_year": null,
            "eps_4q": -0.25,
            "eps_4q_growth_year": -140.97,
            "roe": 2.04,
            "roe_4q": -2.7,
            "gross_profit": 20789,
            "gross_margin": 8.43,
            "gross_margin_4q_avg": 5.55,
            "net_income": 20914,
            "net_income_4q": null,
            "revenue": 246540,
            "revenue_4q": null,
            "common_shares": 1037474,
            "book_valuer_per_share": 9.97,
            "book_valuer_per_share_4q_avg": 9.71,
            "equity": 1033897,
            "current_ratio": 54.54,
            "debt_ratio": 45.38,
            "inventory_turnover_ratio": 1.27,
            "account_receivable_turnover_ratio": null,
            "reinvestment_rate": null,
            "research_to_sale_ratio": null,
            "price_fair": 39.48,
            "eps_avg_yearly": 1.13,
            "eps_latest_yearly": 3.2,
            "eps_growth_yearly": 975.1
        },
        "20062": {
            "year_quarter": 20062,
            "year": 2006,
            "quarter": 2,
            "eps": -0.06,
            "eps_growth_year": -300,
            "eps_4q": -0.34,
            "eps_4q_growth_year": -162.24,
            "roe": -0.62,
            "roe_4q": -3.58,
            "gross_profit": 17187,
            "gross_margin": 8.22,
            "gross_margin_4q_avg": 4.41,
            "net_income": -6419,
            "net_income_4q": null,
            "revenue": 208982,
            "revenue_4q": null,
            "common_shares": 1037474,
            "book_valuer_per_share": 9.9,
            "book_valuer_per_share_4q_avg": 9.77,
            "equity": 1027478,
            "current_ratio": 52.81,
            "debt_ratio": 45.03,
            "inventory_turnover_ratio": 1.04,
            "account_receivable_turnover_ratio": null,
            "reinvestment_rate": null,
            "research_to_sale_ratio": null,
            "price_fair": 39.48,
            "eps_avg_yearly": 1.13,
            "eps_latest_yearly": 3.2,
            "eps_growth_yearly": 975.1
        },
        "20063": {
            "year_quarter": 20063,
            "year": 2006,
            "quarter": 3,
            "eps": 0.07,
            "eps_growth_year": null,
            "eps_4q": -0.03,
            "eps_4q_growth_year": -125.7,
            "roe": 0.73,
            "roe_4q": -0.3700000000000001,
            "gross_profit": 31731,
            "gross_margin": 10.25,
            "gross_margin_4q_avg": 6.87,
            "net_income": 7544,
            "net_income_4q": null,
            "revenue": 309647,
            "revenue_4q": null,
            "common_shares": 1037474,
            "book_valuer_per_share": 9.98,
            "book_valuer_per_share_4q_avg": 9.9,
            "equity": 1035022,
            "current_ratio": 47.81,
            "debt_ratio": 42.43,
            "inventory_turnover_ratio": 1.59,
            "account_receivable_turnover_ratio": null,
            "reinvestment_rate": null,
            "research_to_sale_ratio": null,
            "price_fair": 39.48,
            "eps_avg_yearly": 1.13,
            "eps_latest_yearly": 3.2,
            "eps_growth_yearly": 975.1
        },
        "20064": {
            "year_quarter": 20064,
            "year": 2006,
            "quarter": 4,
            "eps": -0.01,
            "eps_growth_year": null,
            "eps_4q": 0.2,
            "eps_4q_growth_year": null,
            "roe": -0.15,
            "roe_4q": 2,
            "gross_profit": 24533,
            "gross_margin": 9.27,
            "gross_margin_4q_avg": 9.04,
            "net_income": -1507,
            "net_income_4q": null,
            "revenue": 264727,
            "revenue_4q": null,
            "common_shares": 1037474,
            "book_valuer_per_share": 9.96,
            "book_valuer_per_share_4q_avg": 9.95,
            "equity": 1033515,
            "current_ratio": 47.99,
            "debt_ratio": 40.4,
            "inventory_turnover_ratio": 1.61,
            "account_receivable_turnover_ratio": null,
            "reinvestment_rate": null,
            "research_to_sale_ratio": null,
            "price_fair": 39.48,
            "eps_avg_yearly": 1.13,
            "eps_latest_yearly": 3.2,
            "eps_growth_yearly": 975.1
        },
        "20071": {
            "year_quarter": 20071,
            "year": 2007,
            "quarter": 1,
            "eps": -0.02,
            "eps_growth_year": -110,
            "eps_4q": -0.02,
            "eps_4q_growth_year": null,
            "roe": -0.18,
            "roe_4q": -0.21999999999999997,
            "gross_profit": 11801,
            "gross_margin": 6.64,
            "gross_margin_4q_avg": 8.6,
            "net_income": -1890,
            "net_income_4q": null,
            "revenue": 177616,
            "revenue_4q": null,
            "common_shares": 1037474,
            "book_valuer_per_share": 9.94,
            "book_valuer_per_share_4q_avg": 9.95,
            "equity": 1031625,
            "current_ratio": 52.48,
            "debt_ratio": 41.71,
            "inventory_turnover_ratio": 0.97,
            "account_receivable_turnover_ratio": null,
            "reinvestment_rate": -16735.19,
            "research_to_sale_ratio": null,
            "price_fair": 39.48,
            "eps_avg_yearly": 1.13,
            "eps_latest_yearly": 3.2,
            "eps_growth_yearly": 975.1
        },
        "20072": {
            "year_quarter": 20072,
            "year": 2007,
            "quarter": 2,
            "eps": -0.2,
            "eps_growth_year": null,
            "eps_4q": -0.16,
            "eps_4q_growth_year": null,
            "roe": -2,
            "roe_4q": -1.6,
            "gross_profit": -884,
            "gross_margin": -0.8,
            "gross_margin_4q_avg": 6.34,
            "net_income": -20405,
            "net_income_4q": null,
            "revenue": 110569,
            "revenue_4q": null,
            "common_shares": 1037474,
            "book_valuer_per_share": 9.75,
            "book_valuer_per_share_4q_avg": 9.91,
            "equity": 1011220,
            "current_ratio": 57.74,
            "debt_ratio": 44.2,
            "inventory_turnover_ratio": 0.48,
            "account_receivable_turnover_ratio": null,
            "reinvestment_rate": -919.13,
            "research_to_sale_ratio": null,
            "price_fair": 39.48,
            "eps_avg_yearly": 1.13,
            "eps_latest_yearly": 3.2,
            "eps_growth_yearly": 975.1
        },
        "20073": {
            "year_quarter": 20073,
            "year": 2007,
            "quarter": 3,
            "eps": -0.52,
            "eps_growth_year": -842.86,
            "eps_4q": -0.75,
            "eps_4q_growth_year": null,
            "roe": -5.48,
            "roe_4q": -7.8100000000000005,
            "gross_profit": -30451,
            "gross_margin": -15.63,
            "gross_margin_4q_avg": -0.13,
            "net_income": -53960,
            "net_income_4q": null,
            "revenue": 194878,
            "revenue_4q": null,
            "common_shares": 1037474,
            "book_valuer_per_share": 9.23,
            "book_valuer_per_share_4q_avg": 9.72,
            "equity": 957260,
            "current_ratio": 73.94,
            "debt_ratio": 47.45,
            "inventory_turnover_ratio": 0.84,
            "account_receivable_turnover_ratio": null,
            "reinvestment_rate": null,
            "research_to_sale_ratio": null,
            "price_fair": 39.48,
            "eps_avg_yearly": 1.13,
            "eps_latest_yearly": 3.2,
            "eps_growth_yearly": 975.1
        },
        "20074": {
            "year_quarter": 20074,
            "year": 2007,
            "quarter": 4,
            "eps": -0.49,
            "eps_growth_year": null,
            "eps_4q": -1.22,
            "eps_4q_growth_year": -710,
            "roe": -5.4,
            "roe_4q": -13.06,
            "gross_profit": -14114,
            "gross_margin": -9.83,
            "gross_margin_4q_avg": -4.91,
            "net_income": -50350,
            "net_income_4q": null,
            "revenue": 143638,
            "revenue_4q": null,
            "common_shares": 1037474,
            "book_valuer_per_share": 8.74,
            "book_valuer_per_share_4q_avg": 9.42,
            "equity": 906910,
            "current_ratio": 75.59,
            "debt_ratio": 49.72,
            "inventory_turnover_ratio": 0.57,
            "account_receivable_turnover_ratio": null,
            "reinvestment_rate": null,
            "research_to_sale_ratio": null,
            "price_fair": 44.45,
            "eps_avg_yearly": 1.27,
            "eps_latest_yearly": 3.2,
            "eps_growth_yearly": 618.88
        },
        "20081": {
            "year_quarter": 20081,
            "year": 2008,
            "quarter": 1,
            "eps": -0.35,
            "eps_growth_year": null,
            "eps_4q": -1.54,
            "eps_4q_growth_year": null,
            "roe": -4.14,
            "roe_4q": -17.02,
            "gross_profit": -34042,
            "gross_margin": -23.53,
            "gross_margin_4q_avg": -12.45,
            "net_income": -36764,
            "net_income_4q": null,
            "revenue": 144684,
            "revenue_4q": null,
            "common_shares": 1037474,
            "book_valuer_per_share": 8.39,
            "book_valuer_per_share_4q_avg": 9.03,
            "equity": 870146,
            "current_ratio": 70.94,
            "debt_ratio": 51.62,
            "inventory_turnover_ratio": 0.63,
            "account_receivable_turnover_ratio": null,
            "reinvestment_rate": null,
            "research_to_sale_ratio": null,
            "price_fair": 49.93,
            "eps_avg_yearly": 1.43,
            "eps_latest_yearly": 3.2,
            "eps_growth_yearly": 768.03
        },
        "20082": {
            "year_quarter": 20082,
            "year": 2008,
            "quarter": 2,
            "eps": -0.58,
            "eps_growth_year": null,
            "eps_4q": -1.94,
            "eps_4q_growth_year": null,
            "roe": -7.14,
            "roe_4q": -22.16,
            "gross_profit": -45472,
            "gross_margin": -42.99,
            "gross_margin_4q_avg": -23,
            "net_income": -59992,
            "net_income_4q": null,
            "revenue": 105775,
            "revenue_4q": null,
            "common_shares": 1037474,
            "book_valuer_per_share": 7.81,
            "book_valuer_per_share_4q_avg": 8.54,
            "equity": 810154,
            "current_ratio": 63.89,
            "debt_ratio": 54.22,
            "inventory_turnover_ratio": 0.54,
            "account_receivable_turnover_ratio": null,
            "reinvestment_rate": null,
            "research_to_sale_ratio": null,
            "price_fair": 63.7,
            "eps_avg_yearly": 1.82,
            "eps_latest_yearly": 3.2,
            "eps_growth_yearly": 1192.05
        },
        "20083": {
            "year_quarter": 20083,
            "year": 2008,
            "quarter": 3,
            "eps": -0.48,
            "eps_growth_year": null,
            "eps_4q": -1.89,
            "eps_4q_growth_year": null,
            "roe": -6.29,
            "roe_4q": -22.97,
            "gross_profit": -51729,
            "gross_margin": -45.34,
            "gross_margin_4q_avg": -30.42,
            "net_income": -49397,
            "net_income_4q": null,
            "revenue": 114090,
            "revenue_4q": null,
            "common_shares": 1037474,
            "book_valuer_per_share": 7.33,
            "book_valuer_per_share_4q_avg": 8.07,
            "equity": 760757,
            "current_ratio": 57.03,
            "debt_ratio": 55.66,
            "inventory_turnover_ratio": 0.65,
            "account_receivable_turnover_ratio": null,
            "reinvestment_rate": null,
            "research_to_sale_ratio": null,
            "price_fair": 112,
            "eps_avg_yearly": 3.2,
            "eps_latest_yearly": 3.2,
            "eps_growth_yearly": 2509.09
        },
        "20084": {
            "year_quarter": 20084,
            "year": 2008,
            "quarter": 4,
            "eps": -1.74,
            "eps_growth_year": null,
            "eps_4q": -3.15,
            "eps_4q_growth_year": null,
            "roe": -26.88,
            "roe_4q": -44.45,
            "gross_profit": -124006,
            "gross_margin": -94.9,
            "gross_margin_4q_avg": -51.69,
            "net_income": -180250,
            "net_income_4q": null,
            "revenue": 130675,
            "revenue_4q": null,
            "common_shares": 1037474,
            "book_valuer_per_share": 5.6,
            "book_valuer_per_share_4q_avg": 7.28,
            "equity": 580507,
            "current_ratio": 33.99,
            "debt_ratio": 62.64,
            "inventory_turnover_ratio": 1.58,
            "account_receivable_turnover_ratio": 11.68,
            "reinvestment_rate": null,
            "research_to_sale_ratio": null,
            "price_fair": 0,
            "eps_avg_yearly": 0,
            "eps_latest_yearly": 0,
            "eps_growth_yearly": 0
        },
        "20091": {
            "year_quarter": 20091,
            "year": 2009,
            "quarter": 1,
            "eps": -0.21,
            "eps_growth_year": null,
            "eps_4q": -3,
            "eps_4q_growth_year": null,
            "roe": -3.83,
            "roe_4q": -44.14,
            "gross_profit": -17740,
            "gross_margin": -15.64,
            "gross_margin_4q_avg": -49.72,
            "net_income": -21835,
            "net_income_4q": null,
            "revenue": 113427,
            "revenue_4q": null,
            "common_shares": 1037474,
            "book_valuer_per_share": 5.38,
            "book_valuer_per_share_4q_avg": 6.53,
            "equity": 558672,
            "current_ratio": 45.82,
            "debt_ratio": 64.06,
            "inventory_turnover_ratio": 1.5,
            "account_receivable_turnover_ratio": 5.64,
            "reinvestment_rate": null,
            "research_to_sale_ratio": null,
            "price_fair": 0,
            "eps_avg_yearly": 0,
            "eps_latest_yearly": 0,
            "eps_growth_yearly": 0
        },
        "20092": {
            "year_quarter": 20092,
            "year": 2009,
            "quarter": 2,
            "eps": -0.33,
            "eps_growth_year": null,
            "eps_4q": -2.76,
            "eps_4q_growth_year": null,
            "roe": -6.41,
            "roe_4q": -43.41,
            "gross_profit": 3959,
            "gross_margin": 3.13,
            "gross_margin_4q_avg": -38.19,
            "net_income": -34683,
            "net_income_4q": null,
            "revenue": 126505,
            "revenue_4q": null,
            "common_shares": 1037474,
            "book_valuer_per_share": 5.05,
            "book_valuer_per_share_4q_avg": 5.84,
            "equity": 523989,
            "current_ratio": 55.62,
            "debt_ratio": 66.54,
            "inventory_turnover_ratio": 1.05,
            "account_receivable_turnover_ratio": 7.36,
            "reinvestment_rate": null,
            "research_to_sale_ratio": null,
            "price_fair": 0,
            "eps_avg_yearly": 0,
            "eps_latest_yearly": 0,
            "eps_growth_yearly": 0
        },
        "20093": {
            "year_quarter": 20093,
            "year": 2009,
            "quarter": 3,
            "eps": -0.7,
            "eps_growth_year": null,
            "eps_4q": -5.1,
            "eps_4q_growth_year": null,
            "roe": -7.43,
            "roe_4q": -44.55,
            "gross_profit": -22001,
            "gross_margin": -16.98,
            "gross_margin_4q_avg": -31.1,
            "net_income": -37542,
            "net_income_4q": null,
            "revenue": 129602,
            "revenue_4q": null,
            "common_shares": 537474,
            "book_valuer_per_share": 9.05,
            "book_valuer_per_share_4q_avg": 6.27,
            "equity": 486447,
            "current_ratio": 35.51,
            "debt_ratio": 67.46,
            "inventory_turnover_ratio": 1.27,
            "account_receivable_turnover_ratio": 8.23,
            "reinvestment_rate": null,
            "research_to_sale_ratio": null,
            "price_fair": 0,
            "eps_avg_yearly": 0,
            "eps_latest_yearly": 0,
            "eps_growth_yearly": 0
        },
        "20094": {
            "year_quarter": 20094,
            "year": 2009,
            "quarter": 4,
            "eps": -0.83,
            "eps_growth_year": null,
            "eps_4q": -2.58,
            "eps_4q_growth_year": null,
            "roe": -9.61,
            "roe_4q": -27.28,
            "gross_profit": -23320,
            "gross_margin": -28.89,
            "gross_margin_4q_avg": -14.6,
            "net_income": -44622,
            "net_income_4q": null,
            "revenue": 80733,
            "revenue_4q": null,
            "common_shares": 537474,
            "book_valuer_per_share": 8.22,
            "book_valuer_per_share_4q_avg": 6.93,
            "equity": 441825,
            "current_ratio": 22.82,
            "debt_ratio": 69.24,
            "inventory_turnover_ratio": 1.61,
            "account_receivable_turnover_ratio": 18.5,
            "reinvestment_rate": null,
            "research_to_sale_ratio": null,
            "price_fair": 0,
            "eps_avg_yearly": 0,
            "eps_latest_yearly": 0,
            "eps_growth_yearly": 0
        },
        "20101": {
            "year_quarter": 20101,
            "year": 2010,
            "quarter": 1,
            "eps": -0.42,
            "eps_growth_year": null,
            "eps_4q": -2.55,
            "eps_4q_growth_year": null,
            "roe": -4.63,
            "roe_4q": -28.08,
            "gross_profit": -13949,
            "gross_margin": -26.86,
            "gross_margin_4q_avg": -17.4,
            "net_income": -19988,
            "net_income_4q": null,
            "revenue": 51924,
            "revenue_4q": null,
            "common_shares": 537474,
            "book_valuer_per_share": 7.85,
            "book_valuer_per_share_4q_avg": 7.54,
            "equity": 421837,
            "current_ratio": 43.61,
            "debt_ratio": 70.43,
            "inventory_turnover_ratio": 2.18,
            "account_receivable_turnover_ratio": 4.91,
            "reinvestment_rate": null,
            "research_to_sale_ratio": null,
            "price_fair": 0,
            "eps_avg_yearly": 0,
            "eps_latest_yearly": 0,
            "eps_growth_yearly": 0
        },
        "20102": {
            "year_quarter": 20102,
            "year": 2010,
            "quarter": 2,
            "eps": 3.83,
            "eps_growth_year": null,
            "eps_4q": 1.93,
            "eps_4q_growth_year": null,
            "roe": 40.39,
            "roe_4q": 18.72,
            "gross_profit": -19332,
            "gross_margin": -45.22,
            "gross_margin_4q_avg": -29.49,
            "net_income": 205672,
            "net_income_4q": null,
            "revenue": 42754,
            "revenue_4q": null,
            "common_shares": 537474,
            "book_valuer_per_share": 11.1,
            "book_valuer_per_share_4q_avg": 9.06,
            "equity": 596656,
            "current_ratio": 43.89,
            "debt_ratio": 49.54,
            "inventory_turnover_ratio": 2.42,
            "account_receivable_turnover_ratio": 3.21,
            "reinvestment_rate": null,
            "research_to_sale_ratio": null,
            "price_fair": 0,
            "eps_avg_yearly": 0,
            "eps_latest_yearly": 0,
            "eps_growth_yearly": 0
        },
        "20103": {
            "year_quarter": 20103,
            "year": 2010,
            "quarter": 3,
            "eps": -0.35,
            "eps_growth_year": null,
            "eps_4q": 2.27,
            "eps_4q_growth_year": null,
            "roe": -3.24,
            "roe_4q": 22.909999999999997,
            "gross_profit": -14249,
            "gross_margin": -14.25,
            "gross_margin_4q_avg": -28.81,
            "net_income": -19035,
            "net_income_4q": null,
            "revenue": 99984,
            "revenue_4q": null,
            "common_shares": 537474,
            "book_valuer_per_share": 10.75,
            "book_valuer_per_share_4q_avg": 9.48,
            "equity": 577621,
            "current_ratio": 77.95,
            "debt_ratio": 53.76,
            "inventory_turnover_ratio": 1.55,
            "account_receivable_turnover_ratio": 4.4,
            "reinvestment_rate": null,
            "research_to_sale_ratio": null,
            "price_fair": 0,
            "eps_avg_yearly": 0,
            "eps_latest_yearly": 0,
            "eps_growth_yearly": 0
        },
        "20104": {
            "year_quarter": 20104,
            "year": 2010,
            "quarter": 4,
            "eps": -0.72,
            "eps_growth_year": null,
            "eps_4q": 2.38,
            "eps_4q_growth_year": null,
            "roe": -6.98,
            "roe_4q": 25.540000000000003,
            "gross_profit": -8869,
            "gross_margin": -4.05,
            "gross_margin_4q_avg": -22.6,
            "net_income": -38937,
            "net_income_4q": null,
            "revenue": 218789,
            "revenue_4q": null,
            "common_shares": 537474,
            "book_valuer_per_share": 10.02,
            "book_valuer_per_share_4q_avg": 9.93,
            "equity": 538684,
            "current_ratio": 56.04,
            "debt_ratio": 57.8,
            "inventory_turnover_ratio": 1.68,
            "account_receivable_turnover_ratio": 7.17,
            "reinvestment_rate": null,
            "research_to_sale_ratio": null,
            "price_fair": 0,
            "eps_avg_yearly": 0,
            "eps_latest_yearly": 0,
            "eps_growth_yearly": 0
        },
        "20111": {
            "year_quarter": 20111,
            "year": 2011,
            "quarter": 1,
            "eps": 0.15,
            "eps_growth_year": null,
            "eps_4q": 2.9,
            "eps_4q_growth_year": null,
            "roe": 1.48,
            "roe_4q": 31.65,
            "gross_profit": 17585,
            "gross_margin": 6.42,
            "gross_margin_4q_avg": -14.28,
            "net_income": 8043,
            "net_income_4q": null,
            "revenue": 273973,
            "revenue_4q": null,
            "common_shares": 537474,
            "book_valuer_per_share": 10.17,
            "book_valuer_per_share_4q_avg": 10.51,
            "equity": 546727,
            "current_ratio": 68.44,
            "debt_ratio": 59.24,
            "inventory_turnover_ratio": 1.47,
            "account_receivable_turnover_ratio": 5.8,
            "reinvestment_rate": null,
            "research_to_sale_ratio": null,
            "price_fair": 0,
            "eps_avg_yearly": 0,
            "eps_latest_yearly": 0,
            "eps_growth_yearly": 0
        },
        "20112": {
            "year_quarter": 20112,
            "year": 2011,
            "quarter": 2,
            "eps": -0.67,
            "eps_growth_year": -117.47,
            "eps_4q": -1.6,
            "eps_4q_growth_year": -182.94,
            "roe": -6.8,
            "roe_4q": -15.540000000000001,
            "gross_profit": -12640,
            "gross_margin": -4.34,
            "gross_margin_4q_avg": -4.06,
            "net_income": -35932,
            "net_income_4q": null,
            "revenue": 291272,
            "revenue_4q": null,
            "common_shares": 537474,
            "book_valuer_per_share": 9.5,
            "book_valuer_per_share_4q_avg": 10.11,
            "equity": 510795,
            "current_ratio": 96.54,
            "debt_ratio": 62.8,
            "inventory_turnover_ratio": 1.34,
            "account_receivable_turnover_ratio": 3.87,
            "reinvestment_rate": null,
            "research_to_sale_ratio": null,
            "price_fair": 0,
            "eps_avg_yearly": 0,
            "eps_latest_yearly": 0,
            "eps_growth_yearly": 0
        },
        "20113": {
            "year_quarter": 20113,
            "year": 2011,
            "quarter": 3,
            "eps": -0.59,
            "eps_growth_year": null,
            "eps_4q": -1.84,
            "eps_4q_growth_year": -180.91,
            "roe": -6.45,
            "roe_4q": -18.75,
            "gross_profit": -7857,
            "gross_margin": -2.44,
            "gross_margin_4q_avg": -1.1,
            "net_income": -31908,
            "net_income_4q": null,
            "revenue": 321739,
            "revenue_4q": null,
            "common_shares": 537474,
            "book_valuer_per_share": 8.91,
            "book_valuer_per_share_4q_avg": 9.65,
            "equity": 478887,
            "current_ratio": 88.3,
            "debt_ratio": 65.13,
            "inventory_turnover_ratio": 1.34,
            "account_receivable_turnover_ratio": 3.23,
            "reinvestment_rate": null,
            "research_to_sale_ratio": 0.21,
            "price_fair": 0,
            "eps_avg_yearly": 0,
            "eps_latest_yearly": 0,
            "eps_growth_yearly": 0
        },
        "20114": {
            "year_quarter": 20114,
            "year": 2011,
            "quarter": 4,
            "eps": -1.96,
            "eps_growth_year": null,
            "eps_4q": -2.83,
            "eps_4q_growth_year": -219.11,
            "roe": -26.44,
            "roe_4q": -38.21,
            "gross_profit": -49007,
            "gross_margin": -21.92,
            "gross_margin_4q_avg": -5.57,
            "net_income": -134770,
            "net_income_4q": null,
            "revenue": 223529,
            "revenue_4q": null,
            "common_shares": 687474,
            "book_valuer_per_share": 7.86,
            "book_valuer_per_share_4q_avg": 9.11,
            "equity": 540604,
            "current_ratio": 87.82,
            "debt_ratio": 58,
            "inventory_turnover_ratio": 1.34,
            "account_receivable_turnover_ratio": 2.13,
            "reinvestment_rate": null,
            "research_to_sale_ratio": 0.15,
            "price_fair": 0,
            "eps_avg_yearly": 0,
            "eps_latest_yearly": 0,
            "eps_growth_yearly": 0
        },
        "20121": {
            "year_quarter": 20121,
            "year": 2012,
            "quarter": 1,
            "eps": -0.24,
            "eps_growth_year": -260,
            "eps_4q": -3.19,
            "eps_4q_growth_year": -210,
            "roe": -3.1,
            "roe_4q": -42.79,
            "gross_profit": -1938,
            "gross_margin": -0.71,
            "gross_margin_4q_avg": -7.35,
            "net_income": -16516,
            "net_income_4q": null,
            "revenue": 274076,
            "revenue_4q": null,
            "common_shares": 687474,
            "book_valuer_per_share": 0,
            "book_valuer_per_share_4q_avg": 6.57,
            "equity": 524088,
            "current_ratio": 95.79,
            "debt_ratio": 61.33,
            "inventory_turnover_ratio": 1.41,
            "account_receivable_turnover_ratio": 2.22,
            "reinvestment_rate": null,
            "research_to_sale_ratio": 0.1,
            "price_fair": 0,
            "eps_avg_yearly": 0,
            "eps_latest_yearly": 0,
            "eps_growth_yearly": 0
        },
        "20122": {
            "year_quarter": 20122,
            "year": 2012,
            "quarter": 2,
            "eps": -0.59,
            "eps_growth_year": null,
            "eps_4q": -3.25,
            "eps_4q_growth_year": null,
            "roe": -8.05,
            "roe_4q": -44.040000000000006,
            "gross_profit": -22784,
            "gross_margin": -9.63,
            "gross_margin_4q_avg": -8.68,
            "net_income": -40564,
            "net_income_4q": null,
            "revenue": 236491,
            "revenue_4q": null,
            "common_shares": 687474,
            "book_valuer_per_share": 0,
            "book_valuer_per_share_4q_avg": 4.19,
            "equity": 483524,
            "current_ratio": 83.25,
            "debt_ratio": 64.57,
            "inventory_turnover_ratio": 1.21,
            "account_receivable_turnover_ratio": 1.77,
            "reinvestment_rate": null,
            "research_to_sale_ratio": 0.27,
            "price_fair": 0,
            "eps_avg_yearly": 0,
            "eps_latest_yearly": 0,
            "eps_growth_yearly": 0
        },
        "20123": {
            "year_quarter": 20123,
            "year": 2012,
            "quarter": 3,
            "eps": -0.7,
            "eps_growth_year": null,
            "eps_4q": -3.49,
            "eps_4q_growth_year": null,
            "roe": -10.11,
            "roe_4q": -47.7,
            "gross_profit": -26543,
            "gross_margin": -11.35,
            "gross_margin_4q_avg": -10.9,
            "net_income": -47967,
            "net_income_4q": null,
            "revenue": 233825,
            "revenue_4q": null,
            "common_shares": 687474,
            "book_valuer_per_share": 6.34,
            "book_valuer_per_share_4q_avg": 3.55,
            "equity": 465556,
            "current_ratio": 76.6,
            "debt_ratio": 64.51,
            "inventory_turnover_ratio": 1.35,
            "account_receivable_turnover_ratio": 2.09,
            "reinvestment_rate": null,
            "research_to_sale_ratio": 0.79,
            "price_fair": 0,
            "eps_avg_yearly": 0,
            "eps_latest_yearly": 0,
            "eps_growth_yearly": 0
        },
        "20124": {
            "year_quarter": 20124,
            "year": 2012,
            "quarter": 4,
            "eps": -0.52,
            "eps_growth_year": null,
            "eps_4q": -2.05,
            "eps_4q_growth_year": null,
            "roe": -7.83,
            "roe_4q": -29.09,
            "gross_profit": -16849,
            "gross_margin": -7.21,
            "gross_margin_4q_avg": -7.23,
            "net_income": -35275,
            "net_income_4q": null,
            "revenue": 233580,
            "revenue_4q": null,
            "common_shares": 687474,
            "book_valuer_per_share": 5.81,
            "book_valuer_per_share_4q_avg": 3.04,
            "equity": 435308,
            "current_ratio": 70.41,
            "debt_ratio": 66.45,
            "inventory_turnover_ratio": 1.49,
            "account_receivable_turnover_ratio": 2.32,
            "reinvestment_rate": null,
            "research_to_sale_ratio": 0.18,
            "price_fair": 0,
            "eps_avg_yearly": 0,
            "eps_latest_yearly": 0,
            "eps_growth_yearly": 0
        },
        "20131": {
            "year_quarter": 20131,
            "year": 2013,
            "quarter": 1,
            "eps": -0.42,
            "eps_growth_year": null,
            "eps_4q": -2.22,
            "eps_4q_growth_year": null,
            "roe": -6.73,
            "roe_4q": -32.72,
            "gross_profit": -12715,
            "gross_margin": -7.48,
            "gross_margin_4q_avg": -8.92,
            "net_income": -28880,
            "net_income_4q": null,
            "revenue": 169946,
            "revenue_4q": null,
            "common_shares": 687474,
            "book_valuer_per_share": 5.64,
            "book_valuer_per_share_4q_avg": 4.45,
            "equity": 423561,
            "current_ratio": 135.22,
            "debt_ratio": 68.67,
            "inventory_turnover_ratio": 1.01,
            "account_receivable_turnover_ratio": 1.92,
            "reinvestment_rate": null,
            "research_to_sale_ratio": 0.17,
            "price_fair": 0,
            "eps_avg_yearly": 0,
            "eps_latest_yearly": 0,
            "eps_growth_yearly": 0
        },
        "20132": {
            "year_quarter": 20132,
            "year": 2013,
            "quarter": 2,
            "eps": -0.62,
            "eps_growth_year": null,
            "eps_4q": -2.15,
            "eps_4q_growth_year": null,
            "roe": -10.27,
            "roe_4q": -34.94,
            "gross_profit": -25936,
            "gross_margin": -11.13,
            "gross_margin_4q_avg": -9.29,
            "net_income": -42771,
            "net_income_4q": null,
            "revenue": 233042,
            "revenue_4q": null,
            "common_shares": 687474,
            "book_valuer_per_share": 5.44,
            "book_valuer_per_share_4q_avg": 5.81,
            "equity": 409764,
            "current_ratio": 106.57,
            "debt_ratio": 73.57,
            "inventory_turnover_ratio": 1.18,
            "account_receivable_turnover_ratio": 2.06,
            "reinvestment_rate": null,
            "research_to_sale_ratio": 0.26,
            "price_fair": 0,
            "eps_avg_yearly": 0,
            "eps_latest_yearly": 0,
            "eps_growth_yearly": 0
        },
        "20133": {
            "year_quarter": 20133,
            "year": 2013,
            "quarter": 3,
            "eps": -0.59,
            "eps_growth_year": null,
            "eps_4q": -1.78,
            "eps_4q_growth_year": null,
            "roe": -9.68,
            "roe_4q": -34.51,
            "gross_profit": -20750,
            "gross_margin": -5.12,
            "gross_margin_4q_avg": -7.74,
            "net_income": -42363,
            "net_income_4q": null,
            "revenue": 405163,
            "revenue_4q": null,
            "common_shares": 839251,
            "book_valuer_per_share": 5.12,
            "book_valuer_per_share_4q_avg": 5.5,
            "equity": 465197,
            "current_ratio": 77.48,
            "debt_ratio": 71.9,
            "inventory_turnover_ratio": 1.67,
            "account_receivable_turnover_ratio": 2.36,
            "reinvestment_rate": null,
            "research_to_sale_ratio": 0.11,
            "price_fair": 0,
            "eps_avg_yearly": 0,
            "eps_latest_yearly": 0,
            "eps_growth_yearly": 0
        },
        "20134": {
            "year_quarter": 20134,
            "year": 2013,
            "quarter": 4,
            "eps": -0.44,
            "eps_growth_year": null,
            "eps_4q": -1.63,
            "eps_4q_growth_year": null,
            "roe": -9.36,
            "roe_4q": -36.04,
            "gross_profit": -23353,
            "gross_margin": -5.43,
            "gross_margin_4q_avg": -7.29,
            "net_income": -45821,
            "net_income_4q": null,
            "revenue": 430231,
            "revenue_4q": null,
            "common_shares": 949918,
            "book_valuer_per_share": 5.08,
            "book_valuer_per_share_4q_avg": 5.32,
            "equity": 513461,
            "current_ratio": 69.21,
            "debt_ratio": 67.4,
            "inventory_turnover_ratio": 1.91,
            "account_receivable_turnover_ratio": 2.14,
            "reinvestment_rate": null,
            "research_to_sale_ratio": 0.18,
            "price_fair": 0,
            "eps_avg_yearly": 0,
            "eps_latest_yearly": 0,
            "eps_growth_yearly": 0
        },
        "20141": {
            "year_quarter": 20141,
            "year": 2014,
            "quarter": 1,
            "eps": -0.24,
            "eps_growth_year": null,
            "eps_4q": -1.58,
            "eps_4q_growth_year": null,
            "roe": -5.7,
            "roe_4q": -35.01,
            "gross_profit": -8900,
            "gross_margin": -2.73,
            "gross_margin_4q_avg": -6.1,
            "net_income": -28434,
            "net_income_4q": null,
            "revenue": 326195,
            "revenue_4q": null,
            "common_shares": 949918,
            "book_valuer_per_share": 4.83,
            "book_valuer_per_share_4q_avg": 5.12,
            "equity": 485027,
            "current_ratio": 64.06,
            "debt_ratio": 70.85,
            "inventory_turnover_ratio": 1.09,
            "account_receivable_turnover_ratio": 2.07,
            "reinvestment_rate": null,
            "research_to_sale_ratio": 0.15,
            "price_fair": 0,
            "eps_avg_yearly": 0,
            "eps_latest_yearly": 0,
            "eps_growth_yearly": 0
        },
        "20142": {
            "year_quarter": 20142,
            "year": 2014,
            "quarter": 2,
            "eps": -0.24,
            "eps_growth_year": null,
            "eps_4q": -1.36,
            "eps_4q_growth_year": null,
            "roe": -5.83,
            "roe_4q": -30.57,
            "gross_profit": -7497,
            "gross_margin": -1.77,
            "gross_margin_4q_avg": -3.76,
            "net_income": -27497,
            "net_income_4q": null,
            "revenue": 423178,
            "revenue_4q": null,
            "common_shares": 949918,
            "book_valuer_per_share": 4.59,
            "book_valuer_per_share_4q_avg": 4.91,
            "equity": 457530,
            "current_ratio": 53.94,
            "debt_ratio": 69.77,
            "inventory_turnover_ratio": 1.23,
            "account_receivable_turnover_ratio": 3.81,
            "reinvestment_rate": null,
            "research_to_sale_ratio": 0.08,
            "price_fair": 0,
            "eps_avg_yearly": 0,
            "eps_latest_yearly": 0,
            "eps_growth_yearly": 0
        },
        "20143": {
            "year_quarter": 20143,
            "year": 2014,
            "quarter": 3,
            "eps": -0.79,
            "eps_growth_year": null,
            "eps_4q": -2.69,
            "eps_4q_growth_year": null,
            "roe": -8.84,
            "roe_4q": -29.73,
            "gross_profit": -17953,
            "gross_margin": -6.81,
            "gross_margin_4q_avg": -4.19,
            "net_income": -38655,
            "net_income_4q": null,
            "revenue": 263689,
            "revenue_4q": null,
            "common_shares": 459918,
            "book_valuer_per_share": 8.7,
            "book_valuer_per_share_4q_avg": 5.8,
            "equity": 417031,
            "current_ratio": 51.98,
            "debt_ratio": 72.41,
            "inventory_turnover_ratio": 1.05,
            "account_receivable_turnover_ratio": 1.83,
            "reinvestment_rate": null,
            "research_to_sale_ratio": 0.05,
            "price_fair": 0,
            "eps_avg_yearly": 0,
            "eps_latest_yearly": 0,
            "eps_growth_yearly": 0
        },
        "20144": {
            "year_quarter": 20144,
            "year": 2014,
            "quarter": 4,
            "eps": -1.07,
            "eps_growth_year": null,
            "eps_4q": -2.85,
            "eps_4q_growth_year": null,
            "roe": -15.68,
            "roe_4q": -36.050000000000004,
            "gross_profit": -32032,
            "gross_margin": -7.7,
            "gross_margin_4q_avg": -4.75,
            "net_income": -60652,
            "net_income_4q": null,
            "revenue": 416154,
            "revenue_4q": null,
            "common_shares": 459918,
            "book_valuer_per_share": 7.63,
            "book_valuer_per_share_4q_avg": 6.44,
            "equity": 356379,
            "current_ratio": 41.59,
            "debt_ratio": 73.47,
            "inventory_turnover_ratio": 2.57,
            "account_receivable_turnover_ratio": 2.29,
            "reinvestment_rate": null,
            "research_to_sale_ratio": 0.04,
            "price_fair": 0,
            "eps_avg_yearly": 0,
            "eps_latest_yearly": 0,
            "eps_growth_yearly": 0
        },
        "20151": {
            "year_quarter": 20151,
            "year": 2015,
            "quarter": 1,
            "eps": -0.84,
            "eps_growth_year": null,
            "eps_4q": -3.19,
            "eps_4q_growth_year": null,
            "roe": -11.91,
            "roe_4q": -42.26,
            "gross_profit": -19556,
            "gross_margin": -10.05,
            "gross_margin_4q_avg": -6.58,
            "net_income": -40066,
            "net_income_4q": null,
            "revenue": 194680,
            "revenue_4q": null,
            "common_shares": 459918,
            "book_valuer_per_share": 6.79,
            "book_valuer_per_share_4q_avg": 6.93,
            "equity": 316313,
            "current_ratio": 50.08,
            "debt_ratio": 76.55,
            "inventory_turnover_ratio": 1.94,
            "account_receivable_turnover_ratio": 1.08,
            "reinvestment_rate": null,
            "research_to_sale_ratio": 0.05,
            "price_fair": 0,
            "eps_avg_yearly": 0,
            "eps_latest_yearly": 0,
            "eps_growth_yearly": 0
        },
        "20152": {
            "year_quarter": 20152,
            "year": 2015,
            "quarter": 2,
            "eps": -1.06,
            "eps_growth_year": null,
            "eps_4q": -3.76,
            "eps_4q_growth_year": null,
            "roe": -17.05,
            "roe_4q": -53.480000000000004,
            "gross_profit": -27251,
            "gross_margin": -9.55,
            "gross_margin_4q_avg": -8.53,
            "net_income": -49687,
            "net_income_4q": null,
            "revenue": 285464,
            "revenue_4q": null,
            "common_shares": 459918,
            "book_valuer_per_share": 5.73,
            "book_valuer_per_share_4q_avg": 7.21,
            "equity": 266626,
            "current_ratio": 42.9,
            "debt_ratio": 78.99,
            "inventory_turnover_ratio": 2.61,
            "account_receivable_turnover_ratio": 2.18,
            "reinvestment_rate": null,
            "research_to_sale_ratio": 0.05,
            "price_fair": 0,
            "eps_avg_yearly": 0,
            "eps_latest_yearly": 0,
            "eps_growth_yearly": 0
        },
        "20153": {
            "year_quarter": 20153,
            "year": 2015,
            "quarter": 3,
            "eps": -1.28,
            "eps_growth_year": null,
            "eps_4q": -4.25,
            "eps_4q_growth_year": null,
            "roe": -24.86,
            "roe_4q": -69.5,
            "gross_profit": -28608,
            "gross_margin": -11.06,
            "gross_margin_4q_avg": -9.59,
            "net_income": -58946,
            "net_income_4q": null,
            "revenue": 258637,
            "revenue_4q": null,
            "common_shares": 459918,
            "book_valuer_per_share": 4.41,
            "book_valuer_per_share_4q_avg": 6.14,
            "equity": 207680,
            "current_ratio": 92.38,
            "debt_ratio": 83.86,
            "inventory_turnover_ratio": 1.92,
            "account_receivable_turnover_ratio": 3.29,
            "reinvestment_rate": null,
            "research_to_sale_ratio": 0.05,
            "price_fair": 0,
            "eps_avg_yearly": 0,
            "eps_latest_yearly": 0,
            "eps_growth_yearly": 0
        },
        "20154": {
            "year_quarter": 20154,
            "year": 2015,
            "quarter": 4,
            "eps": -1.31,
            "eps_growth_year": null,
            "eps_4q": -4.49,
            "eps_4q_growth_year": null,
            "roe": -38.18,
            "roe_4q": -92,
            "gross_profit": -28738,
            "gross_margin": -17.45,
            "gross_margin_4q_avg": -12.03,
            "net_income": -65696,
            "net_income_4q": null,
            "revenue": 164656,
            "revenue_4q": null,
            "common_shares": 459918,
            "book_valuer_per_share": 2.97,
            "book_valuer_per_share_4q_avg": 4.98,
            "equity": 136484,
            "current_ratio": 83.71,
            "debt_ratio": 88.38,
            "inventory_turnover_ratio": 1.7,
            "account_receivable_turnover_ratio": 1.69,
            "reinvestment_rate": null,
            "research_to_sale_ratio": 0.08,
            "price_fair": 0,
            "eps_avg_yearly": 0,
            "eps_latest_yearly": 0,
            "eps_growth_yearly": 0
        },
        "20161": {
            "year_quarter": 20161,
            "year": 2016,
            "quarter": 1,
            "eps": -0.66,
            "eps_growth_year": null,
            "eps_4q": -4.31,
            "eps_4q_growth_year": null,
            "roe": -25.09,
            "roe_4q": -105.17999999999999,
            "gross_profit": -7263,
            "gross_margin": -5.06,
            "gross_margin_4q_avg": -10.78,
            "net_income": -30429,
            "net_income_4q": null,
            "revenue": 143411,
            "revenue_4q": null,
            "common_shares": 459918,
            "book_valuer_per_share": 2.31,
            "book_valuer_per_share_4q_avg": 3.86,
            "equity": 106055,
            "current_ratio": 75.45,
            "debt_ratio": 90.42,
            "inventory_turnover_ratio": 3.38,
            "account_receivable_turnover_ratio": 1.51,
            "reinvestment_rate": null,
            "research_to_sale_ratio": 0,
            "price_fair": 0,
            "eps_avg_yearly": 0,
            "eps_latest_yearly": 0,
            "eps_growth_yearly": 0
        },
        "20162": {
            "year_quarter": 20162,
            "year": 2016,
            "quarter": 2,
            "eps": -0.57,
            "eps_growth_year": null,
            "eps_4q": -3.81,
            "eps_4q_growth_year": null,
            "roe": -27.96,
            "roe_4q": -116.08999999999999,
            "gross_profit": -7149,
            "gross_margin": -7.41,
            "gross_margin_4q_avg": -10.25,
            "net_income": -26014,
            "net_income_4q": null,
            "revenue": 96491,
            "revenue_4q": null,
            "common_shares": 459918,
            "book_valuer_per_share": 1.74,
            "book_valuer_per_share_4q_avg": 2.86,
            "equity": 80041,
            "current_ratio": 74.47,
            "debt_ratio": 92.74,
            "inventory_turnover_ratio": 2.63,
            "account_receivable_turnover_ratio": 1.36,
            "reinvestment_rate": null,
            "research_to_sale_ratio": 0,
            "price_fair": 0,
            "eps_avg_yearly": 0,
            "eps_latest_yearly": 0,
            "eps_growth_yearly": 0
        },
        "20163": {
            "year_quarter": 20163,
            "year": 2016,
            "quarter": 3,
            "eps": 2.31,
            "eps_growth_year": null,
            "eps_4q": -0.23,
            "eps_4q_growth_year": null,
            "roe": 79.68,
            "roe_4q": -11.549999999999994,
            "gross_profit": -31909,
            "gross_margin": -32.49,
            "gross_margin_4q_avg": -15.6,
            "net_income": 106022,
            "net_income_4q": null,
            "revenue": 98208,
            "revenue_4q": null,
            "common_shares": 459918,
            "book_valuer_per_share": 4.05,
            "book_valuer_per_share_4q_avg": 2.77,
            "equity": 186063,
            "current_ratio": 64.91,
            "debt_ratio": 78.75,
            "inventory_turnover_ratio": 3.3,
            "account_receivable_turnover_ratio": 1.51,
            "reinvestment_rate": null,
            "research_to_sale_ratio": 0,
            "price_fair": 0,
            "eps_avg_yearly": 0,
            "eps_latest_yearly": 0,
            "eps_growth_yearly": 0
        },
        "20164": {
            "year_quarter": 20164,
            "year": 2016,
            "quarter": 4,
            "eps": -0.66,
            "eps_growth_year": null,
            "eps_4q": 0.42,
            "eps_4q_growth_year": null,
            "roe": -17.83,
            "roe_4q": 8.800000000000008,
            "gross_profit": 712,
            "gross_margin": 1.05,
            "gross_margin_4q_avg": -10.98,
            "net_income": -30467,
            "net_income_4q": null,
            "revenue": 68094,
            "revenue_4q": null,
            "common_shares": 459918,
            "book_valuer_per_share": 3.38,
            "book_valuer_per_share_4q_avg": 2.87,
            "equity": 155596,
            "current_ratio": 51.71,
            "debt_ratio": 80.8,
            "inventory_turnover_ratio": 1.87,
            "account_receivable_turnover_ratio": 1.18,
            "reinvestment_rate": null,
            "research_to_sale_ratio": 0,
            "price_fair": 0,
            "eps_avg_yearly": 0,
            "eps_latest_yearly": 0,
            "eps_growth_yearly": 0
        },
        "20171": {
            "year_quarter": 20171,
            "year": 2017,
            "quarter": 1,
            "eps": -0.4,
            "eps_growth_year": null,
            "eps_4q": 0.68,
            "eps_4q_growth_year": null,
            "roe": -8.13,
            "roe_4q": 25.760000000000005,
            "gross_profit": -2163,
            "gross_margin": -3.61,
            "gross_margin_4q_avg": -10.62,
            "net_income": -18326,
            "net_income_4q": null,
            "revenue": 59939,
            "revenue_4q": null,
            "common_shares": 459918,
            "book_valuer_per_share": 6.41,
            "book_valuer_per_share_4q_avg": 3.9,
            "equity": 294977,
            "current_ratio": 52.59,
            "debt_ratio": 70.4,
            "inventory_turnover_ratio": 1.55,
            "account_receivable_turnover_ratio": 1.04,
            "reinvestment_rate": null,
            "research_to_sale_ratio": null,
            "price_fair": 0,
            "eps_avg_yearly": 0,
            "eps_latest_yearly": 0,
            "eps_growth_yearly": 0
        },
        "20172": {
            "year_quarter": 20172,
            "year": 2017,
            "quarter": 2,
            "eps": -0.41,
            "eps_growth_year": null,
            "eps_4q": 0.83,
            "eps_4q_growth_year": null,
            "roe": -6.67,
            "roe_4q": 47.05000000000001,
            "gross_profit": -6201,
            "gross_margin": -13.55,
            "gross_margin_4q_avg": -12.15,
            "net_income": -19041,
            "net_income_4q": null,
            "revenue": 45779,
            "revenue_4q": null,
            "common_shares": 459918,
            "book_valuer_per_share": 6,
            "book_valuer_per_share_4q_avg": 4.96,
            "equity": 275936,
            "current_ratio": 58.84,
            "debt_ratio": 72.72,
            "inventory_turnover_ratio": 1.17,
            "account_receivable_turnover_ratio": 0.64,
            "reinvestment_rate": null,
            "research_to_sale_ratio": null,
            "price_fair": 0,
            "eps_avg_yearly": 0,
            "eps_latest_yearly": 0,
            "eps_growth_yearly": 0
        },
        "20173": {
            "year_quarter": 20173,
            "year": 2017,
            "quarter": 3,
            "eps": -0.6,
            "eps_growth_year": -125.97,
            "eps_4q": -2.07,
            "eps_4q_growth_year": null,
            "roe": -10.47,
            "roe_4q": -43.1,
            "gross_profit": -10072,
            "gross_margin": -14.1,
            "gross_margin_4q_avg": -7.55,
            "net_income": -27442,
            "net_income_4q": null,
            "revenue": 71434,
            "revenue_4q": null,
            "common_shares": 459918,
            "book_valuer_per_share": 5.4,
            "book_valuer_per_share_4q_avg": 5.3,
            "equity": 248494,
            "current_ratio": 52.22,
            "debt_ratio": 77.17,
            "inventory_turnover_ratio": 1.4,
            "account_receivable_turnover_ratio": 0.86,
            "reinvestment_rate": null,
            "research_to_sale_ratio": null,
            "price_fair": 0,
            "eps_avg_yearly": 0,
            "eps_latest_yearly": 0,
            "eps_growth_yearly": 0
        },
        "20174": {
            "year_quarter": 20174,
            "year": 2017,
            "quarter": 4,
            "eps": 0.37,
            "eps_growth_year": null,
            "eps_4q": -1.04,
            "eps_4q_growth_year": -349.91,
            "roe": 6.63,
            "roe_4q": -18.64,
            "gross_profit": -19117,
            "gross_margin": -14.92,
            "gross_margin_4q_avg": -11.55,
            "net_income": 17047,
            "net_income_4q": null,
            "revenue": 128169,
            "revenue_4q": null,
            "common_shares": 459918,
            "book_valuer_per_share": 5.77,
            "book_valuer_per_share_4q_avg": 5.9,
            "equity": 265541,
            "current_ratio": 42.93,
            "debt_ratio": 76.58,
            "inventory_turnover_ratio": 1.99,
            "account_receivable_turnover_ratio": 2.01,
            "reinvestment_rate": null,
            "research_to_sale_ratio": null,
            "price_fair": 0,
            "eps_avg_yearly": 0,
            "eps_latest_yearly": 0,
            "eps_growth_yearly": 0
        },
        "20181": {
            "year_quarter": 20181,
            "year": 2018,
            "quarter": 1,
            "eps": -0.77,
            "eps_growth_year": null,
            "eps_4q": -1.41,
            "eps_4q_growth_year": -307.28,
            "roe": -14.23,
            "roe_4q": -24.740000000000002,
            "gross_profit": -10801,
            "gross_margin": -5.96,
            "gross_margin_4q_avg": -12.13,
            "net_income": -35267,
            "net_income_4q": null,
            "revenue": 181347,
            "revenue_4q": null,
            "common_shares": 459918,
            "book_valuer_per_share": 5.01,
            "book_valuer_per_share_4q_avg": 5.55,
            "equity": 230274,
            "current_ratio": 40.18,
            "debt_ratio": 80.62,
            "inventory_turnover_ratio": 2.29,
            "account_receivable_turnover_ratio": 2.88,
            "reinvestment_rate": null,
            "research_to_sale_ratio": null,
            "price_fair": 0,
            "eps_avg_yearly": 0,
            "eps_latest_yearly": 0,
            "eps_growth_yearly": 0
        },
        "20182": {
            "year_quarter": 20182,
            "year": 2018,
            "quarter": 2,
            "eps": -2.32,
            "eps_growth_year": null,
            "eps_4q": -3.31,
            "eps_4q_growth_year": -498.99,
            "roe": -60.31,
            "roe_4q": -78.38000000000001,
            "gross_profit": -38217,
            "gross_margin": -32.91,
            "gross_margin_4q_avg": -16.97,
            "net_income": -106705,
            "net_income_4q": null,
            "revenue": 116140,
            "revenue_4q": null,
            "common_shares": 459918,
            "book_valuer_per_share": 2.69,
            "book_valuer_per_share_4q_avg": 4.72,
            "equity": 123569,
            "current_ratio": 36.86,
            "debt_ratio": 89.14,
            "inventory_turnover_ratio": 1.77,
            "account_receivable_turnover_ratio": 1.61,
            "reinvestment_rate": null,
            "research_to_sale_ratio": null,
            "price_fair": 0,
            "eps_avg_yearly": 0,
            "eps_latest_yearly": 0,
            "eps_growth_yearly": 0
        },
        "20183": {
            "year_quarter": 20183,
            "year": 2018,
            "quarter": 3,
            "eps": -1.01,
            "eps_growth_year": null,
            "eps_4q": -3.73,
            "eps_4q_growth_year": null,
            "roe": -46.41,
            "roe_4q": -114.32000000000001,
            "gross_profit": -10430,
            "gross_margin": -13.78,
            "gross_margin_4q_avg": -16.89,
            "net_income": -46548,
            "net_income_4q": null,
            "revenue": 75703,
            "revenue_4q": null,
            "common_shares": 459918,
            "book_valuer_per_share": 1.67,
            "book_valuer_per_share_4q_avg": 3.79,
            "equity": 77022,
            "current_ratio": 44.4,
            "debt_ratio": 92.74,
            "inventory_turnover_ratio": 1.29,
            "account_receivable_turnover_ratio": 1.21,
            "reinvestment_rate": null,
            "research_to_sale_ratio": null,
            "price_fair": 0,
            "eps_avg_yearly": 0,
            "eps_latest_yearly": 0,
            "eps_growth_yearly": 0
        },
        "20184": {
            "year_quarter": 20184,
            "year": 2018,
            "quarter": 4,
            "eps": -0.4,
            "eps_growth_year": -208.99,
            "eps_4q": -4.5,
            "eps_4q_growth_year": null,
            "roe": -27.43,
            "roe_4q": -148.38,
            "gross_profit": -8311,
            "gross_margin": -16.97,
            "gross_margin_4q_avg": -17.41,
            "net_income": -18580,
            "net_income_4q": null,
            "revenue": 48971,
            "revenue_4q": null,
            "common_shares": 459918,
            "book_valuer_per_share": 1.27,
            "book_valuer_per_share_4q_avg": 2.66,
            "equity": 58442,
            "current_ratio": 41.84,
            "debt_ratio": 94.25,
            "inventory_turnover_ratio": 1.17,
            "account_receivable_turnover_ratio": 0.77,
            "reinvestment_rate": null,
            "research_to_sale_ratio": null,
            "price_fair": 0,
            "eps_avg_yearly": 0,
            "eps_latest_yearly": 0,
            "eps_growth_yearly": 0
        },
        "20191": {
            "year_quarter": 20191,
            "year": 2019,
            "quarter": 1,
            "eps": 8.33,
            "eps_growth_year": null,
            "eps_4q": 4.59,
            "eps_4q_growth_year": null,
            "roe": 153.24,
            "roe_4q": 19.090000000000003,
            "gross_profit": -1458,
            "gross_margin": -2.99,
            "gross_margin_4q_avg": -16.66,
            "net_income": 383025,
            "net_income_4q": null,
            "revenue": 48807,
            "revenue_4q": null,
            "common_shares": 459918,
            "book_valuer_per_share": 9.6,
            "book_valuer_per_share_4q_avg": 3.81,
            "equity": 441467,
            "current_ratio": 291.23,
            "debt_ratio": 39.16,
            "inventory_turnover_ratio": 1.05,
            "account_receivable_turnover_ratio": 0.72,
            "reinvestment_rate": null,
            "research_to_sale_ratio": null,
            "price_fair": 0,
            "eps_avg_yearly": 0,
            "eps_latest_yearly": 0,
            "eps_growth_yearly": 0
        },
        "20192": {
            "year_quarter": 20192,
            "year": 2019,
            "quarter": 2,
            "eps": -0.47,
            "eps_growth_year": null,
            "eps_4q": 6.45,
            "eps_4q_growth_year": null,
            "roe": -4.95,
            "roe_4q": 74.45000000000002,
            "gross_profit": -190,
            "gross_margin": -0.44,
            "gross_margin_4q_avg": -8.55,
            "net_income": -21336,
            "net_income_4q": null,
            "revenue": 43352,
            "revenue_4q": null,
            "common_shares": 459918,
            "book_valuer_per_share": 9.13,
            "book_valuer_per_share_4q_avg": 5.42,
            "equity": 420131,
            "current_ratio": 305.81,
            "debt_ratio": 31.32,
            "inventory_turnover_ratio": 0.94,
            "account_receivable_turnover_ratio": 0.78,
            "reinvestment_rate": -10708.49,
            "research_to_sale_ratio": null,
            "price_fair": 0,
            "eps_avg_yearly": 0,
            "eps_latest_yearly": 0,
            "eps_growth_yearly": 0
        },
        "20193": {
            "year_quarter": 20193,
            "year": 2019,
            "quarter": 3,
            "eps": -0.69,
            "eps_growth_year": null,
            "eps_4q": 6.76,
            "eps_4q_growth_year": null,
            "roe": -7.92,
            "roe_4q": 112.94,
            "gross_profit": -2201,
            "gross_margin": -7.57,
            "gross_margin_4q_avg": -6.99,
            "net_income": -32020,
            "net_income_4q": null,
            "revenue": 29061,
            "revenue_4q": null,
            "common_shares": 459918,
            "book_valuer_per_share": 8.44,
            "book_valuer_per_share_4q_avg": 7.11,
            "equity": 388111,
            "current_ratio": 241.64,
            "debt_ratio": 34.57,
            "inventory_turnover_ratio": 0.72,
            "account_receivable_turnover_ratio": 0.74,
            "reinvestment_rate": -2229.62,
            "research_to_sale_ratio": null,
            "price_fair": 0,
            "eps_avg_yearly": 0,
            "eps_latest_yearly": 0,
            "eps_growth_yearly": 0
        },
        "20194": {
            "year_quarter": 20194,
            "year": 2019,
            "quarter": 4,
            "eps": -0.35,
            "eps_growth_year": null,
            "eps_4q": 6.82,
            "eps_4q_growth_year": null,
            "roe": -4.26,
            "roe_4q": 136.11,
            "gross_profit": -346,
            "gross_margin": -0.78,
            "gross_margin_4q_avg": -2.95,
            "net_income": -16195,
            "net_income_4q": null,
            "revenue": 44352,
            "revenue_4q": null,
            "common_shares": 459918,
            "book_valuer_per_share": 8.09,
            "book_valuer_per_share_4q_avg": 8.82,
            "equity": 371916,
            "current_ratio": 222.35,
            "debt_ratio": 36.58,
            "inventory_turnover_ratio": 1.09,
            "account_receivable_turnover_ratio": 1.31,
            "reinvestment_rate": -831.72,
            "research_to_sale_ratio": null,
            "price_fair": 0,
            "eps_avg_yearly": 0,
            "eps_latest_yearly": 0,
            "eps_growth_yearly": 0
        },
        "20201": {
            "year_quarter": 20201,
            "year": 2020,
            "quarter": 1,
            "eps": -0.07,
            "eps_growth_year": -100.84,
            "eps_4q": -1.58,
            "eps_4q_growth_year": -134.44,
            "roe": -0.86,
            "roe_4q": -17.99,
            "gross_profit": 1580,
            "gross_margin": 4.41,
            "gross_margin_4q_avg": -1.1,
            "net_income": -3176,
            "net_income_4q": null,
            "revenue": 35839,
            "revenue_4q": null,
            "common_shares": 459918,
            "book_valuer_per_share": 8.02,
            "book_valuer_per_share_4q_avg": 8.42,
            "equity": 368740,
            "current_ratio": 207.12,
            "debt_ratio": 38.51,
            "inventory_turnover_ratio": 0.77,
            "account_receivable_turnover_ratio": 1.19,
            "reinvestment_rate": -596,
            "research_to_sale_ratio": null,
            "price_fair": 0,
            "eps_avg_yearly": 0,
            "eps_latest_yearly": 0,
            "eps_growth_yearly": 0
        },
        "20202": {
            "year_quarter": 20202,
            "year": 2020,
            "quarter": 2,
            "eps": -0.32,
            "eps_growth_year": null,
            "eps_4q": -1.44,
            "eps_4q_growth_year": -122.29,
            "roe": -4.07,
            "roe_4q": -17.11,
            "gross_profit": 641,
            "gross_margin": 1.85,
            "gross_margin_4q_avg": -0.52,
            "net_income": -14720,
            "net_income_4q": null,
            "revenue": 34590,
            "revenue_4q": null,
            "common_shares": 459918,
            "book_valuer_per_share": 7.7,
            "book_valuer_per_share_4q_avg": 8.06,
            "equity": 354020,
            "current_ratio": 193.79,
            "debt_ratio": 41.1,
            "inventory_turnover_ratio": 0.62,
            "account_receivable_turnover_ratio": 1.4,
            "reinvestment_rate": -526.68,
            "research_to_sale_ratio": null,
            "price_fair": 0,
            "eps_avg_yearly": 0,
            "eps_latest_yearly": 0,
            "eps_growth_yearly": 0
        },
        "20203": {
            "year_quarter": 20203,
            "year": 2020,
            "quarter": 3,
            "eps": -0.33,
            "eps_growth_year": null,
            "eps_4q": -1.08,
            "eps_4q_growth_year": -115.89,
            "roe": -4.43,
            "roe_4q": -13.62,
            "gross_profit": 1267,
            "gross_margin": 5.31,
            "gross_margin_4q_avg": 2.7,
            "net_income": -15354,
            "net_income_4q": null,
            "revenue": 23855,
            "revenue_4q": null,
            "common_shares": 459918,
            "book_valuer_per_share": 7.36,
            "book_valuer_per_share_4q_avg": 7.79,
            "equity": 338666,
            "current_ratio": 169.83,
            "debt_ratio": 47.9,
            "inventory_turnover_ratio": 0.35,
            "account_receivable_turnover_ratio": 1.11,
            "reinvestment_rate": null,
            "research_to_sale_ratio": null,
            "price_fair": 0,
            "eps_avg_yearly": 0,
            "eps_latest_yearly": 0,
            "eps_growth_yearly": 0
        },
        "20204": {
            "year_quarter": 20204,
            "year": 2020,
            "quarter": 4,
            "eps": -0.37,
            "eps_growth_year": null,
            "eps_4q": -1.09,
            "eps_4q_growth_year": -115.99,
            "roe": -5.11,
            "roe_4q": -14.469999999999999,
            "gross_profit": -1637,
            "gross_margin": -6.47,
            "gross_margin_4q_avg": 1.28,
            "net_income": -16866,
            "net_income_4q": null,
            "revenue": 25311,
            "revenue_4q": null,
            "common_shares": 459918,
            "book_valuer_per_share": 7,
            "book_valuer_per_share_4q_avg": 7.52,
            "equity": 321800,
            "current_ratio": 180.53,
            "debt_ratio": 43.68,
            "inventory_turnover_ratio": 0.44,
            "account_receivable_turnover_ratio": 1.17,
            "reinvestment_rate": -1446.12,
            "research_to_sale_ratio": null,
            "price_fair": 0,
            "eps_avg_yearly": 0,
            "eps_latest_yearly": 0,
            "eps_growth_yearly": 0
        },
        "20211": {
            "year_quarter": 20211,
            "year": 2021,
            "quarter": 1,
            "eps": -0.15,
            "eps_growth_year": null,
            "eps_4q": -1.17,
            "eps_4q_growth_year": null,
            "roe": -2.19,
            "roe_4q": -15.8,
            "gross_profit": -48,
            "gross_margin": -0.18,
            "gross_margin_4q_avg": 0.13,
            "net_income": -6981,
            "net_income_4q": null,
            "revenue": 27305,
            "revenue_4q": null,
            "common_shares": 459918,
            "book_valuer_per_share": 6.85,
            "book_valuer_per_share_4q_avg": 7.23,
            "equity": 314819,
            "current_ratio": 171.77,
            "debt_ratio": 44.56,
            "inventory_turnover_ratio": 0.52,
            "account_receivable_turnover_ratio": 1.16,
            "reinvestment_rate": -561.22,
            "research_to_sale_ratio": null,
            "price_fair": 0,
            "eps_avg_yearly": 0,
            "eps_latest_yearly": 0,
            "eps_growth_yearly": 0
        },
        "20212": {
            "year_quarter": 20212,
            "year": 2021,
            "quarter": 2,
            "eps": -0.37,
            "eps_growth_year": null,
            "eps_4q": -1.22,
            "eps_4q_growth_year": null,
            "roe": -5.51,
            "roe_4q": -17.24,
            "gross_profit": -2326,
            "gross_margin": -5.95,
            "gross_margin_4q_avg": -1.82,
            "net_income": -16869,
            "net_income_4q": null,
            "revenue": 39095,
            "revenue_4q": null,
            "common_shares": 459918,
            "book_valuer_per_share": 6.48,
            "book_valuer_per_share_4q_avg": 6.92,
            "equity": 297950,
            "current_ratio": 147.74,
            "debt_ratio": 49.29,
            "inventory_turnover_ratio": 0.84,
            "account_receivable_turnover_ratio": 1.61,
            "reinvestment_rate": -387.28,
            "research_to_sale_ratio": null,
            "price_fair": 0,
            "eps_avg_yearly": 0,
            "eps_latest_yearly": 0,
            "eps_growth_yearly": 0
        },
        "20213": {
            "year_quarter": 20213,
            "year": 2021,
            "quarter": 3,
            "eps": -0.22,
            "eps_growth_year": null,
            "eps_4q": -1.1,
            "eps_4q_growth_year": null,
            "roe": -3.41,
            "roe_4q": -16.22,
            "gross_profit": -437,
            "gross_margin": -1.25,
            "gross_margin_4q_avg": -3.46,
            "net_income": -9977,
            "net_income_4q": null,
            "revenue": 35084,
            "revenue_4q": null,
            "common_shares": 459918,
            "book_valuer_per_share": 6.26,
            "book_valuer_per_share_4q_avg": 6.65,
            "equity": 287973,
            "current_ratio": 136.49,
            "debt_ratio": 51.93,
            "inventory_turnover_ratio": 0.76,
            "account_receivable_turnover_ratio": 1.34,
            "reinvestment_rate": -284.23,
            "research_to_sale_ratio": null,
            "price_fair": 0,
            "eps_avg_yearly": 0,
            "eps_latest_yearly": 0,
            "eps_growth_yearly": 0
        },
        "20214": {
            "year_quarter": 20214,
            "year": 2021,
            "quarter": 4,
            "eps": -0.12,
            "eps_growth_year": null,
            "eps_4q": -0.86,
            "eps_4q_growth_year": null,
            "roe": -1.94,
            "roe_4q": -13.049999999999999,
            "gross_profit": 2769,
            "gross_margin": 5.33,
            "gross_margin_4q_avg": -0.51,
            "net_income": -5522,
            "net_income_4q": null,
            "revenue": 51930,
            "revenue_4q": null,
            "common_shares": 459918,
            "book_valuer_per_share": 6.14,
            "book_valuer_per_share_4q_avg": 6.43,
            "equity": 282451,
            "current_ratio": 120.71,
            "debt_ratio": 53.22,
            "inventory_turnover_ratio": 1.21,
            "account_receivable_turnover_ratio": 1.47,
            "reinvestment_rate": -525.25,
            "research_to_sale_ratio": null,
            "price_fair": 0,
            "eps_avg_yearly": 0,
            "eps_latest_yearly": 0,
            "eps_growth_yearly": 0
        },
        "20221": {
            "year_quarter": 20221,
            "year": 2022,
            "quarter": 1,
            "eps": -0.2,
            "eps_growth_year": null,
            "eps_4q": -0.9,
            "eps_4q_growth_year": null,
            "roe": -3.3,
            "roe_4q": -14.16,
            "gross_profit": 8041,
            "gross_margin": 17.08,
            "gross_margin_4q_avg": 3.8,
            "net_income": -9158,
            "net_income_4q": null,
            "revenue": 47088,
            "revenue_4q": null,
            "common_shares": 459918,
            "book_valuer_per_share": 5.94,
            "book_valuer_per_share_4q_avg": 6.21,
            "equity": 273293,
            "current_ratio": 119.94,
            "debt_ratio": 53.64,
            "inventory_turnover_ratio": 1.06,
            "account_receivable_turnover_ratio": 1.21,
            "reinvestment_rate": -300.45,
            "research_to_sale_ratio": null,
            "price_fair": 0,
            "eps_avg_yearly": 0,
            "eps_latest_yearly": 0,
            "eps_growth_yearly": 0
        },
        "20222": {
            "year_quarter": 20222,
            "year": 2022,
            "quarter": 2,
            "eps": 0.14,
            "eps_growth_year": null,
            "eps_4q": -0.4,
            "eps_4q_growth_year": null,
            "roe": 2.29,
            "roe_4q": -6.359999999999999,
            "gross_profit": 6043,
            "gross_margin": 13.66,
            "gross_margin_4q_avg": 8.71,
            "net_income": 6318,
            "net_income_4q": null,
            "revenue": 44243,
            "revenue_4q": null,
            "common_shares": 459918,
            "book_valuer_per_share": 6.08,
            "book_valuer_per_share_4q_avg": 6.11,
            "equity": 279611,
            "current_ratio": 128.49,
            "debt_ratio": 52.52,
            "inventory_turnover_ratio": 1.11,
            "account_receivable_turnover_ratio": 1.29,
            "reinvestment_rate": -68.97,
            "research_to_sale_ratio": null,
            "price_fair": 0,
            "eps_avg_yearly": 0,
            "eps_latest_yearly": 0,
            "eps_growth_yearly": 0
        },
        "20223": {
            "year_quarter": 20223,
            "year": 2022,
            "quarter": 3,
            "eps": 0.15,
            "eps_growth_year": null,
            "eps_4q": -0.03,
            "eps_4q_growth_year": null,
            "roe": 2.49,
            "roe_4q": -0.4599999999999995,
            "gross_profit": 3496,
            "gross_margin": 8.61,
            "gross_margin_4q_avg": 11.17,
            "net_income": 7048,
            "net_income_4q": null,
            "revenue": 40621,
            "revenue_4q": null,
            "common_shares": 459918,
            "book_valuer_per_share": 6.23,
            "book_valuer_per_share_4q_avg": 6.1,
            "equity": 286659,
            "current_ratio": 131.36,
            "debt_ratio": 52.29,
            "inventory_turnover_ratio": 1.11,
            "account_receivable_turnover_ratio": 1.25,
            "reinvestment_rate": -2.58,
            "research_to_sale_ratio": null,
            "price_fair": 21,
            "eps_avg_yearly": 0.6,
            "eps_latest_yearly": 0.6,
            "eps_growth_yearly": 28.57
        },
        "20224": {
            "year_quarter": 20224,
            "year": 2022,
            "quarter": 4,
            "eps": -0.26,
            "eps_growth_year": null,
            "eps_4q": -0.17,
            "eps_4q_growth_year": null,
            "roe": -4.34,
            "roe_4q": -2.8599999999999994,
            "gross_profit": 4078,
            "gross_margin": 10.26,
            "gross_margin_4q_avg": 12.4,
            "net_income": -12176,
            "net_income_4q": null,
            "revenue": 39751,
            "revenue_4q": null,
            "common_shares": 459918,
            "book_valuer_per_share": 5.97,
            "book_valuer_per_share_4q_avg": 6.06,
            "equity": 274483,
            "current_ratio": 133.81,
            "debt_ratio": 49.3,
            "inventory_turnover_ratio": 1.09,
            "account_receivable_turnover_ratio": 1.23,
            "reinvestment_rate": 1.45,
            "research_to_sale_ratio": null,
            "price_fair": 21,
            "eps_avg_yearly": 0.6,
            "eps_latest_yearly": 0.6,
            "eps_growth_yearly": 28.57
        },
        "20231": {
            "year_quarter": 20231,
            "year": 2023,
            "quarter": 1,
            "eps": -0.14,
            "eps_growth_year": null,
            "eps_4q": -0.11,
            "eps_4q_growth_year": null,
            "roe": -2.29,
            "roe_4q": -1.8499999999999996,
            "gross_profit": 1951,
            "gross_margin": 8.83,
            "gross_margin_4q_avg": 10.34,
            "net_income": -6215,
            "net_income_4q": null,
            "revenue": 22095,
            "revenue_4q": null,
            "common_shares": 459918,
            "book_valuer_per_share": 5.83,
            "book_valuer_per_share_4q_avg": 6.03,
            "equity": 268268,
            "current_ratio": 131.87,
            "debt_ratio": 49.36,
            "inventory_turnover_ratio": 0.68,
            "account_receivable_turnover_ratio": 0.85,
            "reinvestment_rate": null,
            "research_to_sale_ratio": null,
            "price_fair": 21,
            "eps_avg_yearly": 0.6,
            "eps_latest_yearly": 0.6,
            "eps_growth_yearly": 28.57
        },
        "20232": {
            "year_quarter": 20232,
            "year": 2023,
            "quarter": 2,
            "eps": -0.09,
            "eps_growth_year": -164.29,
            "eps_4q": -0.34,
            "eps_4q_growth_year": null,
            "roe": -1.58,
            "roe_4q": -5.720000000000001,
            "gross_profit": 27,
            "gross_margin": 0.18,
            "gross_margin_4q_avg": 6.97,
            "net_income": -4200,
            "net_income_4q": null,
            "revenue": 14686,
            "revenue_4q": null,
            "common_shares": 459918,
            "book_valuer_per_share": 5.74,
            "book_valuer_per_share_4q_avg": 5.94,
            "equity": 264068,
            "current_ratio": 130.2,
            "debt_ratio": 50.46,
            "inventory_turnover_ratio": 0.46,
            "account_receivable_turnover_ratio": 0.93,
            "reinvestment_rate": null,
            "research_to_sale_ratio": null,
            "price_fair": 21,
            "eps_avg_yearly": 0.6,
            "eps_latest_yearly": 0.6,
            "eps_growth_yearly": 28.57
        },
        "20233": {
            "year_quarter": 20233,
            "year": 2023,
            "quarter": 3,
            "eps": 0.08,
            "eps_growth_year": -46.67,
            "eps_4q": -0.41,
            "eps_4q_growth_year": null,
            "roe": 1.45,
            "roe_4q": -6.76,
            "gross_profit": -5445,
            "gross_margin": -27.02,
            "gross_margin_4q_avg": -1.94,
            "net_income": 3866,
            "net_income_4q": null,
            "revenue": 20153,
            "revenue_4q": null,
            "common_shares": 459918,
            "book_valuer_per_share": 5.83,
            "book_valuer_per_share_4q_avg": 5.84,
            "equity": 267934,
            "current_ratio": 598.43,
            "debt_ratio": 11.85,
            "inventory_turnover_ratio": 1.03,
            "account_receivable_turnover_ratio": 1.93,
            "reinvestment_rate": null,
            "research_to_sale_ratio": null,
            "price_fair": 21,
            "eps_avg_yearly": 0.6,
            "eps_latest_yearly": 0.6,
            "eps_growth_yearly": 28.57
        }
    },
    "months": {
        "2001-06": {
            "month": "2001-06",
            "price": "4.49",
            "revenue": 70337
        },
        "2001-07": {
            "month": "2001-07",
            "price": "3.41",
            "revenue": 53767
        },
        "2001-08": {
            "month": "2001-08",
            "price": "2.99",
            "revenue": 66701
        },
        "2001-09": {
            "month": "2001-09",
            "price": "3.08",
            "revenue": 84014
        },
        "2001-10": {
            "month": "2001-10",
            "price": "2.96",
            "revenue": 93727
        },
        "2001-11": {
            "month": "2001-11",
            "price": "2.84",
            "revenue": 93581
        },
        "2001-12": {
            "month": "2001-12",
            "price": "3.25",
            "revenue": 93629
        },
        "2002-01": {
            "month": "2002-01",
            "price": "3.33",
            "revenue": 87162
        },
        "2002-02": {
            "month": "2002-02",
            "price": "3.27",
            "revenue": 33996
        },
        "2002-03": {
            "month": "2002-03",
            "price": "3.87",
            "revenue": 73972
        },
        "2002-04": {
            "month": "2002-04",
            "price": "4.46",
            "revenue": 74680
        },
        "2002-05": {
            "month": "2002-05",
            "price": "4.16",
            "revenue": 59609
        },
        "2002-06": {
            "month": "2002-06",
            "price": "4.10",
            "revenue": 108627
        },
        "2002-07": {
            "month": "2002-07",
            "price": "3.77",
            "revenue": 129789
        },
        "2002-08": {
            "month": "2002-08",
            "price": "3.58",
            "revenue": 124681
        },
        "2002-09": {
            "month": "2002-09",
            "price": "3.25",
            "revenue": 107747
        },
        "2002-10": {
            "month": "2002-10",
            "price": "3.13",
            "revenue": 109908
        },
        "2002-11": {
            "month": "2002-11",
            "price": "3.11",
            "revenue": 79935
        },
        "2002-12": {
            "month": "2002-12",
            "price": "2.99",
            "revenue": 91380
        },
        "2003-01": {
            "month": "2003-01",
            "price": "3.45",
            "revenue": 139545
        },
        "2003-02": {
            "month": "2003-02",
            "price": "3.31",
            "revenue": 123728
        },
        "2003-03": {
            "month": "2003-03",
            "price": "2.98",
            "revenue": 92352
        },
        "2003-04": {
            "month": "2003-04",
            "price": "2.30",
            "revenue": 88980
        },
        "2003-05": {
            "month": "2003-05",
            "price": "1.83",
            "revenue": 80241
        },
        "2003-06": {
            "month": "2003-06",
            "price": "2.20",
            "revenue": 115999
        },
        "2003-07": {
            "month": "2003-07",
            "price": "2.44",
            "revenue": 147017
        },
        "2003-08": {
            "month": "2003-08",
            "price": "2.46",
            "revenue": 125486
        },
        "2003-09": {
            "month": "2003-09",
            "price": "2.26",
            "revenue": 125667
        },
        "2003-10": {
            "month": "2003-10",
            "price": "2.32",
            "revenue": 94144
        },
        "2003-11": {
            "month": "2003-11",
            "price": "2.78",
            "revenue": 70466
        },
        "2003-12": {
            "month": "2003-12",
            "price": "2.76",
            "revenue": 92543
        },
        "2004-01": {
            "month": "2004-01",
            "price": "3.01",
            "revenue": 85993
        },
        "2004-02": {
            "month": "2004-02",
            "price": "4.08",
            "revenue": 120261
        },
        "2004-03": {
            "month": "2004-03",
            "price": "3.54",
            "revenue": 131507
        },
        "2004-04": {
            "month": "2004-04",
            "price": "3.95",
            "revenue": 126723
        },
        "2004-05": {
            "month": "2004-05",
            "price": "3.56",
            "revenue": 149266
        },
        "2004-06": {
            "month": "2004-06",
            "price": "3.62",
            "revenue": 119648
        },
        "2004-07": {
            "month": "2004-07",
            "price": "3.38",
            "revenue": 137017
        },
        "2004-08": {
            "month": "2004-08",
            "price": "3.52",
            "revenue": 113007
        },
        "2004-09": {
            "month": "2004-09",
            "price": "4.34",
            "revenue": 108012
        },
        "2004-10": {
            "month": "2004-10",
            "price": "4.28",
            "revenue": 115214
        },
        "2004-11": {
            "month": "2004-11",
            "price": "3.97",
            "revenue": 96798
        },
        "2004-12": {
            "month": "2004-12",
            "price": "3.86",
            "revenue": 69252
        },
        "2005-01": {
            "month": "2005-01",
            "price": "3.45",
            "revenue": 87264
        },
        "2005-02": {
            "month": "2005-02",
            "price": "3.34",
            "revenue": 90723
        },
        "2005-03": {
            "month": "2005-03",
            "price": "3.12",
            "revenue": 156518
        },
        "2005-04": {
            "month": "2005-04",
            "price": "3.06",
            "revenue": 98031
        },
        "2005-05": {
            "month": "2005-05",
            "price": "2.82",
            "revenue": 103490
        },
        "2005-06": {
            "month": "2005-06",
            "price": "2.82",
            "revenue": 89281
        },
        "2005-07": {
            "month": "2005-07",
            "price": "2.78",
            "revenue": 96249
        },
        "2005-08": {
            "month": "2005-08",
            "price": "2.70",
            "revenue": 138303
        },
        "2005-09": {
            "month": "2005-09",
            "price": "2.83",
            "revenue": 146266
        },
        "2005-10": {
            "month": "2005-10",
            "price": "2.90",
            "revenue": 113570
        },
        "2005-11": {
            "month": "2005-11",
            "price": "2.82",
            "revenue": 97306
        },
        "2005-12": {
            "month": "2005-12",
            "price": "2.78",
            "revenue": 101509
        },
        "2006-01": {
            "month": "2006-01",
            "price": "2.71",
            "revenue": 87922
        },
        "2006-02": {
            "month": "2006-02",
            "price": "2.85",
            "revenue": 79317
        },
        "2006-03": {
            "month": "2006-03",
            "price": "3.14",
            "revenue": 85191
        },
        "2006-04": {
            "month": "2006-04",
            "price": "3.51",
            "revenue": 63283
        },
        "2006-05": {
            "month": "2006-05",
            "price": "3.93",
            "revenue": 64087
        },
        "2006-06": {
            "month": "2006-06",
            "price": "3.68",
            "revenue": 82602
        },
        "2006-07": {
            "month": "2006-07",
            "price": "3.26",
            "revenue": 97410
        },
        "2006-08": {
            "month": "2006-08",
            "price": "2.96",
            "revenue": 104368
        },
        "2006-09": {
            "month": "2006-09",
            "price": "2.76",
            "revenue": 109262
        },
        "2006-10": {
            "month": "2006-10",
            "price": "3.15",
            "revenue": 77861
        },
        "2006-11": {
            "month": "2006-11",
            "price": "3.28",
            "revenue": 100918
        },
        "2006-12": {
            "month": "2006-12",
            "price": "4.07",
            "revenue": 86184
        },
        "2007-01": {
            "month": "2007-01",
            "price": "3.94",
            "revenue": 85150
        },
        "2007-02": {
            "month": "2007-02",
            "price": "3.72",
            "revenue": 33109
        },
        "2007-03": {
            "month": "2007-03",
            "price": "4.26",
            "revenue": 59357
        },
        "2007-04": {
            "month": "2007-04",
            "price": "4.63",
            "revenue": 34928
        },
        "2007-05": {
            "month": "2007-05",
            "price": "4.14",
            "revenue": 38425
        },
        "2007-06": {
            "month": "2007-06",
            "price": "4.19",
            "revenue": 37206
        },
        "2007-07": {
            "month": "2007-07",
            "price": "5.92",
            "revenue": 18934
        },
        "2007-08": {
            "month": "2007-08",
            "price": "5.02",
            "revenue": 49180
        },
        "2007-09": {
            "month": "2007-09",
            "price": "4.77",
            "revenue": 126763
        },
        "2007-10": {
            "month": "2007-10",
            "price": "4.62",
            "revenue": 48332
        },
        "2007-11": {
            "month": "2007-11",
            "price": "3.70",
            "revenue": 41930
        },
        "2007-12": {
            "month": "2007-12",
            "price": "3.41",
            "revenue": 53375
        },
        "2008-01": {
            "month": "2008-01",
            "price": "3.19",
            "revenue": 61731
        },
        "2008-02": {
            "month": "2008-02",
            "price": "3.17",
            "revenue": 40899
        },
        "2008-03": {
            "month": "2008-03",
            "price": "3.58",
            "revenue": 42055
        },
        "2008-04": {
            "month": "2008-04",
            "price": "3.64",
            "revenue": 23118
        },
        "2008-05": {
            "month": "2008-05",
            "price": "3.65",
            "revenue": 53605
        },
        "2008-06": {
            "month": "2008-06",
            "price": "3.28",
            "revenue": 29051
        },
        "2008-07": {
            "month": "2008-07",
            "price": "2.81",
            "revenue": 30965
        },
        "2008-08": {
            "month": "2008-08",
            "price": "2.52",
            "revenue": 58921
        },
        "2008-09": {
            "month": "2008-09",
            "price": "2.04",
            "revenue": 24203
        },
        "2008-10": {
            "month": "2008-10",
            "price": "1.89",
            "revenue": 40446
        },
        "2008-11": {
            "month": "2008-11",
            "price": "1.62",
            "revenue": 28801
        },
        "2008-12": {
            "month": "2008-12",
            "price": "1.59",
            "revenue": 61427
        },
        "2009-01": {
            "month": "2009-01",
            "price": "1.44",
            "revenue": 21521
        },
        "2009-02": {
            "month": "2009-02",
            "price": "1.04",
            "revenue": 48723
        },
        "2009-03": {
            "month": "2009-03",
            "price": "1.23",
            "revenue": 43184
        },
        "2009-04": {
            "month": "2009-04",
            "price": "2.06",
            "revenue": 59517
        },
        "2009-05": {
            "month": "2009-05",
            "price": "1.88",
            "revenue": 36396
        },
        "2009-06": {
            "month": "2009-06",
            "price": "1.82",
            "revenue": 30591
        },
        "2009-07": {
            "month": "2009-07",
            "price": "1.76",
            "revenue": 71925
        },
        "2009-08": {
            "month": "2009-08",
            "price": "1.99",
            "revenue": 29973
        },
        "2009-09": {
            "month": "2009-09",
            "price": "2.01",
            "revenue": 27704
        },
        "2009-10": {
            "month": "2009-10",
            "price": "2.64",
            "revenue": 20737
        },
        "2009-11": {
            "month": "2009-11",
            "price": "4.81",
            "revenue": 42578
        },
        "2009-12": {
            "month": "2009-12",
            "price": "4.88",
            "revenue": 17417
        },
        "2010-01": {
            "month": "2010-01",
            "price": "6.39",
            "revenue": 27612
        },
        "2010-02": {
            "month": "2010-02",
            "price": "6.66",
            "revenue": 7085
        },
        "2010-03": {
            "month": "2010-03",
            "price": "7.04",
            "revenue": 17227
        },
        "2010-04": {
            "month": "2010-04",
            "price": "9.03",
            "revenue": 24600
        },
        "2010-05": {
            "month": "2010-05",
            "price": "8.20",
            "revenue": 17599
        },
        "2010-06": {
            "month": "2010-06",
            "price": "7.93",
            "revenue": 8233
        },
        "2010-07": {
            "month": "2010-07",
            "price": "7.95",
            "revenue": 21570
        },
        "2010-08": {
            "month": "2010-08",
            "price": "10.00",
            "revenue": 32644
        },
        "2010-09": {
            "month": "2010-09",
            "price": "9.84",
            "revenue": 38093
        },
        "2010-10": {
            "month": "2010-10",
            "price": "9.98",
            "revenue": 61013
        },
        "2010-11": {
            "month": "2010-11",
            "price": "9.93",
            "revenue": 69906
        },
        "2010-12": {
            "month": "2010-12",
            "price": "10.16",
            "revenue": 87871
        },
        "2011-01": {
            "month": "2011-01",
            "price": "11.78",
            "revenue": 82351
        },
        "2011-02": {
            "month": "2011-02",
            "price": "11.99",
            "revenue": 71343
        },
        "2011-03": {
            "month": "2011-03",
            "price": "11.19",
            "revenue": 120279
        },
        "2011-04": {
            "month": "2011-04",
            "price": "11.55",
            "revenue": 111369
        },
        "2011-05": {
            "month": "2011-05",
            "price": "10.38",
            "revenue": 91257
        },
        "2011-06": {
            "month": "2011-06",
            "price": "10.22",
            "revenue": 88674
        },
        "2011-07": {
            "month": "2011-07",
            "price": "10.49",
            "revenue": 137810
        },
        "2011-08": {
            "month": "2011-08",
            "price": "10.31",
            "revenue": 99722
        },
        "2011-09": {
            "month": "2011-09",
            "price": "9.61",
            "revenue": 84207
        },
        "2011-10": {
            "month": "2011-10",
            "price": "10.34",
            "revenue": 76329
        },
        "2011-11": {
            "month": "2011-11",
            "price": "9.89",
            "revenue": 60957
        },
        "2011-12": {
            "month": "2011-12",
            "price": "8.95",
            "revenue": 86243
        },
        "2012-01": {
            "month": "2012-01",
            "price": "8.50",
            "revenue": 79355
        },
        "2012-02": {
            "month": "2012-02",
            "price": "9.20",
            "revenue": 85390
        },
        "2012-03": {
            "month": "2012-03",
            "price": "9.29",
            "revenue": 109331
        },
        "2012-04": {
            "month": "2012-04",
            "price": "8.70",
            "revenue": 97992
        },
        "2012-05": {
            "month": "2012-05",
            "price": "8.63",
            "revenue": 72444
        },
        "2012-06": {
            "month": "2012-06",
            "price": "8.57",
            "revenue": 66056
        },
        "2012-07": {
            "month": "2012-07",
            "price": "8.38",
            "revenue": 61492
        },
        "2012-08": {
            "month": "2012-08",
            "price": "7.90",
            "revenue": 88620
        },
        "2012-09": {
            "month": "2012-09",
            "price": "7.59",
            "revenue": 83713
        },
        "2012-10": {
            "month": "2012-10",
            "price": "7.26",
            "revenue": 98716
        },
        "2012-11": {
            "month": "2012-11",
            "price": "6.79",
            "revenue": 69031
        },
        "2012-12": {
            "month": "2012-12",
            "price": "7.77",
            "revenue": 74823
        },
        "2013-01": {
            "month": "2013-01",
            "price": "8.08",
            "revenue": 62169
        },
        "2013-02": {
            "month": "2013-02",
            "price": "7.72",
            "revenue": 54203
        },
        "2013-03": {
            "month": "2013-03",
            "price": "8.05",
            "revenue": 52700
        },
        "2013-04": {
            "month": "2013-04",
            "price": "7.64",
            "revenue": 78338
        },
        "2013-05": {
            "month": "2013-05",
            "price": "7.60",
            "revenue": 87473
        },
        "2013-06": {
            "month": "2013-06",
            "price": "9.32",
            "revenue": 72241
        },
        "2013-07": {
            "month": "2013-07",
            "price": "10.61",
            "revenue": 101067
        },
        "2013-08": {
            "month": "2013-08",
            "price": "10.64",
            "revenue": 144990
        },
        "2013-09": {
            "month": "2013-09",
            "price": "10.53",
            "revenue": 169117
        },
        "2013-10": {
            "month": "2013-10",
            "price": "10.61",
            "revenue": 138491
        },
        "2013-11": {
            "month": "2013-11",
            "price": "10.55",
            "revenue": 115588
        },
        "2013-12": {
            "month": "2013-12",
            "price": "10.11",
            "revenue": 176386
        },
        "2014-01": {
            "month": "2014-01",
            "price": "9.11",
            "revenue": 65578
        },
        "2014-02": {
            "month": "2014-02",
            "price": "9.39",
            "revenue": 169548
        },
        "2014-03": {
            "month": "2014-03",
            "price": "9.73",
            "revenue": 91006
        },
        "2014-04": {
            "month": "2014-04",
            "price": "9.32",
            "revenue": 225643
        },
        "2014-05": {
            "month": "2014-05",
            "price": "6.65",
            "revenue": 107603
        },
        "2014-06": {
            "month": "2014-06",
            "price": "5.35",
            "revenue": 81907
        },
        "2014-07": {
            "month": "2014-07",
            "price": "4.84",
            "revenue": 164311
        },
        "2014-08": {
            "month": "2014-08",
            "price": "4.57",
            "revenue": 36498
        },
        "2014-09": {
            "month": "2014-09",
            "price": "4.16",
            "revenue": 70968
        },
        "2014-10": {
            "month": "2014-10",
            "price": "3.90",
            "revenue": 118985
        },
        "2014-11": {
            "month": "2014-11",
            "price": "6.94",
            "revenue": 72438
        },
        "2014-12": {
            "month": "2014-12",
            "price": "7.21",
            "revenue": 224744
        },
        "2015-01": {
            "month": "2015-01",
            "price": "7.13",
            "revenue": 102655
        },
        "2015-02": {
            "month": "2015-02",
            "price": "6.55",
            "revenue": 44741
        },
        "2015-03": {
            "month": "2015-03",
            "price": "5.98",
            "revenue": 47247
        },
        "2015-04": {
            "month": "2015-04",
            "price": "5.76",
            "revenue": 124020
        },
        "2015-05": {
            "month": "2015-05",
            "price": "5.67",
            "revenue": 66726
        },
        "2015-06": {
            "month": "2015-06",
            "price": "5.25",
            "revenue": 94717
        },
        "2015-07": {
            "month": "2015-07",
            "price": "5.17",
            "revenue": 139966
        },
        "2015-08": {
            "month": "2015-08",
            "price": "4.24",
            "revenue": 50780
        },
        "2015-09": {
            "month": "2015-09",
            "price": "3.80",
            "revenue": 67893
        },
        "2015-10": {
            "month": "2015-10",
            "price": "4.27",
            "revenue": 35266
        },
        "2015-11": {
            "month": "2015-11",
            "price": "5.55",
            "revenue": 55543
        },
        "2015-12": {
            "month": "2015-12",
            "price": "5.53",
            "revenue": 87608
        },
        "2016-01": {
            "month": "2016-01",
            "price": "4.75",
            "revenue": 39586
        },
        "2016-02": {
            "month": "2016-02",
            "price": "4.57",
            "revenue": 56743
        },
        "2016-03": {
            "month": "2016-03",
            "price": "4.40",
            "revenue": 48717
        },
        "2016-04": {
            "month": "2016-04",
            "price": "3.97",
            "revenue": 29162
        },
        "2016-05": {
            "month": "2016-05",
            "price": "4.19",
            "revenue": 34777
        },
        "2016-06": {
            "month": "2016-06",
            "price": "4.18",
            "revenue": 33761
        },
        "2016-07": {
            "month": "2016-07",
            "price": "4.97",
            "revenue": 41935
        },
        "2016-08": {
            "month": "2016-08",
            "price": "4.88",
            "revenue": 38031
        },
        "2016-09": {
            "month": "2016-09",
            "price": "5.43",
            "revenue": 42920
        },
        "2016-10": {
            "month": "2016-10",
            "price": "5.60",
            "revenue": 28833
        },
        "2016-11": {
            "month": "2016-11",
            "price": "5.16",
            "revenue": 33999
        },
        "2016-12": {
            "month": "2016-12",
            "price": "4.29",
            "revenue": 40689
        },
        "2017-01": {
            "month": "2017-01",
            "price": "4.62",
            "revenue": 18739
        },
        "2017-02": {
            "month": "2017-02",
            "price": "4.79",
            "revenue": 17339
        },
        "2017-03": {
            "month": "2017-03",
            "price": "4.75",
            "revenue": 20283
        },
        "2017-04": {
            "month": "2017-04",
            "price": "4.60",
            "revenue": 23065
        },
        "2017-05": {
            "month": "2017-05",
            "price": "6.11",
            "revenue": 33385
        },
        "2017-06": {
            "month": "2017-06",
            "price": "9.61",
            "revenue": 65771
        },
        "2017-07": {
            "month": "2017-07",
            "price": "14.21",
            "revenue": 36510
        },
        "2017-08": {
            "month": "2017-08",
            "price": "14.37",
            "revenue": 23971
        },
        "2017-09": {
            "month": "2017-09",
            "price": "16.58",
            "revenue": 143530
        },
        "2017-10": {
            "month": "2017-10",
            "price": "17.46",
            "revenue": 35275
        },
        "2017-11": {
            "month": "2017-11",
            "price": "15.76",
            "revenue": 51731
        },
        "2017-12": {
            "month": "2017-12",
            "price": "13.30",
            "revenue": 41163
        },
        "2018-01": {
            "month": "2018-01",
            "price": "11.57",
            "revenue": 80719
        },
        "2018-02": {
            "month": "2018-02",
            "price": "11.36",
            "revenue": 50054
        },
        "2018-03": {
            "month": "2018-03",
            "price": "12.70",
            "revenue": 50647
        },
        "2018-04": {
            "month": "2018-04",
            "price": "11.81",
            "revenue": 55833
        },
        "2018-05": {
            "month": "2018-05",
            "price": "11.16",
            "revenue": 30779
        },
        "2018-06": {
            "month": "2018-06",
            "price": "9.86",
            "revenue": 28415
        },
        "2018-07": {
            "month": "2018-07",
            "price": "7.19",
            "revenue": 47966
        },
        "2018-08": {
            "month": "2018-08",
            "price": "6.44",
            "revenue": 36863
        },
        "2018-11": {
            "month": "2018-11",
            "price": "3.70",
            "revenue": 10795
        },
        "2018-12": {
            "month": "2018-12",
            "price": "3.09",
            "revenue": 16699
        },
        "2019-01": {
            "month": "2019-01",
            "price": "5.06",
            "revenue": 17207
        },
        "2019-02": {
            "month": "2019-02",
            "price": "5.69",
            "revenue": 13436
        },
        "2019-03": {
            "month": "2019-03",
            "price": "5.58",
            "revenue": 18163
        },
        "2019-04": {
            "month": "2019-04",
            "price": "5.78",
            "revenue": 18595
        },
        "2019-05": {
            "month": "2019-05",
            "price": "8.08",
            "revenue": 8595
        },
        "2019-06": {
            "month": "2019-06",
            "price": "8.03",
            "revenue": 16162
        },
        "2019-07": {
            "month": "2019-07",
            "price": "7.01",
            "revenue": 5882
        },
        "2019-08": {
            "month": "2019-08",
            "price": "6.02",
            "revenue": 10859
        },
        "2019-09": {
            "month": "2019-09",
            "price": "6.42",
            "revenue": 12320
        },
        "2019-10": {
            "month": "2019-10",
            "price": "5.86",
            "revenue": 13450
        },
        "2019-11": {
            "month": "2019-11",
            "price": "5.84",
            "revenue": 14535
        },
        "2019-12": {
            "month": "2019-12",
            "price": "5.78",
            "revenue": 16364
        },
        "2020-01": {
            "month": "2020-01",
            "price": "5.58",
            "revenue": 10369
        },
        "2020-02": {
            "month": "2020-02",
            "price": "5.42",
            "revenue": 12850
        },
        "2020-03": {
            "month": "2020-03",
            "price": "4.40",
            "revenue": 11420
        },
        "2020-04": {
            "month": "2020-04",
            "price": "4.99",
            "revenue": 11260
        },
        "2020-05": {
            "month": "2020-05",
            "price": "5.08",
            "revenue": 12921
        },
        "2020-06": {
            "month": "2020-06",
            "price": "5.52",
            "revenue": 10409
        },
        "2020-07": {
            "month": "2020-07",
            "price": "5.70",
            "revenue": 9453
        },
        "2020-08": {
            "month": "2020-08",
            "price": "5.33",
            "revenue": 7578
        },
        "2020-09": {
            "month": "2020-09",
            "price": "5.55",
            "revenue": 6822
        },
        "2020-10": {
            "month": "2020-10",
            "price": "5.69",
            "revenue": 7545
        },
        "2020-11": {
            "month": "2020-11",
            "price": "5.45",
            "revenue": 9122
        },
        "2020-12": {
            "month": "2020-12",
            "price": "5.25",
            "revenue": 8644
        },
        "2021-01": {
            "month": "2021-01",
            "price": "5.00",
            "revenue": 7987
        },
        "2021-02": {
            "month": "2021-02",
            "price": "5.01",
            "revenue": 7320
        },
        "2021-03": {
            "month": "2021-03",
            "price": "5.10",
            "revenue": 11997
        },
        "2021-04": {
            "month": "2021-04",
            "price": "7.62",
            "revenue": 14310
        },
        "2021-05": {
            "month": "2021-05",
            "price": "7.34",
            "revenue": 15241
        },
        "2021-06": {
            "month": "2021-06",
            "price": "7.89",
            "revenue": 9545
        },
        "2021-07": {
            "month": "2021-07",
            "price": "7.88",
            "revenue": 9123
        },
        "2021-08": {
            "month": "2021-08",
            "price": "6.88",
            "revenue": 13351
        },
        "2021-09": {
            "month": "2021-09",
            "price": "6.27",
            "revenue": 12610
        },
        "2021-10": {
            "month": "2021-10",
            "price": "6.59",
            "revenue": 14495
        },
        "2021-11": {
            "month": "2021-11",
            "price": "6.43",
            "revenue": 14869
        },
        "2021-12": {
            "month": "2021-12",
            "price": "6.62",
            "revenue": 22691
        },
        "2022-01": {
            "month": "2022-01",
            "price": "6.82",
            "revenue": 12227
        },
        "2022-02": {
            "month": "2022-02",
            "price": "6.85",
            "revenue": 12082
        },
        "2022-03": {
            "month": "2022-03",
            "price": "6.64",
            "revenue": 22787
        },
        "2022-04": {
            "month": "2022-04",
            "price": "8.28",
            "revenue": 15851
        },
        "2022-05": {
            "month": "2022-05",
            "price": "8.32",
            "revenue": 12943
        },
        "2022-06": {
            "month": "2022-06",
            "price": "11.71",
            "revenue": 15451
        },
        "2022-07": {
            "month": "2022-07",
            "price": "13.36",
            "revenue": 14619
        },
        "2022-08": {
            "month": "2022-08",
            "price": "16.82",
            "revenue": 15180
        },
        "2022-09": {
            "month": "2022-09",
            "price": "16.27",
            "revenue": 10824
        },
        "2022-10": {
            "month": "2022-10",
            "price": "10.30",
            "revenue": 13668
        },
        "2022-11": {
            "month": "2022-11",
            "price": "11.25",
            "revenue": 11221
        },
        "2022-12": {
            "month": "2022-12",
            "price": "10.34",
            "revenue": 14859
        },
        "2023-01": {
            "month": "2023-01",
            "price": "10.65",
            "revenue": 7171
        },
        "2023-02": {
            "month": "2023-02",
            "price": "10.82",
            "revenue": 4646
        },
        "2023-03": {
            "month": "2023-03",
            "price": "10.89",
            "revenue": 10258
        },
        "2023-04": {
            "month": "2023-04",
            "price": "10.66",
            "revenue": 5973
        },
        "2023-05": {
            "month": "2023-05",
            "price": "8.99",
            "revenue": 3308
        },
        "2023-06": {
            "month": "2023-06",
            "price": "7.87",
            "revenue": 5432
        },
        "2023-07": {
            "month": "2023-07",
            "price": "8.16",
            "revenue": 4119
        },
        "2023-08": {
            "month": "2023-08",
            "price": "9.11",
            "revenue": 3236
        },
        "2023-09": {
            "month": "2023-09",
            "price": "10.45",
            "revenue": 12797
        },
        "2023-10": {
            "month": "2023-10",
            "price": "9.47",
            "revenue": 10943
        },
        "2023-11": {
            "month": "2023-11",
            "price": "10.23",
            "revenue": 4483
        },
        "2023-12": {
            "month": "2023-12",
            "price": "11.59",
            "revenue": 4593
        }
    }
}
