{
    "summary": {
        "stock_name": "新昕纖",
        "stock_id": "4406",
        "category": "紡織纖維",
        "main_business": "特多龍加工絲",
        "website_url": "http://www.hsinsin.com.tw",
        "ceo": "莊晉嘉",
        "pe_ratio": 100,
        "report_year_from": 2001,
        "report_year_to": 2023,
        "age": 22,
        "eps_negative_percentage": 76,
        "eps_growth_avg": {
            "last_all": -23.56,
            "last_2y": 21.21,
            "last_4y": 21.21,
            "last_8y": 7.07,
            "last_12y": 0.46,
            "last_16y": -14,
            "last_20y": -23.56,
            "at_2006_last_3y": null,
            "at_2007_last_3y": -14.81,
            "at_2008_last_3y": -57.41,
            "at_2009_last_3y": -57.41,
            "at_2010_last_3y": -42.19,
            "at_2011_last_3y": -6.14,
            "at_2012_last_3y": -6.14,
            "at_2013_last_3y": -6.14,
            "at_2014_last_3y": -3.33,
            "at_2015_last_3y": -100,
            "at_2016_last_3y": 100,
            "at_2017_last_3y": 0,
            "at_2018_last_3y": 0,
            "at_2019_last_3y": 0,
            "at_2020_last_3y": -100,
            "at_2021_last_3y": null,
            "at_2022_last_3y": 21.21,
            "at_2023_last_3y": 21.21,
            "at_2006_last_all": -100,
            "at_2007_last_all": -57.41,
            "at_2008_last_all": -71.6,
            "at_2009_last_all": -71.6,
            "at_2010_last_all": -56.64,
            "at_2011_last_all": -26.65,
            "at_2012_last_all": -38.87,
            "at_2013_last_all": -38.87,
            "at_2014_last_all": -38.87,
            "at_2015_last_all": -38.87,
            "at_2016_last_all": -19.04,
            "at_2017_last_all": -29.16,
            "at_2018_last_all": -29.16,
            "at_2019_last_all": -29.16,
            "at_2020_last_all": -29.16,
            "at_2021_last_all": -29.16,
            "at_2022_last_all": -23.56,
            "at_2023_last_all": -23.56
        },
        "latest_eps": 0.07,
        "latest_price": 10.1,
        "latest_roe": 0.53,
        "latest_gross_margin": -3.67,
        "latest_equity": 662607,
        "latest_revenue": 108635,
        "latest_gross_profit": -3986,
        "latest_net_income": -9778,
        "latest_debt_ratio": 25.13,
        "latest_current_ratio": 227.68,
        "latest_account_receivable_turnover_ratio": 1.54,
        "latest_inventory_turnover_ratio": 0.82,
        "latest_reinvestment_rate": null,
        "latest_research_to_sale_ratio": 0.66
    },
    "eps_dividends": {
        "1999": {
            "cash": 0,
            "stock": 1,
            "eps": 0
        },
        "2000": {
            "cash": 0,
            "stock": 0,
            "eps": 0
        },
        "2001": {
            "cash": 0,
            "stock": 0,
            "eps": 0.06
        },
        "2002": {
            "cash": 0,
            "stock": 0,
            "eps": -0.32
        },
        "2003": {
            "cash": 0,
            "stock": 0,
            "eps": -0.84
        },
        "2004": {
            "cash": 0,
            "stock": 0,
            "eps": -0.35
        },
        "2005": {
            "cash": 0,
            "stock": 0,
            "eps": -0.42
        },
        "2006": {
            "cash": 0,
            "stock": 0,
            "eps": 0.81
        },
        "2007": {
            "cash": 0,
            "stock": 0,
            "eps": 0.69
        },
        "2008": {
            "cash": 0,
            "stock": 0,
            "eps": -0.21
        },
        "2009": {
            "cash": 0,
            "stock": 0,
            "eps": 0.34
        },
        "2010": {
            "cash": 0,
            "stock": 0,
            "eps": 0.3
        },
        "2011": {
            "cash": 0,
            "stock": 0,
            "eps": 0.58
        },
        "2012": {
            "cash": 1,
            "stock": 0,
            "eps": -0.34
        },
        "2013": {
            "cash": 0,
            "stock": 0,
            "eps": -0.43
        },
        "2014": {
            "cash": 0,
            "stock": 0,
            "eps": -0.32
        },
        "2015": {
            "cash": 0,
            "stock": 0,
            "eps": 0.02
        },
        "2016": {
            "cash": 0,
            "stock": 0,
            "eps": 0.19
        },
        "2017": {
            "cash": 0,
            "stock": 0,
            "eps": -0.04
        },
        "2018": {
            "cash": 0,
            "stock": 0,
            "eps": -0.09
        },
        "2019": {
            "cash": 0,
            "stock": 0,
            "eps": -0.23
        },
        "2020": {
            "cash": 0,
            "stock": 0,
            "eps": -0.95
        },
        "2021": {
            "cash": 0,
            "stock": 0,
            "eps": 0.33
        },
        "2022": {
            "cash": 0,
            "stock": 0,
            "eps": 0.4
        },
        "2023": {
            "cash": 0,
            "stock": 0,
            "eps": -0.19
        }
    },
    "dividends": {
        "1999-06-05": {
            "cash": 0,
            "stock": 1
        },
        "2000-06-12": {
            "cash": 0.2,
            "stock": 0.3
        },
        "2011-03-29": {
            "cash": 0.2,
            "stock": 0
        },
        "2012-06-28": {
            "cash": 0.5,
            "stock": 0
        }
    },
    "prices": {
        "200101": "4.12",
        "200102": "4.13",
        "200103": "4.03",
        "200104": "4.09",
        "200105": "3.96",
        "200106": "3.84",
        "200107": "3.78",
        "200108": "3.84",
        "200109": "3.82",
        "200110": "3.87",
        "200111": "3.61",
        "200112": "3.49",
        "200201": "4.53",
        "200202": "4.62",
        "200203": "5.40",
        "200204": "5.99",
        "200205": "5.85",
        "200206": "5.87",
        "200207": "5.96",
        "200208": "5.68",
        "200209": "4.64",
        "200210": "4.90",
        "200211": "5.20",
        "200212": "5.11",
        "200301": "5.59",
        "200302": "5.33",
        "200303": "5.06",
        "200304": "4.92",
        "200305": "4.57",
        "200306": "4.88",
        "200307": "5.03",
        "200308": "5.46",
        "200309": "5.12",
        "200310": "4.91",
        "200311": "4.90",
        "200312": "4.93",
        "200401": "5.24",
        "200402": "6.34",
        "200403": "6.13",
        "200404": "6.11",
        "200405": "5.03",
        "200406": "4.88",
        "200407": "4.87",
        "200408": "4.90",
        "200409": "5.14",
        "200410": "5.20",
        "200411": "5.06",
        "200412": "5.06",
        "200501": "4.88",
        "200502": "4.88",
        "200503": "4.63",
        "200504": "4.08",
        "200505": "4.08",
        "200506": "4.06",
        "200507": "4.21",
        "200508": "4.34",
        "200509": "4.49",
        "200510": "4.30",
        "200511": "4.45",
        "200512": "4.40",
        "200601": "4.24",
        "200602": "4.34",
        "200603": "4.44",
        "200604": "4.51",
        "200605": "4.82",
        "200606": "5.10",
        "200607": "5.13",
        "200608": "4.83",
        "200609": "4.75",
        "200610": "5.22",
        "200611": "5.87",
        "200612": "6.75",
        "200701": "6.71",
        "200702": "6.49",
        "200703": "6.63",
        "200704": "8.52",
        "200705": "7.57",
        "200706": "7.59",
        "200707": "9.50",
        "200708": "10.09",
        "200709": "10.28",
        "200710": "11.14",
        "200711": "11.21",
        "200712": "11.61",
        "200801": "10.55",
        "200802": "9.67",
        "200803": "9.31",
        "200804": "9.40",
        "200805": "9.06",
        "200806": "8.80",
        "200807": "8.47",
        "200808": "8.32",
        "200809": "7.21",
        "200810": "6.57",
        "200811": "6.01",
        "200812": "5.39",
        "200901": "5.46",
        "200902": "5.21",
        "200903": "5.39",
        "200904": "6.09",
        "200905": "5.63",
        "200906": "6.12",
        "200907": "6.31",
        "200908": "6.83",
        "200909": "7.01",
        "200910": "7.81",
        "200911": "8.53",
        "200912": "8.72",
        "201001": "9.19",
        "201002": "8.15",
        "201003": "8.98",
        "201004": "11.01",
        "201005": "10.33",
        "201006": "9.69",
        "201007": "9.64",
        "201008": "10.67",
        "201009": "9.95",
        "201010": "10.27",
        "201011": "9.30",
        "201012": "8.64",
        "201101": "9.09",
        "201102": "9.12",
        "201103": "8.92",
        "201104": "9.17",
        "201105": "10.86",
        "201106": "9.77",
        "201107": "9.52",
        "201108": "8.82",
        "201109": "8.56",
        "201110": "7.97",
        "201111": "7.62",
        "201112": "6.42",
        "201201": "6.59",
        "201202": "7.45",
        "201203": "7.69",
        "201204": "7.23",
        "201205": "6.82",
        "201206": "6.74",
        "201207": "6.64",
        "201208": "6.52",
        "201209": "6.50",
        "201210": "7.15",
        "201211": "6.15",
        "201212": "6.27",
        "201301": "6.38",
        "201302": "6.89",
        "201303": "7.00",
        "201304": "7.03",
        "201305": "7.02",
        "201306": "7.15",
        "201307": "7.21",
        "201308": "7.14",
        "201309": "7.69",
        "201310": "8.23",
        "201311": "7.72",
        "201312": "7.34",
        "201401": "7.45",
        "201402": "7.85",
        "201403": "8.32",
        "201404": "8.19",
        "201405": "8.00",
        "201406": "8.05",
        "201407": "7.92",
        "201408": "8.15",
        "201409": "7.98",
        "201410": "8.07",
        "201411": "7.91",
        "201412": "7.88",
        "201501": "7.84",
        "201502": "7.70",
        "201503": "9.31",
        "201504": "9.18",
        "201505": "9.44",
        "201506": "10.32",
        "201507": "11.46",
        "201508": "11.95",
        "201509": "12.88",
        "201510": "12.69",
        "201511": "11.79",
        "201512": "11.03",
        "201601": "10.62",
        "201602": "11.88",
        "201603": "11.93",
        "201604": "11.62",
        "201605": "11.30",
        "201606": "10.79",
        "201607": "10.90",
        "201608": "10.80",
        "201609": "10.59",
        "201610": "10.39",
        "201611": "10.16",
        "201612": "10.04",
        "201701": "9.70",
        "201702": "9.61",
        "201703": "9.66",
        "201704": "9.65",
        "201705": "9.40",
        "201706": "9.22",
        "201707": "9.35",
        "201708": "9.47",
        "201709": "9.59",
        "201710": "9.63",
        "201711": "9.44",
        "201712": "9.62",
        "201801": "9.48",
        "201802": "9.40",
        "201803": "9.42",
        "201804": "9.33",
        "201805": "9.36",
        "201806": "9.26",
        "201807": "9.24",
        "201808": "9.18",
        "201809": "8.91",
        "201810": "8.66",
        "201811": "8.44",
        "201812": "8.50",
        "201901": "8.22",
        "201902": "8.31",
        "201903": "8.62",
        "201904": "8.77",
        "201905": "8.70",
        "201906": "8.58",
        "201907": "8.28",
        "201908": "8.51",
        "201909": "8.67",
        "201910": "9.06",
        "201911": "9.30",
        "201912": "9.08",
        "202001": "9.12",
        "202002": "9.05",
        "202003": "9.02",
        "202004": "8.62",
        "202005": "8.71",
        "202006": "8.85",
        "202007": "8.87",
        "202008": "8.72",
        "202009": "8.46",
        "202010": "8.53",
        "202011": "8.28",
        "202012": "8.01",
        "202101": "7.81",
        "202102": "7.94",
        "202103": "8.19",
        "202104": "8.28",
        "202105": "9.52",
        "202106": "10.15",
        "202107": "11.95",
        "202108": "10.11",
        "202109": "10.24",
        "202110": "12.44",
        "202111": "11.91",
        "202112": "11.90",
        "202201": "10.68",
        "202202": "10.43",
        "202203": "10.11",
        "202204": "10.32",
        "202205": "10.28",
        "202206": "10.30",
        "202207": "10.01",
        "202208": "10.94",
        "202209": "10.60",
        "202210": "10.50",
        "202211": "10.67",
        "202212": "10.41",
        "202301": "10.21",
        "202302": "10.37",
        "202303": "10.55",
        "202304": "10.24",
        "202305": "10.18"
    },
    "quarters": {
        "20011": {
            "year_quarter": 20011,
            "year": 2001,
            "quarter": 1,
            "eps": -0.02,
            "eps_growth_year": -113.33,
            "eps_4q": -0.42,
            "eps_4q_growth_year": -160.14,
            "roe": -0.17,
            "gross_profit": 9876,
            "gross_margin": 4.04,
            "net_income": -987,
            "revenue": 244438,
            "common_shares": 519120,
            "equity": 591222,
            "current_ratio": 180.01,
            "debt_ratio": 38.31,
            "inventory_turnover_ratio": 3.23,
            "account_receivable_turnover_ratio": null,
            "reinvestment_rate": null,
            "research_to_sale_ratio": null,
            "price_fair": 0,
            "eps_avg_yearly": 0,
            "eps_latest_yearly": 0,
            "eps_growth_yearly": 0
        },
        "20012": {
            "year_quarter": 20012,
            "year": 2001,
            "quarter": 2,
            "eps": 0.04,
            "eps_growth_year": null,
            "eps_4q": -0.27,
            "eps_4q_growth_year": -254.65,
            "roe": 0.38,
            "gross_profit": 13550,
            "gross_margin": 5.21,
            "net_income": 2223,
            "revenue": 260170,
            "common_shares": 519120,
            "equity": 593445,
            "current_ratio": 266.25,
            "debt_ratio": 24.51,
            "inventory_turnover_ratio": 3.1,
            "account_receivable_turnover_ratio": null,
            "reinvestment_rate": null,
            "research_to_sale_ratio": null,
            "price_fair": 0,
            "eps_avg_yearly": 0,
            "eps_latest_yearly": 0,
            "eps_growth_yearly": 0
        },
        "20013": {
            "year_quarter": 20013,
            "year": 2001,
            "quarter": 3,
            "eps": 0.04,
            "eps_growth_year": null,
            "eps_4q": -0.19,
            "eps_4q_growth_year": -298.58,
            "roe": 0.34,
            "gross_profit": 16718,
            "gross_margin": 6.03,
            "net_income": 2049,
            "revenue": 277326,
            "common_shares": 519120,
            "equity": 595494,
            "current_ratio": 239.71,
            "debt_ratio": 27.61,
            "inventory_turnover_ratio": 3.07,
            "account_receivable_turnover_ratio": null,
            "reinvestment_rate": null,
            "research_to_sale_ratio": null,
            "price_fair": 0,
            "eps_avg_yearly": 0,
            "eps_latest_yearly": 0,
            "eps_growth_yearly": 0
        },
        "20014": {
            "year_quarter": 20014,
            "year": 2001,
            "quarter": 4,
            "eps": 0,
            "eps_growth_year": null,
            "eps_4q": 0.06,
            "eps_4q_growth_year": null,
            "roe": -0.01,
            "gross_profit": 11251,
            "gross_margin": 4.71,
            "net_income": -68,
            "revenue": 238737,
            "common_shares": 519120,
            "equity": 595426,
            "current_ratio": 290.01,
            "debt_ratio": 23.4,
            "inventory_turnover_ratio": 2.71,
            "account_receivable_turnover_ratio": null,
            "reinvestment_rate": null,
            "research_to_sale_ratio": null,
            "price_fair": 0,
            "eps_avg_yearly": 0,
            "eps_latest_yearly": 0,
            "eps_growth_yearly": 0
        },
        "20021": {
            "year_quarter": 20021,
            "year": 2002,
            "quarter": 1,
            "eps": 0.01,
            "eps_growth_year": null,
            "eps_4q": 0.09,
            "eps_4q_growth_year": null,
            "roe": 0.09,
            "gross_profit": 13065,
            "gross_margin": 5.55,
            "net_income": 554,
            "revenue": 235598,
            "common_shares": 519120,
            "equity": 595979,
            "current_ratio": 320.83,
            "debt_ratio": 21.7,
            "inventory_turnover_ratio": 2.59,
            "account_receivable_turnover_ratio": null,
            "reinvestment_rate": null,
            "research_to_sale_ratio": null,
            "price_fair": 0,
            "eps_avg_yearly": 0,
            "eps_latest_yearly": 0,
            "eps_growth_yearly": 0
        },
        "20022": {
            "year_quarter": 20022,
            "year": 2002,
            "quarter": 2,
            "eps": 0.09,
            "eps_growth_year": 125,
            "eps_4q": 0.14,
            "eps_4q_growth_year": null,
            "roe": 0.79,
            "gross_profit": 22582,
            "gross_margin": 9.59,
            "net_income": 4725,
            "revenue": 235358,
            "common_shares": 519120,
            "equity": 600705,
            "current_ratio": 262.12,
            "debt_ratio": 25.45,
            "inventory_turnover_ratio": 2.32,
            "account_receivable_turnover_ratio": null,
            "reinvestment_rate": null,
            "research_to_sale_ratio": null,
            "price_fair": 12.6,
            "eps_avg_yearly": 0.36,
            "eps_latest_yearly": 0.36,
            "eps_growth_yearly": 3200
        },
        "20023": {
            "year_quarter": 20023,
            "year": 2002,
            "quarter": 3,
            "eps": -0.21,
            "eps_growth_year": -625,
            "eps_4q": -0.11,
            "eps_4q_growth_year": null,
            "roe": -1.86,
            "gross_profit": 3195,
            "gross_margin": 1.42,
            "net_income": -11061,
            "revenue": 224447,
            "common_shares": 519120,
            "equity": 589644,
            "current_ratio": 316.44,
            "debt_ratio": 20.65,
            "inventory_turnover_ratio": 2.64,
            "account_receivable_turnover_ratio": null,
            "reinvestment_rate": null,
            "research_to_sale_ratio": null,
            "price_fair": 12.6,
            "eps_avg_yearly": 0.36,
            "eps_latest_yearly": 0.36,
            "eps_growth_yearly": 3200
        },
        "20024": {
            "year_quarter": 20024,
            "year": 2002,
            "quarter": 4,
            "eps": -0.21,
            "eps_growth_year": null,
            "eps_4q": -0.32,
            "eps_4q_growth_year": -633.33,
            "roe": -1.88,
            "gross_profit": 96,
            "gross_margin": 0.04,
            "net_income": -10981,
            "revenue": 213938,
            "common_shares": 519120,
            "equity": 578663,
            "current_ratio": 306.11,
            "debt_ratio": 20.52,
            "inventory_turnover_ratio": 2.74,
            "account_receivable_turnover_ratio": null,
            "reinvestment_rate": -4418.05,
            "research_to_sale_ratio": null,
            "price_fair": 12.6,
            "eps_avg_yearly": 0.36,
            "eps_latest_yearly": 0.36,
            "eps_growth_yearly": 3200
        },
        "20031": {
            "year_quarter": 20031,
            "year": 2003,
            "quarter": 1,
            "eps": -0.13,
            "eps_growth_year": -1400,
            "eps_4q": -0.46,
            "eps_4q_growth_year": -634.25,
            "roe": -1.19,
            "gross_profit": 7778,
            "gross_margin": 3.49,
            "net_income": -6846,
            "revenue": 223152,
            "common_shares": 519120,
            "equity": 571818,
            "current_ratio": 382.19,
            "debt_ratio": 18.21,
            "inventory_turnover_ratio": 2.36,
            "account_receivable_turnover_ratio": null,
            "reinvestment_rate": null,
            "research_to_sale_ratio": null,
            "price_fair": 12.6,
            "eps_avg_yearly": 0.36,
            "eps_latest_yearly": 0.36,
            "eps_growth_yearly": 3200
        },
        "20032": {
            "year_quarter": 20032,
            "year": 2003,
            "quarter": 2,
            "eps": -0.35,
            "eps_growth_year": -488.89,
            "eps_4q": -0.9,
            "eps_4q_growth_year": -752.89,
            "roe": -3.19,
            "gross_profit": -4869,
            "gross_margin": -2.46,
            "net_income": -17981,
            "revenue": 197865,
            "common_shares": 519120,
            "equity": 553836,
            "current_ratio": 292.4,
            "debt_ratio": 22.64,
            "inventory_turnover_ratio": 2.18,
            "account_receivable_turnover_ratio": null,
            "reinvestment_rate": null,
            "research_to_sale_ratio": null,
            "price_fair": 12.6,
            "eps_avg_yearly": 0.36,
            "eps_latest_yearly": 0.36,
            "eps_growth_yearly": 3200
        },
        "20033": {
            "year_quarter": 20033,
            "year": 2003,
            "quarter": 3,
            "eps": -0.38,
            "eps_growth_year": null,
            "eps_4q": -1.07,
            "eps_4q_growth_year": null,
            "roe": -3.6,
            "gross_profit": -9444,
            "gross_margin": -4.08,
            "net_income": -19596,
            "revenue": 231634,
            "common_shares": 519120,
            "equity": 534240,
            "current_ratio": 314.2,
            "debt_ratio": 21.69,
            "inventory_turnover_ratio": 2.55,
            "account_receivable_turnover_ratio": null,
            "reinvestment_rate": null,
            "research_to_sale_ratio": null,
            "price_fair": 12.6,
            "eps_avg_yearly": 0.36,
            "eps_latest_yearly": 0.36,
            "eps_growth_yearly": 3200
        },
        "20034": {
            "year_quarter": 20034,
            "year": 2003,
            "quarter": 4,
            "eps": 0.02,
            "eps_growth_year": null,
            "eps_4q": -0.71,
            "eps_4q_growth_year": null,
            "roe": 0.23,
            "gross_profit": 5306,
            "gross_margin": 2.12,
            "net_income": 1218,
            "revenue": 250464,
            "common_shares": 519120,
            "equity": 535458,
            "current_ratio": 344.49,
            "debt_ratio": 21.18,
            "inventory_turnover_ratio": 2.32,
            "account_receivable_turnover_ratio": null,
            "reinvestment_rate": null,
            "research_to_sale_ratio": null,
            "price_fair": 12.6,
            "eps_avg_yearly": 0.36,
            "eps_latest_yearly": 0.36,
            "eps_growth_yearly": 3200
        },
        "20041": {
            "year_quarter": 20041,
            "year": 2004,
            "quarter": 1,
            "eps": -0.1,
            "eps_growth_year": null,
            "eps_4q": -0.79,
            "eps_4q_growth_year": null,
            "roe": -0.99,
            "gross_profit": 3130,
            "gross_margin": 1.28,
            "net_income": -5289,
            "revenue": 245256,
            "common_shares": 519120,
            "equity": 530169,
            "current_ratio": 296.49,
            "debt_ratio": 24.19,
            "inventory_turnover_ratio": 2.18,
            "account_receivable_turnover_ratio": null,
            "reinvestment_rate": null,
            "research_to_sale_ratio": null,
            "price_fair": 12.6,
            "eps_avg_yearly": 0.36,
            "eps_latest_yearly": 0.36,
            "eps_growth_yearly": 3200
        },
        "20042": {
            "year_quarter": 20042,
            "year": 2004,
            "quarter": 2,
            "eps": -0.02,
            "eps_growth_year": null,
            "eps_4q": -0.47,
            "eps_4q_growth_year": null,
            "roe": -0.15,
            "gross_profit": 4495,
            "gross_margin": 1.72,
            "net_income": -814,
            "revenue": 260896,
            "common_shares": 519120,
            "equity": 529355,
            "current_ratio": 338.07,
            "debt_ratio": 22.32,
            "inventory_turnover_ratio": 2.31,
            "account_receivable_turnover_ratio": null,
            "reinvestment_rate": null,
            "research_to_sale_ratio": null,
            "price_fair": 12.6,
            "eps_avg_yearly": 0.36,
            "eps_latest_yearly": 0.36,
            "eps_growth_yearly": 3200
        },
        "20043": {
            "year_quarter": 20043,
            "year": 2004,
            "quarter": 3,
            "eps": -0.02,
            "eps_growth_year": null,
            "eps_4q": -0.12,
            "eps_4q_growth_year": null,
            "roe": -0.21,
            "gross_profit": 4470,
            "gross_margin": 1.47,
            "net_income": -1135,
            "revenue": 303872,
            "common_shares": 519120,
            "equity": 528220,
            "current_ratio": 288.21,
            "debt_ratio": 25.56,
            "inventory_turnover_ratio": 2.46,
            "account_receivable_turnover_ratio": null,
            "reinvestment_rate": null,
            "research_to_sale_ratio": null,
            "price_fair": 12.6,
            "eps_avg_yearly": 0.36,
            "eps_latest_yearly": 0.36,
            "eps_growth_yearly": 3200
        },
        "20044": {
            "year_quarter": 20044,
            "year": 2004,
            "quarter": 4,
            "eps": -0.21,
            "eps_growth_year": -1150,
            "eps_4q": -0.35,
            "eps_4q_growth_year": null,
            "roe": -2.12,
            "gross_profit": 15657,
            "gross_margin": 6.61,
            "net_income": -11105,
            "revenue": 236734,
            "common_shares": 519120,
            "equity": 517115,
            "current_ratio": 482.14,
            "debt_ratio": 17.64,
            "inventory_turnover_ratio": 1.89,
            "account_receivable_turnover_ratio": null,
            "reinvestment_rate": null,
            "research_to_sale_ratio": null,
            "price_fair": 12.6,
            "eps_avg_yearly": 0.36,
            "eps_latest_yearly": 0.36,
            "eps_growth_yearly": 3200
        },
        "20051": {
            "year_quarter": 20051,
            "year": 2005,
            "quarter": 1,
            "eps": -0.07,
            "eps_growth_year": null,
            "eps_4q": -0.33,
            "eps_4q_growth_year": null,
            "roe": -0.68,
            "gross_profit": -3064,
            "gross_margin": -1.47,
            "net_income": -3518,
            "revenue": 208119,
            "common_shares": 519120,
            "equity": 523097,
            "current_ratio": 561.12,
            "debt_ratio": 15.04,
            "inventory_turnover_ratio": 1.84,
            "account_receivable_turnover_ratio": null,
            "reinvestment_rate": null,
            "research_to_sale_ratio": null,
            "price_fair": 12.6,
            "eps_avg_yearly": 0.36,
            "eps_latest_yearly": 0.36,
            "eps_growth_yearly": 3200
        },
        "20052": {
            "year_quarter": 20052,
            "year": 2005,
            "quarter": 2,
            "eps": -0.43,
            "eps_growth_year": null,
            "eps_4q": -0.73,
            "eps_4q_growth_year": null,
            "roe": -4.35,
            "gross_profit": -11156,
            "gross_margin": -5.52,
            "net_income": -22291,
            "revenue": 202000,
            "common_shares": 519120,
            "equity": 500806,
            "current_ratio": 412.84,
            "debt_ratio": 18.69,
            "inventory_turnover_ratio": 1.93,
            "account_receivable_turnover_ratio": null,
            "reinvestment_rate": null,
            "research_to_sale_ratio": null,
            "price_fair": 12.6,
            "eps_avg_yearly": 0.36,
            "eps_latest_yearly": 0.36,
            "eps_growth_yearly": 3200
        },
        "20053": {
            "year_quarter": 20053,
            "year": 2005,
            "quarter": 3,
            "eps": 0.02,
            "eps_growth_year": null,
            "eps_4q": -0.9,
            "eps_4q_growth_year": null,
            "roe": 0.16,
            "gross_profit": 10237,
            "gross_margin": 4.79,
            "net_income": 800,
            "revenue": 213574,
            "common_shares": 519120,
            "equity": 501605,
            "current_ratio": 423.42,
            "debt_ratio": 18.91,
            "inventory_turnover_ratio": 2.25,
            "account_receivable_turnover_ratio": null,
            "reinvestment_rate": null,
            "research_to_sale_ratio": null,
            "price_fair": 12.6,
            "eps_avg_yearly": 0.36,
            "eps_latest_yearly": 0.36,
            "eps_growth_yearly": 3200
        },
        "20054": {
            "year_quarter": 20054,
            "year": 2005,
            "quarter": 4,
            "eps": 0.06,
            "eps_growth_year": null,
            "eps_4q": -0.41,
            "eps_4q_growth_year": null,
            "roe": 0.63,
            "gross_profit": 10529,
            "gross_margin": 4.88,
            "net_income": 3183,
            "revenue": 215834,
            "common_shares": 519120,
            "equity": 504789,
            "current_ratio": 356.49,
            "debt_ratio": 22.51,
            "inventory_turnover_ratio": 2.13,
            "account_receivable_turnover_ratio": null,
            "reinvestment_rate": null,
            "research_to_sale_ratio": null,
            "price_fair": 10.5,
            "eps_avg_yearly": 0.3,
            "eps_latest_yearly": 0.24,
            "eps_growth_yearly": 2000
        },
        "20061": {
            "year_quarter": 20061,
            "year": 2006,
            "quarter": 1,
            "eps": 0,
            "eps_growth_year": null,
            "eps_4q": -0.35,
            "eps_4q_growth_year": null,
            "roe": 0.03,
            "gross_profit": 3344,
            "gross_margin": 1.52,
            "net_income": 166,
            "revenue": 219708,
            "common_shares": 519120,
            "equity": 505228,
            "current_ratio": 490.5,
            "debt_ratio": 17.92,
            "inventory_turnover_ratio": 2.13,
            "account_receivable_turnover_ratio": null,
            "reinvestment_rate": null,
            "research_to_sale_ratio": null,
            "price_fair": 10.5,
            "eps_avg_yearly": 0.3,
            "eps_latest_yearly": 0.24,
            "eps_growth_yearly": 2000
        },
        "20062": {
            "year_quarter": 20062,
            "year": 2006,
            "quarter": 2,
            "eps": 0.07,
            "eps_growth_year": null,
            "eps_4q": 0.15,
            "eps_4q_growth_year": null,
            "roe": 0.74,
            "gross_profit": 10237,
            "gross_margin": 4.17,
            "net_income": 3729,
            "revenue": 245652,
            "common_shares": 519120,
            "equity": 508750,
            "current_ratio": 623.43,
            "debt_ratio": 15.7,
            "inventory_turnover_ratio": 2.36,
            "account_receivable_turnover_ratio": null,
            "reinvestment_rate": null,
            "research_to_sale_ratio": null,
            "price_fair": 8.4,
            "eps_avg_yearly": 0.24,
            "eps_latest_yearly": 0.24,
            "eps_growth_yearly": 800
        },
        "20063": {
            "year_quarter": 20063,
            "year": 2006,
            "quarter": 3,
            "eps": 0.15,
            "eps_growth_year": 650,
            "eps_4q": 0.28,
            "eps_4q_growth_year": null,
            "roe": 1.57,
            "gross_profit": 11137,
            "gross_margin": 5.21,
            "net_income": 8035,
            "revenue": 213788,
            "common_shares": 519120,
            "equity": 516709,
            "current_ratio": 658.84,
            "debt_ratio": 15.57,
            "inventory_turnover_ratio": 2.07,
            "account_receivable_turnover_ratio": null,
            "reinvestment_rate": null,
            "research_to_sale_ratio": null,
            "price_fair": 14.7,
            "eps_avg_yearly": 0.42,
            "eps_latest_yearly": 0.6,
            "eps_growth_yearly": 628.57
        },
        "20064": {
            "year_quarter": 20064,
            "year": 2006,
            "quarter": 4,
            "eps": 0.59,
            "eps_growth_year": 883.33,
            "eps_4q": 0.82,
            "eps_4q_growth_year": null,
            "roe": 5.79,
            "gross_profit": 3567,
            "gross_margin": 1.75,
            "net_income": 30748,
            "revenue": 203382,
            "common_shares": 519120,
            "equity": 546094,
            "current_ratio": 502.55,
            "debt_ratio": 18.87,
            "inventory_turnover_ratio": 1.86,
            "account_receivable_turnover_ratio": null,
            "reinvestment_rate": null,
            "research_to_sale_ratio": null,
            "price_fair": 37.33,
            "eps_avg_yearly": 1.07,
            "eps_latest_yearly": 2.36,
            "eps_growth_yearly": 810.16
        },
        "20071": {
            "year_quarter": 20071,
            "year": 2007,
            "quarter": 1,
            "eps": 0.02,
            "eps_growth_year": null,
            "eps_4q": 0.71,
            "eps_4q_growth_year": null,
            "roe": 0.23,
            "gross_profit": 7787,
            "gross_margin": 2.75,
            "net_income": 1235,
            "revenue": 282670,
            "common_shares": 519120,
            "equity": 546981,
            "current_ratio": 556.69,
            "debt_ratio": 17.96,
            "inventory_turnover_ratio": 2.29,
            "account_receivable_turnover_ratio": null,
            "reinvestment_rate": null,
            "research_to_sale_ratio": null,
            "price_fair": 28.7,
            "eps_avg_yearly": 0.82,
            "eps_latest_yearly": 0.08,
            "eps_growth_yearly": 511.01
        },
        "20072": {
            "year_quarter": 20072,
            "year": 2007,
            "quarter": 2,
            "eps": 0.24,
            "eps_growth_year": 242.86,
            "eps_4q": 1,
            "eps_4q_growth_year": 576.7,
            "roe": 2.28,
            "gross_profit": 15106,
            "gross_margin": 4.93,
            "net_income": 12625,
            "revenue": 306450,
            "common_shares": 519120,
            "equity": 559811,
            "current_ratio": 596.18,
            "debt_ratio": 17.47,
            "inventory_turnover_ratio": 2.3,
            "account_receivable_turnover_ratio": null,
            "reinvestment_rate": null,
            "research_to_sale_ratio": null,
            "price_fair": 29.68,
            "eps_avg_yearly": 0.85,
            "eps_latest_yearly": 0.96,
            "eps_growth_yearly": 1288.81
        },
        "20073": {
            "year_quarter": 20073,
            "year": 2007,
            "quarter": 3,
            "eps": 0.24,
            "eps_growth_year": 60,
            "eps_4q": 1.09,
            "eps_4q_growth_year": 286.83,
            "roe": 2.22,
            "gross_profit": 16955,
            "gross_margin": 5.05,
            "net_income": 12575,
            "revenue": 335751,
            "common_shares": 519120,
            "equity": 571211,
            "current_ratio": 630.92,
            "debt_ratio": 17.09,
            "inventory_turnover_ratio": 2.34,
            "account_receivable_turnover_ratio": null,
            "reinvestment_rate": -174.49,
            "research_to_sale_ratio": null,
            "price_fair": 30.33,
            "eps_avg_yearly": 0.87,
            "eps_latest_yearly": 0.96,
            "eps_growth_yearly": 1074.01
        },
        "20074": {
            "year_quarter": 20074,
            "year": 2007,
            "quarter": 4,
            "eps": 0.19,
            "eps_growth_year": -67.8,
            "eps_4q": 0.69,
            "eps_4q_growth_year": -15.26,
            "roe": 1.73,
            "gross_profit": 20426,
            "gross_margin": 5.8,
            "net_income": 9966,
            "revenue": 352128,
            "common_shares": 519120,
            "equity": 578609,
            "current_ratio": 644.91,
            "debt_ratio": 16.98,
            "inventory_turnover_ratio": 2.08,
            "account_receivable_turnover_ratio": null,
            "reinvestment_rate": -104.32,
            "research_to_sale_ratio": null,
            "price_fair": 29.8,
            "eps_avg_yearly": 0.85,
            "eps_latest_yearly": 0.76,
            "eps_growth_yearly": 908.67
        },
        "20081": {
            "year_quarter": 20081,
            "year": 2008,
            "quarter": 1,
            "eps": -0.08,
            "eps_growth_year": -500,
            "eps_4q": 0.59,
            "eps_4q_growth_year": -16.74,
            "roe": -0.73,
            "gross_profit": 12777,
            "gross_margin": 3.43,
            "net_income": -4200,
            "revenue": 372298,
            "common_shares": 519120,
            "equity": 575257,
            "current_ratio": 541.73,
            "debt_ratio": 18.93,
            "inventory_turnover_ratio": 2.28,
            "account_receivable_turnover_ratio": null,
            "reinvestment_rate": -85.71,
            "research_to_sale_ratio": null,
            "price_fair": 29.8,
            "eps_avg_yearly": 0.85,
            "eps_latest_yearly": 0.76,
            "eps_growth_yearly": 908.67
        },
        "20082": {
            "year_quarter": 20082,
            "year": 2008,
            "quarter": 2,
            "eps": 0.22,
            "eps_growth_year": -8.33,
            "eps_4q": 0.58,
            "eps_4q_growth_year": -42.34,
            "roe": 1.95,
            "gross_profit": 14886,
            "gross_margin": 5.01,
            "net_income": 11302,
            "revenue": 296914,
            "common_shares": 519120,
            "equity": 585673,
            "current_ratio": 625.44,
            "debt_ratio": 17.06,
            "inventory_turnover_ratio": 2.06,
            "account_receivable_turnover_ratio": null,
            "reinvestment_rate": -9.65,
            "research_to_sale_ratio": null,
            "price_fair": 29.8,
            "eps_avg_yearly": 0.85,
            "eps_latest_yearly": 0.76,
            "eps_growth_yearly": 908.67
        },
        "20083": {
            "year_quarter": 20083,
            "year": 2008,
            "quarter": 3,
            "eps": 0.07,
            "eps_growth_year": -70.83,
            "eps_4q": 0.41,
            "eps_4q_growth_year": -62.45,
            "roe": 0.6,
            "gross_profit": 8962,
            "gross_margin": 3.23,
            "net_income": 3516,
            "revenue": 277808,
            "common_shares": 519120,
            "equity": 587823,
            "current_ratio": 591.38,
            "debt_ratio": 17.79,
            "inventory_turnover_ratio": 2.08,
            "account_receivable_turnover_ratio": null,
            "reinvestment_rate": -2.7,
            "research_to_sale_ratio": null,
            "price_fair": 27.3,
            "eps_avg_yearly": 0.78,
            "eps_latest_yearly": 0.28,
            "eps_growth_yearly": 761
        },
        "20084": {
            "year_quarter": 20084,
            "year": 2008,
            "quarter": 4,
            "eps": -0.42,
            "eps_growth_year": -321.05,
            "eps_4q": -0.22,
            "eps_4q_growth_year": -131.7,
            "roe": -3.82,
            "gross_profit": -15340,
            "gross_margin": -8.03,
            "net_income": -22054,
            "revenue": 191021,
            "common_shares": 519120,
            "equity": 567831,
            "current_ratio": 629.81,
            "debt_ratio": 16.63,
            "inventory_turnover_ratio": 1.84,
            "account_receivable_turnover_ratio": 4.04,
            "reinvestment_rate": 5.49,
            "research_to_sale_ratio": null,
            "price_fair": 27.3,
            "eps_avg_yearly": 0.78,
            "eps_latest_yearly": 0.28,
            "eps_growth_yearly": 761
        },
        "20091": {
            "year_quarter": 20091,
            "year": 2009,
            "quarter": 1,
            "eps": 0.05,
            "eps_growth_year": null,
            "eps_4q": -0.1,
            "eps_4q_growth_year": -117.55,
            "roe": 0.41,
            "gross_profit": 9467,
            "gross_margin": 5,
            "net_income": 2357,
            "revenue": 189396,
            "common_shares": 519120,
            "equity": 570721,
            "current_ratio": 817.22,
            "debt_ratio": 14.74,
            "inventory_turnover_ratio": 1.91,
            "account_receivable_turnover_ratio": 1.96,
            "reinvestment_rate": 12.43,
            "research_to_sale_ratio": null,
            "price_fair": 27.3,
            "eps_avg_yearly": 0.78,
            "eps_latest_yearly": 0.28,
            "eps_growth_yearly": 761
        },
        "20092": {
            "year_quarter": 20092,
            "year": 2009,
            "quarter": 2,
            "eps": 0.13,
            "eps_growth_year": -40.91,
            "eps_4q": -0.18,
            "eps_4q_growth_year": -131.59,
            "roe": 1.17,
            "gross_profit": 15774,
            "gross_margin": 6.72,
            "net_income": 6736,
            "revenue": 234565,
            "common_shares": 519120,
            "equity": 577686,
            "current_ratio": 409.72,
            "debt_ratio": 22.16,
            "inventory_turnover_ratio": 2.41,
            "account_receivable_turnover_ratio": 2.45,
            "reinvestment_rate": 11.75,
            "research_to_sale_ratio": null,
            "price_fair": 26.29,
            "eps_avg_yearly": 0.75,
            "eps_latest_yearly": 0.52,
            "eps_growth_yearly": 747.55
        },
        "20093": {
            "year_quarter": 20093,
            "year": 2009,
            "quarter": 3,
            "eps": 0.04,
            "eps_growth_year": -42.86,
            "eps_4q": -0.22,
            "eps_4q_growth_year": -153.4,
            "roe": 0.35,
            "gross_profit": 13761,
            "gross_margin": 4.91,
            "net_income": 2003,
            "revenue": 280298,
            "common_shares": 519120,
            "equity": 580474,
            "current_ratio": 495.91,
            "debt_ratio": 19.68,
            "inventory_turnover_ratio": 2.9,
            "account_receivable_turnover_ratio": 2.9,
            "reinvestment_rate": 13.44,
            "research_to_sale_ratio": null,
            "price_fair": 24.22,
            "eps_avg_yearly": 0.69,
            "eps_latest_yearly": 0.16,
            "eps_growth_yearly": 645.11
        },
        "20094": {
            "year_quarter": 20094,
            "year": 2009,
            "quarter": 4,
            "eps": 0.12,
            "eps_growth_year": null,
            "eps_4q": 0.33,
            "eps_4q_growth_year": null,
            "roe": 1.07,
            "gross_profit": 15535,
            "gross_margin": 5.66,
            "net_income": 6247,
            "revenue": 274669,
            "common_shares": 519120,
            "equity": 587605,
            "current_ratio": 592.77,
            "debt_ratio": 17.89,
            "inventory_turnover_ratio": 2.67,
            "account_receivable_turnover_ratio": 5.24,
            "reinvestment_rate": 109.86,
            "research_to_sale_ratio": null,
            "price_fair": 25.06,
            "eps_avg_yearly": 0.72,
            "eps_latest_yearly": 0.48,
            "eps_growth_yearly": 645.11
        },
        "20101": {
            "year_quarter": 20101,
            "year": 2010,
            "quarter": 1,
            "eps": 0.11,
            "eps_growth_year": 120,
            "eps_4q": 0.4,
            "eps_4q_growth_year": null,
            "roe": 0.95,
            "gross_profit": 14266,
            "gross_margin": 5.8,
            "net_income": 5623,
            "revenue": 245921,
            "common_shares": 519120,
            "equity": 593292,
            "current_ratio": 618.98,
            "debt_ratio": 17.6,
            "inventory_turnover_ratio": 2.22,
            "account_receivable_turnover_ratio": 2.04,
            "reinvestment_rate": 104.81,
            "research_to_sale_ratio": 0.24,
            "price_fair": 24.18,
            "eps_avg_yearly": 0.69,
            "eps_latest_yearly": 0.44,
            "eps_growth_yearly": 583.43
        },
        "20102": {
            "year_quarter": 20102,
            "year": 2010,
            "quarter": 2,
            "eps": 0.05,
            "eps_growth_year": -63.73,
            "eps_4q": 0.31,
            "eps_4q_growth_year": null,
            "roe": 0.41,
            "gross_profit": 9999,
            "gross_margin": 3.8,
            "net_income": 2448,
            "revenue": 262871,
            "common_shares": 519120,
            "equity": 595241,
            "current_ratio": 610.78,
            "debt_ratio": 17.86,
            "inventory_turnover_ratio": 2.22,
            "account_receivable_turnover_ratio": 1.98,
            "reinvestment_rate": 102.91,
            "research_to_sale_ratio": 0.22,
            "price_fair": 22.75,
            "eps_avg_yearly": 0.65,
            "eps_latest_yearly": 0.2,
            "eps_growth_yearly": 516.63
        },
        "20103": {
            "year_quarter": 20103,
            "year": 2010,
            "quarter": 3,
            "eps": 0.03,
            "eps_growth_year": -16.68,
            "eps_4q": 0.31,
            "eps_4q_growth_year": null,
            "roe": 0.29,
            "gross_profit": 10308,
            "gross_margin": 3.45,
            "net_income": 1730,
            "revenue": 298473,
            "common_shares": 519120,
            "equity": 597035,
            "current_ratio": 700.98,
            "debt_ratio": 16.75,
            "inventory_turnover_ratio": 2.38,
            "account_receivable_turnover_ratio": 2.05,
            "reinvestment_rate": 115.19,
            "research_to_sale_ratio": 0.2,
            "price_fair": 21.35,
            "eps_avg_yearly": 0.61,
            "eps_latest_yearly": 0.12,
            "eps_growth_yearly": 465.2
        },
        "20104": {
            "year_quarter": 20104,
            "year": 2010,
            "quarter": 4,
            "eps": 0.11,
            "eps_growth_year": -10.06,
            "eps_4q": 0.3,
            "eps_4q_growth_year": -11.18,
            "roe": 0.93,
            "gross_profit": 18103,
            "gross_margin": 6.51,
            "net_income": 5603,
            "revenue": 278207,
            "common_shares": 519120,
            "equity": 603439,
            "current_ratio": 629.12,
            "debt_ratio": 18.14,
            "inventory_turnover_ratio": 2,
            "account_receivable_turnover_ratio": 1.93,
            "reinvestment_rate": 130.3,
            "research_to_sale_ratio": 0.27,
            "price_fair": 15.75,
            "eps_avg_yearly": 0.45,
            "eps_latest_yearly": 0.44,
            "eps_growth_yearly": 456.31
        },
        "20111": {
            "year_quarter": 20111,
            "year": 2011,
            "quarter": 1,
            "eps": 0.55,
            "eps_growth_year": 400,
            "eps_4q": 0.74,
            "eps_4q_growth_year": 86.7,
            "roe": 4.64,
            "gross_profit": 29509,
            "gross_margin": 9.64,
            "net_income": 28697,
            "revenue": 306146,
            "common_shares": 519120,
            "equity": 632380,
            "current_ratio": 1065.44,
            "debt_ratio": 14.2,
            "inventory_turnover_ratio": 2.03,
            "account_receivable_turnover_ratio": 2.25,
            "reinvestment_rate": 87.13,
            "research_to_sale_ratio": 0.2,
            "price_fair": 21.93,
            "eps_avg_yearly": 0.63,
            "eps_latest_yearly": 2.2,
            "eps_growth_yearly": 621.85
        },
        "20112": {
            "year_quarter": 20112,
            "year": 2011,
            "quarter": 2,
            "eps": -0.03,
            "eps_growth_year": -173.37,
            "eps_4q": 0.66,
            "eps_4q_growth_year": 109.75,
            "roe": -0.29,
            "gross_profit": 3376,
            "gross_margin": 1.39,
            "net_income": -1796,
            "revenue": 242352,
            "common_shares": 519120,
            "equity": 619442,
            "current_ratio": 453.11,
            "debt_ratio": 19.76,
            "inventory_turnover_ratio": 1.87,
            "account_receivable_turnover_ratio": 1.92,
            "reinvestment_rate": 235.35,
            "research_to_sale_ratio": 0.25,
            "price_fair": 20.87,
            "eps_avg_yearly": 0.6,
            "eps_latest_yearly": 2.2,
            "eps_growth_yearly": 278.38
        },
        "20113": {
            "year_quarter": 20113,
            "year": 2011,
            "quarter": 3,
            "eps": 0.14,
            "eps_growth_year": 308.72,
            "eps_4q": 0.76,
            "eps_4q_growth_year": 146.6,
            "roe": 1.14,
            "gross_profit": 7556,
            "gross_margin": 2.39,
            "net_income": 7071,
            "revenue": 316160,
            "common_shares": 519120,
            "equity": 625717,
            "current_ratio": 373.27,
            "debt_ratio": 22.5,
            "inventory_turnover_ratio": 2.43,
            "account_receivable_turnover_ratio": 2.33,
            "reinvestment_rate": 260.56,
            "research_to_sale_ratio": 0.2,
            "price_fair": 19.6,
            "eps_avg_yearly": 0.56,
            "eps_latest_yearly": 2.2,
            "eps_growth_yearly": 306.22
        },
        "20114": {
            "year_quarter": 20114,
            "year": 2011,
            "quarter": 4,
            "eps": -0.08,
            "eps_growth_year": -178.55,
            "eps_4q": 0.57,
            "eps_4q_growth_year": 91.97,
            "roe": -0.69,
            "gross_profit": -4475,
            "gross_margin": -2.01,
            "net_income": -4401,
            "revenue": 223051,
            "common_shares": 519120,
            "equity": 655563,
            "current_ratio": 649.07,
            "debt_ratio": 18.27,
            "inventory_turnover_ratio": 1.72,
            "account_receivable_turnover_ratio": 1.56,
            "reinvestment_rate": 438.63,
            "research_to_sale_ratio": 0.29,
            "price_fair": 18.82,
            "eps_avg_yearly": 0.54,
            "eps_latest_yearly": 2.2,
            "eps_growth_yearly": 349.5
        },
        "20121": {
            "year_quarter": 20121,
            "year": 2012,
            "quarter": 1,
            "eps": -0.07,
            "eps_growth_year": -112.73,
            "eps_4q": -0.06,
            "eps_4q_growth_year": -107.55,
            "roe": -0.58,
            "gross_profit": 2474,
            "gross_margin": 1.06,
            "net_income": -3780,
            "revenue": 233140,
            "common_shares": 519120,
            "equity": 652319,
            "current_ratio": 864.62,
            "debt_ratio": 16.71,
            "inventory_turnover_ratio": 1.72,
            "account_receivable_turnover_ratio": 1.89,
            "reinvestment_rate": 427.33,
            "research_to_sale_ratio": 0.27,
            "price_fair": 18.82,
            "eps_avg_yearly": 0.54,
            "eps_latest_yearly": 2.2,
            "eps_growth_yearly": 349.5
        },
        "20122": {
            "year_quarter": 20122,
            "year": 2012,
            "quarter": 2,
            "eps": -0.17,
            "eps_growth_year": null,
            "eps_4q": -0.19,
            "eps_4q_growth_year": -129.2,
            "roe": -1.4,
            "gross_profit": -6379,
            "gross_margin": -2.66,
            "net_income": -8885,
            "revenue": 239440,
            "common_shares": 519120,
            "equity": 616460,
            "current_ratio": 374.73,
            "debt_ratio": 24.23,
            "inventory_turnover_ratio": 1.93,
            "account_receivable_turnover_ratio": 2.09,
            "reinvestment_rate": 616.94,
            "research_to_sale_ratio": 0.27,
            "price_fair": 18.82,
            "eps_avg_yearly": 0.54,
            "eps_latest_yearly": 2.2,
            "eps_growth_yearly": 349.5
        },
        "20123": {
            "year_quarter": 20123,
            "year": 2012,
            "quarter": 3,
            "eps": -0.16,
            "eps_growth_year": -217.88,
            "eps_4q": -0.49,
            "eps_4q_growth_year": -164.18,
            "roe": -1.36,
            "gross_profit": -7602,
            "gross_margin": -3.7,
            "net_income": -8335,
            "revenue": 205580,
            "common_shares": 519120,
            "equity": 609884,
            "current_ratio": 688.3,
            "debt_ratio": 18.56,
            "inventory_turnover_ratio": 1.86,
            "account_receivable_turnover_ratio": 2.11,
            "reinvestment_rate": 999.35,
            "research_to_sale_ratio": 0.31,
            "price_fair": 19.95,
            "eps_avg_yearly": 0.57,
            "eps_latest_yearly": 2.2,
            "eps_growth_yearly": 427.28
        },
        "20124": {
            "year_quarter": 20124,
            "year": 2012,
            "quarter": 4,
            "eps": 0.06,
            "eps_growth_year": null,
            "eps_4q": -0.35,
            "eps_4q_growth_year": -160.91,
            "roe": 0.49,
            "gross_profit": -232,
            "gross_margin": -0.12,
            "net_income": 2988,
            "revenue": 201479,
            "common_shares": 519120,
            "equity": 609683,
            "current_ratio": 426.05,
            "debt_ratio": 23.26,
            "inventory_turnover_ratio": 1.73,
            "account_receivable_turnover_ratio": 1.97,
            "reinvestment_rate": 427.8,
            "research_to_sale_ratio": 0.16,
            "price_fair": 19.95,
            "eps_avg_yearly": 0.57,
            "eps_latest_yearly": 2.2,
            "eps_growth_yearly": 427.28
        },
        "20131": {
            "year_quarter": 20131,
            "year": 2013,
            "quarter": 1,
            "eps": -0.04,
            "eps_growth_year": null,
            "eps_4q": -0.31,
            "eps_4q_growth_year": null,
            "roe": -0.35,
            "gross_profit": 1295,
            "gross_margin": 0.66,
            "net_income": -2119,
            "revenue": 195039,
            "common_shares": 519120,
            "equity": 594379,
            "current_ratio": 580.99,
            "debt_ratio": 21.91,
            "inventory_turnover_ratio": 1.52,
            "account_receivable_turnover_ratio": 1.92,
            "reinvestment_rate": 471.08,
            "research_to_sale_ratio": 0,
            "price_fair": 19.95,
            "eps_avg_yearly": 0.57,
            "eps_latest_yearly": 2.2,
            "eps_growth_yearly": 427.28
        },
        "20132": {
            "year_quarter": 20132,
            "year": 2013,
            "quarter": 2,
            "eps": -0.01,
            "eps_growth_year": null,
            "eps_4q": -0.15,
            "eps_4q_growth_year": null,
            "roe": -0.09,
            "gross_profit": 1688,
            "gross_margin": 0.77,
            "net_income": -528,
            "revenue": 218629,
            "common_shares": 519120,
            "equity": 594917,
            "current_ratio": 642.37,
            "debt_ratio": 21.23,
            "inventory_turnover_ratio": 1.67,
            "account_receivable_turnover_ratio": 2.3,
            "reinvestment_rate": 574.03,
            "research_to_sale_ratio": 0,
            "price_fair": 20.2,
            "eps_avg_yearly": 0.58,
            "eps_latest_yearly": 2.2,
            "eps_growth_yearly": 396.89
        },
        "20133": {
            "year_quarter": 20133,
            "year": 2013,
            "quarter": 3,
            "eps": -0.22,
            "eps_growth_year": null,
            "eps_4q": -0.21,
            "eps_4q_growth_year": null,
            "roe": -1.91,
            "gross_profit": -3633,
            "gross_margin": -1.61,
            "net_income": -11233,
            "revenue": 225587,
            "common_shares": 519120,
            "equity": 584361,
            "current_ratio": 643.68,
            "debt_ratio": 21.36,
            "inventory_turnover_ratio": 1.88,
            "account_receivable_turnover_ratio": 2.21,
            "reinvestment_rate": 967.34,
            "research_to_sale_ratio": 0,
            "price_fair": 22.63,
            "eps_avg_yearly": 0.65,
            "eps_latest_yearly": 2.2,
            "eps_growth_yearly": 509.19
        },
        "20134": {
            "year_quarter": 20134,
            "year": 2013,
            "quarter": 4,
            "eps": -0.16,
            "eps_growth_year": -383.63,
            "eps_4q": -0.43,
            "eps_4q_growth_year": null,
            "roe": -1.46,
            "gross_profit": -3293,
            "gross_margin": -1.64,
            "net_income": -8475,
            "revenue": 200318,
            "common_shares": 519120,
            "equity": 579604,
            "current_ratio": 476.7,
            "debt_ratio": 23.69,
            "inventory_turnover_ratio": 1.6,
            "account_receivable_turnover_ratio": 1.94,
            "reinvestment_rate": 2445.86,
            "research_to_sale_ratio": 1.03,
            "price_fair": 23.8,
            "eps_avg_yearly": 0.68,
            "eps_latest_yearly": 2.2,
            "eps_growth_yearly": 451.03
        },
        "20141": {
            "year_quarter": 20141,
            "year": 2014,
            "quarter": 1,
            "eps": -0.11,
            "eps_growth_year": null,
            "eps_4q": -0.5,
            "eps_4q_growth_year": null,
            "roe": -0.97,
            "gross_profit": -2757,
            "gross_margin": -1.29,
            "net_income": -5605,
            "revenue": 214059,
            "common_shares": 519120,
            "equity": 573499,
            "current_ratio": 630.99,
            "debt_ratio": 21.56,
            "inventory_turnover_ratio": 1.7,
            "account_receivable_turnover_ratio": 1.79,
            "reinvestment_rate": null,
            "research_to_sale_ratio": 0.19,
            "price_fair": 25.9,
            "eps_avg_yearly": 0.74,
            "eps_latest_yearly": 2.2,
            "eps_growth_yearly": 572.12
        },
        "20142": {
            "year_quarter": 20142,
            "year": 2014,
            "quarter": 2,
            "eps": 0.06,
            "eps_growth_year": null,
            "eps_4q": -0.43,
            "eps_4q_growth_year": null,
            "roe": 0.5,
            "gross_profit": 2520,
            "gross_margin": 1.25,
            "net_income": 2885,
            "revenue": 202157,
            "common_shares": 519120,
            "equity": 575185,
            "current_ratio": 479.19,
            "debt_ratio": 23.78,
            "inventory_turnover_ratio": 1.61,
            "account_receivable_turnover_ratio": 1.67,
            "reinvestment_rate": null,
            "research_to_sale_ratio": 0.2,
            "price_fair": 32.2,
            "eps_avg_yearly": 0.92,
            "eps_latest_yearly": 2.2,
            "eps_growth_yearly": 835.56
        },
        "20143": {
            "year_quarter": 20143,
            "year": 2014,
            "quarter": 3,
            "eps": -0.15,
            "eps_growth_year": null,
            "eps_4q": -0.37,
            "eps_4q_growth_year": null,
            "roe": -1.38,
            "gross_profit": -1967,
            "gross_margin": -0.96,
            "net_income": -7887,
            "revenue": 205019,
            "common_shares": 519120,
            "equity": 567047,
            "current_ratio": 520.81,
            "debt_ratio": 23.13,
            "inventory_turnover_ratio": 1.62,
            "account_receivable_turnover_ratio": 1.95,
            "reinvestment_rate": null,
            "research_to_sale_ratio": 0.2,
            "price_fair": 46.2,
            "eps_avg_yearly": 1.32,
            "eps_latest_yearly": 2.2,
            "eps_growth_yearly": 1333.33
        },
        "20144": {
            "year_quarter": 20144,
            "year": 2014,
            "quarter": 4,
            "eps": -0.12,
            "eps_growth_year": null,
            "eps_4q": -0.33,
            "eps_4q_growth_year": null,
            "roe": -1.14,
            "gross_profit": -965,
            "gross_margin": -0.49,
            "net_income": -6453,
            "revenue": 198129,
            "common_shares": 519120,
            "equity": 561850,
            "current_ratio": 799.41,
            "debt_ratio": 20.39,
            "inventory_turnover_ratio": 1.6,
            "account_receivable_turnover_ratio": 1.85,
            "reinvestment_rate": null,
            "research_to_sale_ratio": 0.16,
            "price_fair": 77,
            "eps_avg_yearly": 2.2,
            "eps_latest_yearly": 2.2,
            "eps_growth_yearly": 1600
        },
        "20151": {
            "year_quarter": 20151,
            "year": 2015,
            "quarter": 1,
            "eps": -0.18,
            "eps_growth_year": null,
            "eps_4q": -0.4,
            "eps_4q_growth_year": null,
            "roe": -1.63,
            "gross_profit": -2963,
            "gross_margin": -1.68,
            "net_income": -9157,
            "revenue": 176206,
            "common_shares": 519120,
            "equity": 560669,
            "current_ratio": 950.48,
            "debt_ratio": 19.19,
            "inventory_turnover_ratio": 1.57,
            "account_receivable_turnover_ratio": 1.64,
            "reinvestment_rate": null,
            "research_to_sale_ratio": 0.23,
            "price_fair": 0,
            "eps_avg_yearly": 0,
            "eps_latest_yearly": 0,
            "eps_growth_yearly": 0
        },
        "20152": {
            "year_quarter": 20152,
            "year": 2015,
            "quarter": 2,
            "eps": 0.18,
            "eps_growth_year": 200,
            "eps_4q": -0.27,
            "eps_4q_growth_year": null,
            "roe": 1.65,
            "gross_profit": 9009,
            "gross_margin": 4.2,
            "net_income": 9425,
            "revenue": 214658,
            "common_shares": 519120,
            "equity": 582065,
            "current_ratio": 913.54,
            "debt_ratio": 18.77,
            "inventory_turnover_ratio": 1.92,
            "account_receivable_turnover_ratio": 1.97,
            "reinvestment_rate": null,
            "research_to_sale_ratio": 0.19,
            "price_fair": 0,
            "eps_avg_yearly": 0,
            "eps_latest_yearly": 0,
            "eps_growth_yearly": 0
        },
        "20153": {
            "year_quarter": 20153,
            "year": 2015,
            "quarter": 3,
            "eps": 0,
            "eps_growth_year": null,
            "eps_4q": -0.12,
            "eps_4q_growth_year": null,
            "roe": 0.01,
            "gross_profit": 3242,
            "gross_margin": 1.76,
            "net_income": 44,
            "revenue": 183901,
            "common_shares": 519120,
            "equity": 585755,
            "current_ratio": 804.73,
            "debt_ratio": 18.73,
            "inventory_turnover_ratio": 1.68,
            "account_receivable_turnover_ratio": 1.67,
            "reinvestment_rate": null,
            "research_to_sale_ratio": 0.24,
            "price_fair": 0,
            "eps_avg_yearly": 0,
            "eps_latest_yearly": 0,
            "eps_growth_yearly": 0
        },
        "20154": {
            "year_quarter": 20154,
            "year": 2015,
            "quarter": 4,
            "eps": 0.02,
            "eps_growth_year": null,
            "eps_4q": 0.02,
            "eps_4q_growth_year": null,
            "roe": 0.16,
            "gross_profit": 3621,
            "gross_margin": 1.9,
            "net_income": 950,
            "revenue": 190646,
            "common_shares": 519120,
            "equity": 575640,
            "current_ratio": 881.27,
            "debt_ratio": 19.3,
            "inventory_turnover_ratio": 1.85,
            "account_receivable_turnover_ratio": 1.78,
            "reinvestment_rate": null,
            "research_to_sale_ratio": 0.23,
            "price_fair": 0,
            "eps_avg_yearly": 0,
            "eps_latest_yearly": 0,
            "eps_growth_yearly": 0
        },
        "20161": {
            "year_quarter": 20161,
            "year": 2016,
            "quarter": 1,
            "eps": -0.04,
            "eps_growth_year": null,
            "eps_4q": 0.16,
            "eps_4q_growth_year": null,
            "roe": -0.38,
            "gross_profit": 4498,
            "gross_margin": 2.76,
            "net_income": -2194,
            "revenue": 163160,
            "common_shares": 519120,
            "equity": 576010,
            "current_ratio": 862.61,
            "debt_ratio": 19.17,
            "inventory_turnover_ratio": 1.63,
            "account_receivable_turnover_ratio": 1.67,
            "reinvestment_rate": null,
            "research_to_sale_ratio": 0.27,
            "price_fair": 0,
            "eps_avg_yearly": 0,
            "eps_latest_yearly": 0,
            "eps_growth_yearly": 0
        },
        "20162": {
            "year_quarter": 20162,
            "year": 2016,
            "quarter": 2,
            "eps": 0.25,
            "eps_growth_year": 38.89,
            "eps_4q": 0.23,
            "eps_4q_growth_year": null,
            "roe": 2.24,
            "gross_profit": 10350,
            "gross_margin": 6.16,
            "net_income": 12989,
            "revenue": 167972,
            "common_shares": 519120,
            "equity": 583833,
            "current_ratio": 756.75,
            "debt_ratio": 19.76,
            "inventory_turnover_ratio": 1.51,
            "account_receivable_turnover_ratio": 1.96,
            "reinvestment_rate": null,
            "research_to_sale_ratio": 0.27,
            "price_fair": 0,
            "eps_avg_yearly": 0,
            "eps_latest_yearly": 0,
            "eps_growth_yearly": 0
        },
        "20163": {
            "year_quarter": 20163,
            "year": 2016,
            "quarter": 3,
            "eps": -0.08,
            "eps_growth_year": null,
            "eps_4q": 0.15,
            "eps_4q_growth_year": null,
            "roe": -0.73,
            "gross_profit": 2023,
            "gross_margin": 1.19,
            "net_income": -4217,
            "revenue": 169991,
            "common_shares": 519120,
            "equity": 577532,
            "current_ratio": 628.92,
            "debt_ratio": 20.77,
            "inventory_turnover_ratio": 1.63,
            "account_receivable_turnover_ratio": 1.87,
            "reinvestment_rate": null,
            "research_to_sale_ratio": 0.28,
            "price_fair": 0,
            "eps_avg_yearly": 0,
            "eps_latest_yearly": 0,
            "eps_growth_yearly": 0
        },
        "20164": {
            "year_quarter": 20164,
            "year": 2016,
            "quarter": 4,
            "eps": 0.06,
            "eps_growth_year": 209.9,
            "eps_4q": 0.18,
            "eps_4q_growth_year": 654.53,
            "roe": 0.51,
            "gross_profit": 6370,
            "gross_margin": 4.08,
            "net_income": 2944,
            "revenue": 156009,
            "common_shares": 519120,
            "equity": 575674,
            "current_ratio": 641.85,
            "debt_ratio": 20.72,
            "inventory_turnover_ratio": 1.44,
            "account_receivable_turnover_ratio": 1.63,
            "reinvestment_rate": null,
            "research_to_sale_ratio": 0.34,
            "price_fair": 0,
            "eps_avg_yearly": 0,
            "eps_latest_yearly": 0,
            "eps_growth_yearly": 0
        },
        "20171": {
            "year_quarter": 20171,
            "year": 2017,
            "quarter": 1,
            "eps": -0.05,
            "eps_growth_year": null,
            "eps_4q": 0.18,
            "eps_4q_growth_year": 13.88,
            "roe": -0.41,
            "gross_profit": 8565,
            "gross_margin": 5.15,
            "net_income": -2349,
            "revenue": 166204,
            "common_shares": 519120,
            "equity": 576715,
            "current_ratio": 746.15,
            "debt_ratio": 19.45,
            "inventory_turnover_ratio": 1.42,
            "account_receivable_turnover_ratio": 1.75,
            "reinvestment_rate": null,
            "research_to_sale_ratio": 0.28,
            "price_fair": 0,
            "eps_avg_yearly": 0,
            "eps_latest_yearly": 0,
            "eps_growth_yearly": 0
        },
        "20172": {
            "year_quarter": 20172,
            "year": 2017,
            "quarter": 2,
            "eps": 0.02,
            "eps_growth_year": -92,
            "eps_4q": -0.05,
            "eps_4q_growth_year": -121.1,
            "roe": 0.2,
            "gross_profit": 4191,
            "gross_margin": 2.45,
            "net_income": 1135,
            "revenue": 171055,
            "common_shares": 519120,
            "equity": 578561,
            "current_ratio": 536.43,
            "debt_ratio": 21.36,
            "inventory_turnover_ratio": 1.49,
            "account_receivable_turnover_ratio": 1.58,
            "reinvestment_rate": null,
            "research_to_sale_ratio": 0.27,
            "price_fair": 0,
            "eps_avg_yearly": 0,
            "eps_latest_yearly": 0,
            "eps_growth_yearly": 0
        },
        "20173": {
            "year_quarter": 20173,
            "year": 2017,
            "quarter": 3,
            "eps": 0,
            "eps_growth_year": null,
            "eps_4q": 0.03,
            "eps_4q_growth_year": -78.83,
            "roe": -0.02,
            "gross_profit": 4051,
            "gross_margin": 2.15,
            "net_income": -136,
            "revenue": 188510,
            "common_shares": 519120,
            "equity": 576519,
            "current_ratio": 325.04,
            "debt_ratio": 26.16,
            "inventory_turnover_ratio": 1.67,
            "account_receivable_turnover_ratio": 1.53,
            "reinvestment_rate": null,
            "research_to_sale_ratio": 0.25,
            "price_fair": 0,
            "eps_avg_yearly": 0,
            "eps_latest_yearly": 0,
            "eps_growth_yearly": 0
        },
        "20174": {
            "year_quarter": 20174,
            "year": 2017,
            "quarter": 4,
            "eps": -0.01,
            "eps_growth_year": -114.54,
            "eps_4q": -0.03,
            "eps_4q_growth_year": -118.67,
            "roe": -0.07,
            "gross_profit": 8040,
            "gross_margin": 4.43,
            "net_income": -428,
            "revenue": 181606,
            "common_shares": 519120,
            "equity": 576131,
            "current_ratio": 280.36,
            "debt_ratio": 28.72,
            "inventory_turnover_ratio": 1.53,
            "account_receivable_turnover_ratio": 1.45,
            "reinvestment_rate": null,
            "research_to_sale_ratio": 0.26,
            "price_fair": 0,
            "eps_avg_yearly": 0,
            "eps_latest_yearly": 0,
            "eps_growth_yearly": 0
        },
        "20181": {
            "year_quarter": 20181,
            "year": 2018,
            "quarter": 1,
            "eps": -0.15,
            "eps_growth_year": null,
            "eps_4q": -0.13,
            "eps_4q_growth_year": -174.39,
            "roe": -1.2,
            "gross_profit": 1500,
            "gross_margin": 0.93,
            "net_income": -7539,
            "revenue": 160615,
            "common_shares": 519120,
            "equity": 681111,
            "current_ratio": 257.83,
            "debt_ratio": 30.32,
            "inventory_turnover_ratio": 1.34,
            "account_receivable_turnover_ratio": 1.34,
            "reinvestment_rate": null,
            "research_to_sale_ratio": 0.3,
            "price_fair": 0,
            "eps_avg_yearly": 0,
            "eps_latest_yearly": 0,
            "eps_growth_yearly": 0
        },
        "20182": {
            "year_quarter": 20182,
            "year": 2018,
            "quarter": 2,
            "eps": 0.1,
            "eps_growth_year": 400,
            "eps_4q": -0.06,
            "eps_4q_growth_year": null,
            "roe": 0.74,
            "gross_profit": 5468,
            "gross_margin": 2.68,
            "net_income": 5029,
            "revenue": 203783,
            "common_shares": 519120,
            "equity": 686057,
            "current_ratio": 276.44,
            "debt_ratio": 28.74,
            "inventory_turnover_ratio": 1.6,
            "account_receivable_turnover_ratio": 1.65,
            "reinvestment_rate": null,
            "research_to_sale_ratio": 0.29,
            "price_fair": 0,
            "eps_avg_yearly": 0,
            "eps_latest_yearly": 0,
            "eps_growth_yearly": 0
        },
        "20183": {
            "year_quarter": 20183,
            "year": 2018,
            "quarter": 3,
            "eps": 0.04,
            "eps_growth_year": null,
            "eps_4q": -0.01,
            "eps_4q_growth_year": -147.43,
            "roe": 0.32,
            "gross_profit": 8534,
            "gross_margin": 3.95,
            "net_income": 2182,
            "revenue": 216302,
            "common_shares": 519120,
            "equity": 687913,
            "current_ratio": 253.57,
            "debt_ratio": 28.05,
            "inventory_turnover_ratio": 1.63,
            "account_receivable_turnover_ratio": 1.61,
            "reinvestment_rate": -5683.96,
            "research_to_sale_ratio": 0.27,
            "price_fair": 0.48,
            "eps_avg_yearly": 0.16,
            "eps_latest_yearly": 0.16,
            "eps_growth_yearly": -240
        },
        "20184": {
            "year_quarter": 20184,
            "year": 2018,
            "quarter": 4,
            "eps": -0.08,
            "eps_growth_year": null,
            "eps_4q": -0.09,
            "eps_4q_growth_year": null,
            "roe": -0.61,
            "gross_profit": 5760,
            "gross_margin": 2.8,
            "net_income": -4129,
            "revenue": 205996,
            "common_shares": 519120,
            "equity": 661976,
            "current_ratio": 261.9,
            "debt_ratio": 27.43,
            "inventory_turnover_ratio": 1.63,
            "account_receivable_turnover_ratio": 1.5,
            "reinvestment_rate": -2730.71,
            "research_to_sale_ratio": 0.26,
            "price_fair": 0.48,
            "eps_avg_yearly": 0.16,
            "eps_latest_yearly": 0.16,
            "eps_growth_yearly": -240
        },
        "20191": {
            "year_quarter": 20191,
            "year": 2019,
            "quarter": 1,
            "eps": -0.08,
            "eps_growth_year": null,
            "eps_4q": -0.02,
            "eps_4q_growth_year": null,
            "roe": -0.66,
            "gross_profit": -838,
            "gross_margin": -0.6,
            "net_income": -4355,
            "revenue": 139544,
            "common_shares": 519120,
            "equity": 658318,
            "current_ratio": 277.65,
            "debt_ratio": 26.07,
            "inventory_turnover_ratio": 1.06,
            "account_receivable_turnover_ratio": 1.29,
            "reinvestment_rate": -1337.86,
            "research_to_sale_ratio": 0.5,
            "price_fair": 0.48,
            "eps_avg_yearly": 0.16,
            "eps_latest_yearly": 0.16,
            "eps_growth_yearly": -240
        },
        "20192": {
            "year_quarter": 20192,
            "year": 2019,
            "quarter": 2,
            "eps": 0.15,
            "eps_growth_year": 50,
            "eps_4q": 0.03,
            "eps_4q_growth_year": null,
            "roe": 1.18,
            "gross_profit": 1629,
            "gross_margin": 0.99,
            "net_income": 7818,
            "revenue": 164229,
            "common_shares": 519120,
            "equity": 666149,
            "current_ratio": 284.17,
            "debt_ratio": 25.66,
            "inventory_turnover_ratio": 1.09,
            "account_receivable_turnover_ratio": 1.83,
            "reinvestment_rate": -1692.7,
            "research_to_sale_ratio": 0.43,
            "price_fair": 0.48,
            "eps_avg_yearly": 0.16,
            "eps_latest_yearly": 0.16,
            "eps_growth_yearly": -240
        },
        "20193": {
            "year_quarter": 20193,
            "year": 2019,
            "quarter": 3,
            "eps": -0.24,
            "eps_growth_year": -700,
            "eps_4q": -0.25,
            "eps_4q_growth_year": null,
            "roe": -1.87,
            "gross_profit": -5115,
            "gross_margin": -3.1,
            "net_income": -12326,
            "revenue": 164799,
            "common_shares": 519120,
            "equity": 653202,
            "current_ratio": 269.67,
            "debt_ratio": 26.55,
            "inventory_turnover_ratio": 1.15,
            "account_receivable_turnover_ratio": 1.64,
            "reinvestment_rate": null,
            "research_to_sale_ratio": 0.43,
            "price_fair": 0.48,
            "eps_avg_yearly": 0.16,
            "eps_latest_yearly": 0.16,
            "eps_growth_yearly": -240
        },
        "20194": {
            "year_quarter": 20194,
            "year": 2019,
            "quarter": 4,
            "eps": -0.06,
            "eps_growth_year": null,
            "eps_4q": -0.23,
            "eps_4q_growth_year": null,
            "roe": -0.48,
            "gross_profit": 4496,
            "gross_margin": 2.87,
            "net_income": -3103,
            "revenue": 156433,
            "common_shares": 519120,
            "equity": 652874,
            "current_ratio": 251.44,
            "debt_ratio": 27.36,
            "inventory_turnover_ratio": 1.1,
            "account_receivable_turnover_ratio": 1.53,
            "reinvestment_rate": null,
            "research_to_sale_ratio": 0.4,
            "price_fair": 0.48,
            "eps_avg_yearly": 0.16,
            "eps_latest_yearly": 0.16,
            "eps_growth_yearly": -240
        },
        "20201": {
            "year_quarter": 20201,
            "year": 2020,
            "quarter": 1,
            "eps": -0.37,
            "eps_growth_year": null,
            "eps_4q": -0.52,
            "eps_4q_growth_year": null,
            "roe": -3,
            "gross_profit": 2569,
            "gross_margin": 2.09,
            "net_income": -19223,
            "revenue": 123178,
            "common_shares": 519120,
            "equity": 630367,
            "current_ratio": 253.08,
            "debt_ratio": 26.68,
            "inventory_turnover_ratio": 0.9,
            "account_receivable_turnover_ratio": 1.45,
            "reinvestment_rate": null,
            "research_to_sale_ratio": 0.59,
            "price_fair": 0.48,
            "eps_avg_yearly": 0.16,
            "eps_latest_yearly": 0.16,
            "eps_growth_yearly": -240
        },
        "20202": {
            "year_quarter": 20202,
            "year": 2020,
            "quarter": 2,
            "eps": -0.23,
            "eps_growth_year": -253.33,
            "eps_4q": -0.9,
            "eps_4q_growth_year": -3176.08,
            "roe": -1.92,
            "gross_profit": -15050,
            "gross_margin": -27.62,
            "net_income": -11981,
            "revenue": 54490,
            "common_shares": 519120,
            "equity": 619108,
            "current_ratio": 291.8,
            "debt_ratio": 23.46,
            "inventory_turnover_ratio": 0.53,
            "account_receivable_turnover_ratio": 0.99,
            "reinvestment_rate": null,
            "research_to_sale_ratio": 1.32,
            "price_fair": 0.48,
            "eps_avg_yearly": 0.16,
            "eps_latest_yearly": 0.16,
            "eps_growth_yearly": -240
        },
        "20203": {
            "year_quarter": 20203,
            "year": 2020,
            "quarter": 3,
            "eps": -0.33,
            "eps_growth_year": null,
            "eps_4q": -0.99,
            "eps_4q_growth_year": null,
            "roe": -2.76,
            "gross_profit": -4438,
            "gross_margin": -4.69,
            "net_income": -16877,
            "revenue": 94693,
            "common_shares": 519120,
            "equity": 603374,
            "current_ratio": 271.4,
            "debt_ratio": 24.61,
            "inventory_turnover_ratio": 0.83,
            "account_receivable_turnover_ratio": 2.05,
            "reinvestment_rate": null,
            "research_to_sale_ratio": 0.73,
            "price_fair": 0.48,
            "eps_avg_yearly": 0.16,
            "eps_latest_yearly": 0.16,
            "eps_growth_yearly": -240
        },
        "20204": {
            "year_quarter": 20204,
            "year": 2020,
            "quarter": 4,
            "eps": -0.02,
            "eps_growth_year": null,
            "eps_4q": -0.94,
            "eps_4q_growth_year": null,
            "roe": -0.14,
            "gross_profit": 4479,
            "gross_margin": 4.62,
            "net_income": -836,
            "revenue": 96860,
            "common_shares": 519120,
            "equity": 554973,
            "current_ratio": 233.6,
            "debt_ratio": 29.77,
            "inventory_turnover_ratio": 0.8,
            "account_receivable_turnover_ratio": 1.75,
            "reinvestment_rate": null,
            "research_to_sale_ratio": 0.6,
            "price_fair": 0.48,
            "eps_avg_yearly": 0.16,
            "eps_latest_yearly": 0.16,
            "eps_growth_yearly": -240
        },
        "20211": {
            "year_quarter": 20211,
            "year": 2021,
            "quarter": 1,
            "eps": 0.11,
            "eps_growth_year": null,
            "eps_4q": -0.47,
            "eps_4q_growth_year": null,
            "roe": 0.97,
            "gross_profit": 12642,
            "gross_margin": 11.85,
            "net_income": 5451,
            "revenue": 106710,
            "common_shares": 519120,
            "equity": 563755,
            "current_ratio": 245.8,
            "debt_ratio": 28.56,
            "inventory_turnover_ratio": 0.74,
            "account_receivable_turnover_ratio": 1.77,
            "reinvestment_rate": null,
            "research_to_sale_ratio": 0.65,
            "price_fair": 0.48,
            "eps_avg_yearly": 0.16,
            "eps_latest_yearly": 0.16,
            "eps_growth_yearly": -240
        },
        "20212": {
            "year_quarter": 20212,
            "year": 2021,
            "quarter": 2,
            "eps": 0.19,
            "eps_growth_year": null,
            "eps_4q": -0.05,
            "eps_4q_growth_year": null,
            "roe": 1.74,
            "gross_profit": 13021,
            "gross_margin": 10.99,
            "net_income": 9916,
            "revenue": 118469,
            "common_shares": 519120,
            "equity": 575553,
            "current_ratio": 243.87,
            "debt_ratio": 28.05,
            "inventory_turnover_ratio": 0.77,
            "account_receivable_turnover_ratio": 1.97,
            "reinvestment_rate": null,
            "research_to_sale_ratio": 0.53,
            "price_fair": 16.1,
            "eps_avg_yearly": 0.46,
            "eps_latest_yearly": 0.76,
            "eps_growth_yearly": 25.45
        },
        "20213": {
            "year_quarter": 20213,
            "year": 2021,
            "quarter": 3,
            "eps": 0,
            "eps_growth_year": null,
            "eps_4q": 0.29,
            "eps_4q_growth_year": null,
            "roe": 0.05,
            "gross_profit": 9150,
            "gross_margin": 6.77,
            "net_income": 296,
            "revenue": 135161,
            "common_shares": 519120,
            "equity": 572838,
            "current_ratio": 219.95,
            "debt_ratio": 31.15,
            "inventory_turnover_ratio": 0.89,
            "account_receivable_turnover_ratio": 2.02,
            "reinvestment_rate": null,
            "research_to_sale_ratio": 0.42,
            "price_fair": 16.1,
            "eps_avg_yearly": 0.46,
            "eps_latest_yearly": 0.76,
            "eps_growth_yearly": 25.45
        },
        "20214": {
            "year_quarter": 20214,
            "year": 2021,
            "quarter": 4,
            "eps": 0.03,
            "eps_growth_year": null,
            "eps_4q": 0.33,
            "eps_4q_growth_year": null,
            "roe": 0.25,
            "gross_profit": 11472,
            "gross_margin": 8.64,
            "net_income": 1466,
            "revenue": 132738,
            "common_shares": 519120,
            "equity": 605784,
            "current_ratio": 235.44,
            "debt_ratio": 28.43,
            "inventory_turnover_ratio": 0.81,
            "account_receivable_turnover_ratio": 1.88,
            "reinvestment_rate": null,
            "research_to_sale_ratio": 0.44,
            "price_fair": 16.1,
            "eps_avg_yearly": 0.46,
            "eps_latest_yearly": 0.76,
            "eps_growth_yearly": 25.45
        },
        "20221": {
            "year_quarter": 20221,
            "year": 2022,
            "quarter": 1,
            "eps": 0.14,
            "eps_growth_year": 27.27,
            "eps_4q": 0.37,
            "eps_4q_growth_year": null,
            "roe": 1.22,
            "gross_profit": 5655,
            "gross_margin": 4.34,
            "net_income": 7435,
            "revenue": 130168,
            "common_shares": 519120,
            "equity": 611438,
            "current_ratio": 234.96,
            "debt_ratio": 26.71,
            "inventory_turnover_ratio": 0.84,
            "account_receivable_turnover_ratio": 1.94,
            "reinvestment_rate": null,
            "research_to_sale_ratio": 0.45,
            "price_fair": 17.27,
            "eps_avg_yearly": 0.49,
            "eps_latest_yearly": 0.56,
            "eps_growth_yearly": 505.86
        },
        "20222": {
            "year_quarter": 20222,
            "year": 2022,
            "quarter": 2,
            "eps": 0.24,
            "eps_growth_year": 26.32,
            "eps_4q": 0.42,
            "eps_4q_growth_year": null,
            "roe": 2.01,
            "gross_profit": 11334,
            "gross_margin": 7.55,
            "net_income": 12368,
            "revenue": 150153,
            "common_shares": 519120,
            "equity": 620470,
            "current_ratio": 244.67,
            "debt_ratio": 26.19,
            "inventory_turnover_ratio": 0.95,
            "account_receivable_turnover_ratio": 2.08,
            "reinvestment_rate": null,
            "research_to_sale_ratio": 0.39,
            "price_fair": 21.35,
            "eps_avg_yearly": 0.61,
            "eps_latest_yearly": 0.96,
            "eps_growth_yearly": 450.82
        },
        "20223": {
            "year_quarter": 20223,
            "year": 2022,
            "quarter": 3,
            "eps": 0.2,
            "eps_growth_year": null,
            "eps_4q": 0.6,
            "eps_4q_growth_year": 111.69,
            "roe": 1.64,
            "gross_profit": 4952,
            "gross_margin": 3.16,
            "net_income": 10118,
            "revenue": 156904,
            "common_shares": 519120,
            "equity": 615810,
            "current_ratio": 250.05,
            "debt_ratio": 27.56,
            "inventory_turnover_ratio": 1.05,
            "account_receivable_turnover_ratio": 1.86,
            "reinvestment_rate": null,
            "research_to_sale_ratio": 0.38,
            "price_fair": 26.95,
            "eps_avg_yearly": 0.77,
            "eps_latest_yearly": 0.8,
            "eps_growth_yearly": 494.16
        },
        "20224": {
            "year_quarter": 20224,
            "year": 2022,
            "quarter": 4,
            "eps": -0.18,
            "eps_growth_year": -736.43,
            "eps_4q": 0.4,
            "eps_4q_growth_year": 20.21,
            "roe": -1.45,
            "gross_profit": 2271,
            "gross_margin": 1.71,
            "net_income": -9330,
            "revenue": 132855,
            "common_shares": 519120,
            "equity": 672891,
            "current_ratio": 281.71,
            "debt_ratio": 22.34,
            "inventory_turnover_ratio": 0.93,
            "account_receivable_turnover_ratio": 1.71,
            "reinvestment_rate": null,
            "research_to_sale_ratio": 0.48,
            "price_fair": 26.95,
            "eps_avg_yearly": 0.77,
            "eps_latest_yearly": 0.8,
            "eps_growth_yearly": 494.16
        },
        "20231": {
            "year_quarter": 20231,
            "year": 2023,
            "quarter": 1,
            "eps": -0.19,
            "eps_growth_year": -235.71,
            "eps_4q": 0.07,
            "eps_4q_growth_year": -82.33,
            "roe": -1.46,
            "gross_profit": -3986,
            "gross_margin": -3.67,
            "net_income": -9778,
            "revenue": 108635,
            "common_shares": 519120,
            "equity": 662607,
            "current_ratio": 227.68,
            "debt_ratio": 25.13,
            "inventory_turnover_ratio": 0.82,
            "account_receivable_turnover_ratio": 1.54,
            "reinvestment_rate": null,
            "research_to_sale_ratio": 0.66,
            "price_fair": 26.95,
            "eps_avg_yearly": 0.77,
            "eps_latest_yearly": 0.8,
            "eps_growth_yearly": 494.16
        }
    },
    "months": {
        "2001-06": {
            "month": "2001-06",
            "price": "3.84",
            "revenue": 96619
        },
        "2001-07": {
            "month": "2001-07",
            "price": "3.78",
            "revenue": 86529
        },
        "2001-08": {
            "month": "2001-08",
            "price": "3.84",
            "revenue": 103708
        },
        "2001-09": {
            "month": "2001-09",
            "price": "3.82",
            "revenue": 87090
        },
        "2001-10": {
            "month": "2001-10",
            "price": "3.87",
            "revenue": 92293
        },
        "2001-11": {
            "month": "2001-11",
            "price": "3.61",
            "revenue": 77273
        },
        "2001-12": {
            "month": "2001-12",
            "price": "3.49",
            "revenue": 69171
        },
        "2002-01": {
            "month": "2002-01",
            "price": "4.53",
            "revenue": 84804
        },
        "2002-02": {
            "month": "2002-02",
            "price": "4.62",
            "revenue": 61493
        },
        "2002-03": {
            "month": "2002-03",
            "price": "5.40",
            "revenue": 89300
        },
        "2002-04": {
            "month": "2002-04",
            "price": "5.99",
            "revenue": 86851
        },
        "2002-05": {
            "month": "2002-05",
            "price": "5.85",
            "revenue": 83139
        },
        "2002-06": {
            "month": "2002-06",
            "price": "5.87",
            "revenue": 65368
        },
        "2002-07": {
            "month": "2002-07",
            "price": "5.96",
            "revenue": 75920
        },
        "2002-08": {
            "month": "2002-08",
            "price": "5.68",
            "revenue": 80085
        },
        "2002-09": {
            "month": "2002-09",
            "price": "4.64",
            "revenue": 66732
        },
        "2002-10": {
            "month": "2002-10",
            "price": "4.90",
            "revenue": 72133
        },
        "2002-11": {
            "month": "2002-11",
            "price": "5.20",
            "revenue": 64820
        },
        "2002-12": {
            "month": "2002-12",
            "price": "5.11",
            "revenue": 76985
        },
        "2003-01": {
            "month": "2003-01",
            "price": "5.59",
            "revenue": 88704
        },
        "2003-02": {
            "month": "2003-02",
            "price": "5.33",
            "revenue": 74933
        },
        "2003-03": {
            "month": "2003-03",
            "price": "5.06",
            "revenue": 59515
        },
        "2003-04": {
            "month": "2003-04",
            "price": "4.92",
            "revenue": 59410
        },
        "2003-05": {
            "month": "2003-05",
            "price": "4.57",
            "revenue": 53535
        },
        "2003-06": {
            "month": "2003-06",
            "price": "4.88",
            "revenue": 84919
        },
        "2003-07": {
            "month": "2003-07",
            "price": "5.03",
            "revenue": 70539
        },
        "2003-08": {
            "month": "2003-08",
            "price": "5.46",
            "revenue": 85530
        },
        "2003-09": {
            "month": "2003-09",
            "price": "5.12",
            "revenue": 75565
        },
        "2003-10": {
            "month": "2003-10",
            "price": "4.91",
            "revenue": 86060
        },
        "2003-11": {
            "month": "2003-11",
            "price": "4.90",
            "revenue": 91305
        },
        "2003-12": {
            "month": "2003-12",
            "price": "4.93",
            "revenue": 73099
        },
        "2004-01": {
            "month": "2004-01",
            "price": "5.24",
            "revenue": 71343
        },
        "2004-02": {
            "month": "2004-02",
            "price": "6.34",
            "revenue": 92555
        },
        "2004-03": {
            "month": "2004-03",
            "price": "6.13",
            "revenue": 81320
        },
        "2004-04": {
            "month": "2004-04",
            "price": "6.11",
            "revenue": 85889
        },
        "2004-05": {
            "month": "2004-05",
            "price": "5.03",
            "revenue": 86806
        },
        "2004-06": {
            "month": "2004-06",
            "price": "4.88",
            "revenue": 88201
        },
        "2004-07": {
            "month": "2004-07",
            "price": "4.87",
            "revenue": 92199
        },
        "2004-08": {
            "month": "2004-08",
            "price": "4.90",
            "revenue": 96031
        },
        "2004-09": {
            "month": "2004-09",
            "price": "5.14",
            "revenue": 115642
        },
        "2004-10": {
            "month": "2004-10",
            "price": "5.20",
            "revenue": 108157
        },
        "2004-11": {
            "month": "2004-11",
            "price": "5.06",
            "revenue": 70497
        },
        "2004-12": {
            "month": "2004-12",
            "price": "5.06",
            "revenue": 58301
        },
        "2005-01": {
            "month": "2005-01",
            "price": "4.88",
            "revenue": 86576
        },
        "2005-02": {
            "month": "2005-02",
            "price": "4.88",
            "revenue": 59704
        },
        "2005-03": {
            "month": "2005-03",
            "price": "4.63",
            "revenue": 61839
        },
        "2005-04": {
            "month": "2005-04",
            "price": "4.08",
            "revenue": 48712
        },
        "2005-05": {
            "month": "2005-05",
            "price": "4.08",
            "revenue": 73407
        },
        "2005-06": {
            "month": "2005-06",
            "price": "4.06",
            "revenue": 79880
        },
        "2005-07": {
            "month": "2005-07",
            "price": "4.21",
            "revenue": 65447
        },
        "2005-08": {
            "month": "2005-08",
            "price": "4.34",
            "revenue": 67173
        },
        "2005-09": {
            "month": "2005-09",
            "price": "4.49",
            "revenue": 81738
        },
        "2005-10": {
            "month": "2005-10",
            "price": "4.30",
            "revenue": 84581
        },
        "2005-11": {
            "month": "2005-11",
            "price": "4.45",
            "revenue": 55872
        },
        "2005-12": {
            "month": "2005-12",
            "price": "4.40",
            "revenue": 75380
        },
        "2006-01": {
            "month": "2006-01",
            "price": "4.24",
            "revenue": 75862
        },
        "2006-02": {
            "month": "2006-02",
            "price": "4.34",
            "revenue": 61631
        },
        "2006-03": {
            "month": "2006-03",
            "price": "4.44",
            "revenue": 82215
        },
        "2006-04": {
            "month": "2006-04",
            "price": "4.51",
            "revenue": 85717
        },
        "2006-05": {
            "month": "2006-05",
            "price": "4.82",
            "revenue": 84917
        },
        "2006-06": {
            "month": "2006-06",
            "price": "5.10",
            "revenue": 75020
        },
        "2006-07": {
            "month": "2006-07",
            "price": "5.13",
            "revenue": 73855
        },
        "2006-08": {
            "month": "2006-08",
            "price": "4.83",
            "revenue": 77850
        },
        "2006-09": {
            "month": "2006-09",
            "price": "4.75",
            "revenue": 62083
        },
        "2006-10": {
            "month": "2006-10",
            "price": "5.22",
            "revenue": 60790
        },
        "2006-11": {
            "month": "2006-11",
            "price": "5.87",
            "revenue": 80929
        },
        "2006-12": {
            "month": "2006-12",
            "price": "6.75",
            "revenue": 61663
        },
        "2007-01": {
            "month": "2007-01",
            "price": "6.71",
            "revenue": 87968
        },
        "2007-02": {
            "month": "2007-02",
            "price": "6.49",
            "revenue": 79770
        },
        "2007-03": {
            "month": "2007-03",
            "price": "6.63",
            "revenue": 114932
        },
        "2007-04": {
            "month": "2007-04",
            "price": "8.52",
            "revenue": 83551
        },
        "2007-05": {
            "month": "2007-05",
            "price": "7.57",
            "revenue": 108257
        },
        "2007-06": {
            "month": "2007-06",
            "price": "7.59",
            "revenue": 114643
        },
        "2007-07": {
            "month": "2007-07",
            "price": "9.50",
            "revenue": 112023
        },
        "2007-08": {
            "month": "2007-08",
            "price": "10.09",
            "revenue": 123762
        },
        "2007-09": {
            "month": "2007-09",
            "price": "10.28",
            "revenue": 99966
        },
        "2007-10": {
            "month": "2007-10",
            "price": "11.14",
            "revenue": 128513
        },
        "2007-11": {
            "month": "2007-11",
            "price": "11.21",
            "revenue": 132246
        },
        "2007-12": {
            "month": "2007-12",
            "price": "11.61",
            "revenue": 91369
        },
        "2008-01": {
            "month": "2008-01",
            "price": "10.55",
            "revenue": 140995
        },
        "2008-02": {
            "month": "2008-02",
            "price": "9.67",
            "revenue": 99336
        },
        "2008-03": {
            "month": "2008-03",
            "price": "9.31",
            "revenue": 131967
        },
        "2008-04": {
            "month": "2008-04",
            "price": "9.40",
            "revenue": 112484
        },
        "2008-05": {
            "month": "2008-05",
            "price": "9.06",
            "revenue": 92939
        },
        "2008-06": {
            "month": "2008-06",
            "price": "8.80",
            "revenue": 91492
        },
        "2008-07": {
            "month": "2008-07",
            "price": "8.47",
            "revenue": 113872
        },
        "2008-08": {
            "month": "2008-08",
            "price": "8.32",
            "revenue": 67307
        },
        "2008-09": {
            "month": "2008-09",
            "price": "7.21",
            "revenue": 96630
        },
        "2008-10": {
            "month": "2008-10",
            "price": "6.57",
            "revenue": 80659
        },
        "2008-11": {
            "month": "2008-11",
            "price": "6.01",
            "revenue": 43262
        },
        "2008-12": {
            "month": "2008-12",
            "price": "5.39",
            "revenue": 67100
        },
        "2009-01": {
            "month": "2009-01",
            "price": "5.46",
            "revenue": 48125
        },
        "2009-02": {
            "month": "2009-02",
            "price": "5.21",
            "revenue": 64116
        },
        "2009-03": {
            "month": "2009-03",
            "price": "5.39",
            "revenue": 77154
        },
        "2009-04": {
            "month": "2009-04",
            "price": "6.09",
            "revenue": 76007
        },
        "2009-05": {
            "month": "2009-05",
            "price": "5.63",
            "revenue": 77267
        },
        "2009-06": {
            "month": "2009-06",
            "price": "6.12",
            "revenue": 81292
        },
        "2009-07": {
            "month": "2009-07",
            "price": "6.31",
            "revenue": 86725
        },
        "2009-08": {
            "month": "2009-08",
            "price": "6.83",
            "revenue": 91604
        },
        "2009-09": {
            "month": "2009-09",
            "price": "7.01",
            "revenue": 101969
        },
        "2009-10": {
            "month": "2009-10",
            "price": "7.81",
            "revenue": 100022
        },
        "2009-11": {
            "month": "2009-11",
            "price": "8.53",
            "revenue": 87839
        },
        "2009-12": {
            "month": "2009-12",
            "price": "8.72",
            "revenue": 86809
        },
        "2010-01": {
            "month": "2010-01",
            "price": "9.19",
            "revenue": 79918
        },
        "2010-02": {
            "month": "2010-02",
            "price": "8.15",
            "revenue": 66528
        },
        "2010-03": {
            "month": "2010-03",
            "price": "8.98",
            "revenue": 99475
        },
        "2010-04": {
            "month": "2010-04",
            "price": "11.01",
            "revenue": 93765
        },
        "2010-05": {
            "month": "2010-05",
            "price": "10.33",
            "revenue": 83591
        },
        "2010-06": {
            "month": "2010-06",
            "price": "9.69",
            "revenue": 85515
        },
        "2010-07": {
            "month": "2010-07",
            "price": "9.64",
            "revenue": 103325
        },
        "2010-08": {
            "month": "2010-08",
            "price": "10.67",
            "revenue": 102535
        },
        "2010-09": {
            "month": "2010-09",
            "price": "9.95",
            "revenue": 92612
        },
        "2010-10": {
            "month": "2010-10",
            "price": "10.27",
            "revenue": 99304
        },
        "2010-11": {
            "month": "2010-11",
            "price": "9.30",
            "revenue": 91692
        },
        "2010-12": {
            "month": "2010-12",
            "price": "8.64",
            "revenue": 87212
        },
        "2011-01": {
            "month": "2011-01",
            "price": "9.09",
            "revenue": 103343
        },
        "2011-02": {
            "month": "2011-02",
            "price": "9.12",
            "revenue": 77970
        },
        "2011-03": {
            "month": "2011-03",
            "price": "8.92",
            "revenue": 124832
        },
        "2011-04": {
            "month": "2011-04",
            "price": "9.17",
            "revenue": 91352
        },
        "2011-05": {
            "month": "2011-05",
            "price": "10.86",
            "revenue": 54959
        },
        "2011-06": {
            "month": "2011-06",
            "price": "9.77",
            "revenue": 96041
        },
        "2011-07": {
            "month": "2011-07",
            "price": "9.52",
            "revenue": 109671
        },
        "2011-08": {
            "month": "2011-08",
            "price": "8.82",
            "revenue": 101201
        },
        "2011-09": {
            "month": "2011-09",
            "price": "8.56",
            "revenue": 105288
        },
        "2011-10": {
            "month": "2011-10",
            "price": "7.97",
            "revenue": 68389
        },
        "2011-11": {
            "month": "2011-11",
            "price": "7.62",
            "revenue": 66383
        },
        "2011-12": {
            "month": "2011-12",
            "price": "6.42",
            "revenue": 88279
        },
        "2012-01": {
            "month": "2012-01",
            "price": "6.59",
            "revenue": 62682
        },
        "2012-02": {
            "month": "2012-02",
            "price": "7.45",
            "revenue": 87460
        },
        "2012-03": {
            "month": "2012-03",
            "price": "7.69",
            "revenue": 82998
        },
        "2012-04": {
            "month": "2012-04",
            "price": "7.23",
            "revenue": 91161
        },
        "2012-05": {
            "month": "2012-05",
            "price": "6.82",
            "revenue": 83640
        },
        "2012-06": {
            "month": "2012-06",
            "price": "6.74",
            "revenue": 64639
        },
        "2012-07": {
            "month": "2012-07",
            "price": "6.64",
            "revenue": 75074
        },
        "2012-08": {
            "month": "2012-08",
            "price": "6.52",
            "revenue": 75081
        },
        "2012-09": {
            "month": "2012-09",
            "price": "6.50",
            "revenue": 55424
        },
        "2012-10": {
            "month": "2012-10",
            "price": "7.15",
            "revenue": 63699
        },
        "2012-11": {
            "month": "2012-11",
            "price": "6.15",
            "revenue": 67246
        },
        "2012-12": {
            "month": "2012-12",
            "price": "6.27",
            "revenue": 70535
        },
        "2013-01": {
            "month": "2013-01",
            "price": "6.38",
            "revenue": 78927
        },
        "2013-02": {
            "month": "2013-02",
            "price": "6.89",
            "revenue": 46246
        },
        "2013-03": {
            "month": "2013-03",
            "price": "7.00",
            "revenue": 69867
        },
        "2013-04": {
            "month": "2013-04",
            "price": "7.03",
            "revenue": 73649
        },
        "2013-05": {
            "month": "2013-05",
            "price": "7.02",
            "revenue": 83094
        },
        "2013-06": {
            "month": "2013-06",
            "price": "7.15",
            "revenue": 61887
        },
        "2013-07": {
            "month": "2013-07",
            "price": "7.21",
            "revenue": 72640
        },
        "2013-08": {
            "month": "2013-08",
            "price": "7.14",
            "revenue": 83390
        },
        "2013-09": {
            "month": "2013-09",
            "price": "7.69",
            "revenue": 69558
        },
        "2013-10": {
            "month": "2013-10",
            "price": "8.23",
            "revenue": 63903
        },
        "2013-11": {
            "month": "2013-11",
            "price": "7.72",
            "revenue": 66605
        },
        "2013-12": {
            "month": "2013-12",
            "price": "7.34",
            "revenue": 69809
        },
        "2014-01": {
            "month": "2014-01",
            "price": "7.45",
            "revenue": 61213
        },
        "2014-02": {
            "month": "2014-02",
            "price": "7.85",
            "revenue": 72548
        },
        "2014-03": {
            "month": "2014-03",
            "price": "8.32",
            "revenue": 80299
        },
        "2014-04": {
            "month": "2014-04",
            "price": "8.19",
            "revenue": 71335
        },
        "2014-05": {
            "month": "2014-05",
            "price": "8.00",
            "revenue": 64497
        },
        "2014-06": {
            "month": "2014-06",
            "price": "8.05",
            "revenue": 66325
        },
        "2014-07": {
            "month": "2014-07",
            "price": "7.92",
            "revenue": 78232
        },
        "2014-08": {
            "month": "2014-08",
            "price": "8.15",
            "revenue": 52429
        },
        "2014-09": {
            "month": "2014-09",
            "price": "7.98",
            "revenue": 74358
        },
        "2014-10": {
            "month": "2014-10",
            "price": "8.07",
            "revenue": 67663
        },
        "2014-11": {
            "month": "2014-11",
            "price": "7.91",
            "revenue": 61305
        },
        "2014-12": {
            "month": "2014-12",
            "price": "7.88",
            "revenue": 69160
        },
        "2015-01": {
            "month": "2015-01",
            "price": "7.84",
            "revenue": 55259
        },
        "2015-02": {
            "month": "2015-02",
            "price": "7.70",
            "revenue": 51908
        },
        "2015-03": {
            "month": "2015-03",
            "price": "9.31",
            "revenue": 69039
        },
        "2015-04": {
            "month": "2015-04",
            "price": "9.18",
            "revenue": 77863
        },
        "2015-05": {
            "month": "2015-05",
            "price": "9.44",
            "revenue": 70887
        },
        "2015-06": {
            "month": "2015-06",
            "price": "10.32",
            "revenue": 65907
        },
        "2015-07": {
            "month": "2015-07",
            "price": "11.46",
            "revenue": 66045
        },
        "2015-08": {
            "month": "2015-08",
            "price": "11.95",
            "revenue": 67161
        },
        "2015-09": {
            "month": "2015-09",
            "price": "12.88",
            "revenue": 50696
        },
        "2015-10": {
            "month": "2015-10",
            "price": "12.69",
            "revenue": 61153
        },
        "2015-11": {
            "month": "2015-11",
            "price": "11.79",
            "revenue": 56614
        },
        "2015-12": {
            "month": "2015-12",
            "price": "11.03",
            "revenue": 72880
        },
        "2016-01": {
            "month": "2016-01",
            "price": "10.62",
            "revenue": 43353
        },
        "2016-02": {
            "month": "2016-02",
            "price": "11.88",
            "revenue": 46670
        },
        "2016-03": {
            "month": "2016-03",
            "price": "11.93",
            "revenue": 73137
        },
        "2016-04": {
            "month": "2016-04",
            "price": "11.62",
            "revenue": 53634
        },
        "2016-05": {
            "month": "2016-05",
            "price": "11.30",
            "revenue": 60750
        },
        "2016-06": {
            "month": "2016-06",
            "price": "10.79",
            "revenue": 53588
        },
        "2016-07": {
            "month": "2016-07",
            "price": "10.90",
            "revenue": 56595
        },
        "2016-08": {
            "month": "2016-08",
            "price": "10.80",
            "revenue": 57969
        },
        "2016-09": {
            "month": "2016-09",
            "price": "10.59",
            "revenue": 55425
        },
        "2016-10": {
            "month": "2016-10",
            "price": "10.39",
            "revenue": 46497
        },
        "2016-11": {
            "month": "2016-11",
            "price": "10.16",
            "revenue": 41904
        },
        "2016-12": {
            "month": "2016-12",
            "price": "10.04",
            "revenue": 67607
        },
        "2017-01": {
            "month": "2017-01",
            "price": "9.70",
            "revenue": 62741
        },
        "2017-02": {
            "month": "2017-02",
            "price": "9.61",
            "revenue": 45193
        },
        "2017-03": {
            "month": "2017-03",
            "price": "9.66",
            "revenue": 58270
        },
        "2017-04": {
            "month": "2017-04",
            "price": "9.65",
            "revenue": 49778
        },
        "2017-05": {
            "month": "2017-05",
            "price": "9.40",
            "revenue": 58008
        },
        "2017-06": {
            "month": "2017-06",
            "price": "9.22",
            "revenue": 63269
        },
        "2017-07": {
            "month": "2017-07",
            "price": "9.35",
            "revenue": 56462
        },
        "2017-08": {
            "month": "2017-08",
            "price": "9.47",
            "revenue": 74249
        },
        "2017-09": {
            "month": "2017-09",
            "price": "9.59",
            "revenue": 57799
        },
        "2017-10": {
            "month": "2017-10",
            "price": "9.63",
            "revenue": 66022
        },
        "2017-11": {
            "month": "2017-11",
            "price": "9.44",
            "revenue": 44411
        },
        "2017-12": {
            "month": "2017-12",
            "price": "9.62",
            "revenue": 71172
        },
        "2018-01": {
            "month": "2018-01",
            "price": "9.48",
            "revenue": 52432
        },
        "2018-02": {
            "month": "2018-02",
            "price": "9.40",
            "revenue": 36218
        },
        "2018-03": {
            "month": "2018-03",
            "price": "9.42",
            "revenue": 71964
        },
        "2018-04": {
            "month": "2018-04",
            "price": "9.33",
            "revenue": 62401
        },
        "2018-05": {
            "month": "2018-05",
            "price": "9.36",
            "revenue": 70819
        },
        "2018-06": {
            "month": "2018-06",
            "price": "9.26",
            "revenue": 70564
        },
        "2018-07": {
            "month": "2018-07",
            "price": "9.24",
            "revenue": 76145
        },
        "2018-08": {
            "month": "2018-08",
            "price": "9.18",
            "revenue": 80042
        },
        "2018-09": {
            "month": "2018-09",
            "price": "8.91",
            "revenue": 60114
        },
        "2018-10": {
            "month": "2018-10",
            "price": "8.66",
            "revenue": 71098
        },
        "2018-11": {
            "month": "2018-11",
            "price": "8.44",
            "revenue": 56159
        },
        "2018-12": {
            "month": "2018-12",
            "price": "8.50",
            "revenue": 78739
        },
        "2019-01": {
            "month": "2019-01",
            "price": "8.22",
            "revenue": 57047
        },
        "2019-02": {
            "month": "2019-02",
            "price": "8.31",
            "revenue": 33501
        },
        "2019-03": {
            "month": "2019-03",
            "price": "8.62",
            "revenue": 48997
        },
        "2019-04": {
            "month": "2019-04",
            "price": "8.77",
            "revenue": 63125
        },
        "2019-05": {
            "month": "2019-05",
            "price": "8.70",
            "revenue": 58959
        },
        "2019-06": {
            "month": "2019-06",
            "price": "8.58",
            "revenue": 42144
        },
        "2019-07": {
            "month": "2019-07",
            "price": "8.28",
            "revenue": 55488
        },
        "2019-08": {
            "month": "2019-08",
            "price": "8.51",
            "revenue": 63911
        },
        "2019-09": {
            "month": "2019-09",
            "price": "8.67",
            "revenue": 45400
        },
        "2019-10": {
            "month": "2019-10",
            "price": "9.06",
            "revenue": 55183
        },
        "2019-11": {
            "month": "2019-11",
            "price": "9.30",
            "revenue": 54579
        },
        "2019-12": {
            "month": "2019-12",
            "price": "9.08",
            "revenue": 46671
        },
        "2020-01": {
            "month": "2020-01",
            "price": "9.12",
            "revenue": 34664
        },
        "2020-02": {
            "month": "2020-02",
            "price": "9.05",
            "revenue": 46138
        },
        "2020-03": {
            "month": "2020-03",
            "price": "9.02",
            "revenue": 42377
        },
        "2020-04": {
            "month": "2020-04",
            "price": "8.62",
            "revenue": 15010
        },
        "2020-05": {
            "month": "2020-05",
            "price": "8.71",
            "revenue": 15987
        },
        "2020-06": {
            "month": "2020-06",
            "price": "8.85",
            "revenue": 23493
        },
        "2020-07": {
            "month": "2020-07",
            "price": "8.87",
            "revenue": 34481
        },
        "2020-08": {
            "month": "2020-08",
            "price": "8.72",
            "revenue": 25675
        },
        "2020-09": {
            "month": "2020-09",
            "price": "8.46",
            "revenue": 34537
        },
        "2020-10": {
            "month": "2020-10",
            "price": "8.53",
            "revenue": 28017
        },
        "2020-11": {
            "month": "2020-11",
            "price": "8.28",
            "revenue": 26997
        },
        "2020-12": {
            "month": "2020-12",
            "price": "8.01",
            "revenue": 41847
        },
        "2021-01": {
            "month": "2021-01",
            "price": "7.81",
            "revenue": 36746
        },
        "2021-02": {
            "month": "2021-02",
            "price": "7.94",
            "revenue": 26887
        },
        "2021-03": {
            "month": "2021-03",
            "price": "8.19",
            "revenue": 43077
        },
        "2021-04": {
            "month": "2021-04",
            "price": "8.28",
            "revenue": 36987
        },
        "2021-05": {
            "month": "2021-05",
            "price": "9.52",
            "revenue": 42330
        },
        "2021-06": {
            "month": "2021-06",
            "price": "10.15",
            "revenue": 39151
        },
        "2021-07": {
            "month": "2021-07",
            "price": "11.95",
            "revenue": 40732
        },
        "2021-08": {
            "month": "2021-08",
            "price": "10.11",
            "revenue": 45579
        },
        "2021-09": {
            "month": "2021-09",
            "price": "10.24",
            "revenue": 48850
        },
        "2021-10": {
            "month": "2021-10",
            "price": "12.44",
            "revenue": 48239
        },
        "2021-11": {
            "month": "2021-11",
            "price": "11.91",
            "revenue": 40226
        },
        "2021-12": {
            "month": "2021-12",
            "price": "11.90",
            "revenue": 44273
        },
        "2022-01": {
            "month": "2022-01",
            "price": "10.68",
            "revenue": 39823
        },
        "2022-02": {
            "month": "2022-02",
            "price": "10.43",
            "revenue": 38317
        },
        "2022-03": {
            "month": "2022-03",
            "price": "10.11",
            "revenue": 52028
        },
        "2022-04": {
            "month": "2022-04",
            "price": "10.32",
            "revenue": 52421
        },
        "2022-05": {
            "month": "2022-05",
            "price": "10.28",
            "revenue": 46464
        },
        "2022-06": {
            "month": "2022-06",
            "price": "10.30",
            "revenue": 51268
        },
        "2022-07": {
            "month": "2022-07",
            "price": "10.01",
            "revenue": 50595
        },
        "2022-08": {
            "month": "2022-08",
            "price": "10.94",
            "revenue": 48393
        },
        "2022-09": {
            "month": "2022-09",
            "price": "10.60",
            "revenue": 57915
        },
        "2022-10": {
            "month": "2022-10",
            "price": "10.50",
            "revenue": 52462
        },
        "2022-11": {
            "month": "2022-11",
            "price": "10.67",
            "revenue": 39233
        },
        "2022-12": {
            "month": "2022-12",
            "price": "10.41",
            "revenue": 41159
        },
        "2023-01": {
            "month": "2023-01",
            "price": "10.21",
            "revenue": 20999
        },
        "2023-02": {
            "month": "2023-02",
            "price": "10.37",
            "revenue": 38535
        },
        "2023-03": {
            "month": "2023-03",
            "price": "10.55",
            "revenue": 49101
        },
        "2023-04": {
            "month": "2023-04",
            "price": "10.24",
            "revenue": 29123
        }
    }
}
