{
    "summary": {
        "stock_name": "飛寶企業",
        "stock_id": "4413",
        "category": "紡織纖維",
        "main_business": "成衣國際貿易業<br>長纖紡織業",
        "website_url": "http://www.estga.com",
        "ceo": "黃鈺翔",
        "pe_ratio": 13,
        "report_year_from": 2001,
        "report_year_to": 2023,
        "age": 22,
        "eps_negative_percentage": 70,
        "eps_growth_avg": {
            "last_all": -22.08,
            "last_2y": 0,
            "last_4y": 16.88,
            "last_8y": -6.5,
            "last_12y": -22.08,
            "last_16y": -22.08,
            "last_20y": -22.08,
            "at_2006_last_3y": null,
            "at_2007_last_3y": null,
            "at_2008_last_3y": null,
            "at_2009_last_3y": null,
            "at_2010_last_3y": null,
            "at_2011_last_3y": -100,
            "at_2012_last_3y": -100,
            "at_2013_last_3y": -100,
            "at_2014_last_3y": -100,
            "at_2015_last_3y": null,
            "at_2016_last_3y": -100,
            "at_2017_last_3y": -100,
            "at_2018_last_3y": -25,
            "at_2019_last_3y": -10.83,
            "at_2020_last_3y": -10.83,
            "at_2021_last_3y": -10.83,
            "at_2022_last_3y": 5.83,
            "at_2023_last_3y": 5.83,
            "at_2006_last_all": null,
            "at_2007_last_all": null,
            "at_2008_last_all": null,
            "at_2009_last_all": null,
            "at_2010_last_all": null,
            "at_2011_last_all": -100,
            "at_2012_last_all": -100,
            "at_2013_last_all": -100,
            "at_2014_last_all": -100,
            "at_2015_last_all": -100,
            "at_2016_last_all": -100,
            "at_2017_last_all": -100,
            "at_2018_last_all": -50,
            "at_2019_last_all": -33.13,
            "at_2020_last_all": -46.5,
            "at_2021_last_all": -46.5,
            "at_2022_last_all": -22.08,
            "at_2023_last_all": -22.08
        },
        "latest_eps": 1.19,
        "latest_price": 15.25,
        "latest_roe": 11.32,
        "latest_gross_margin": 21.53,
        "latest_equity": 347443,
        "latest_revenue": 106480,
        "latest_gross_profit": 22930,
        "latest_net_income": -675,
        "latest_debt_ratio": 23.4,
        "latest_current_ratio": 1400.42,
        "latest_account_receivable_turnover_ratio": 1.55,
        "latest_inventory_turnover_ratio": 1.18,
        "latest_reinvestment_rate": 208.74,
        "latest_research_to_sale_ratio": null
    },
    "eps_dividends": {
        "1999": {
            "cash": 0,
            "stock": 1.3,
            "eps": 0
        },
        "2000": {
            "cash": 1,
            "stock": 10,
            "eps": 0
        },
        "2001": {
            "cash": 0,
            "stock": 0,
            "eps": -1.61
        },
        "2002": {
            "cash": 10,
            "stock": 2000,
            "eps": -1.76
        },
        "2003": {
            "cash": 0,
            "stock": 0,
            "eps": -1.43
        },
        "2004": {
            "cash": 0,
            "stock": 0,
            "eps": -0.39
        },
        "2005": {
            "cash": 0,
            "stock": 0,
            "eps": -8.17
        },
        "2006": {
            "cash": 0,
            "stock": 0,
            "eps": -0.39
        },
        "2007": {
            "cash": 0,
            "stock": 0,
            "eps": -0.46
        },
        "2008": {
            "cash": 0,
            "stock": 0,
            "eps": -0.61
        },
        "2009": {
            "cash": 0,
            "stock": 0,
            "eps": -0.03
        },
        "2010": {
            "cash": 0,
            "stock": 0,
            "eps": 0.38
        },
        "2011": {
            "cash": 0,
            "stock": 0,
            "eps": -0.26
        },
        "2012": {
            "cash": 0,
            "stock": 0,
            "eps": -0.67
        },
        "2013": {
            "cash": 0,
            "stock": 0,
            "eps": -0.52
        },
        "2014": {
            "cash": 0,
            "stock": 0,
            "eps": -0.21
        },
        "2015": {
            "cash": 0,
            "stock": 0,
            "eps": 0.36
        },
        "2016": {
            "cash": 0,
            "stock": 0,
            "eps": -0.39
        },
        "2017": {
            "cash": 0,
            "stock": 0,
            "eps": 0.8
        },
        "2018": {
            "cash": 0,
            "stock": 0,
            "eps": 1.2
        },
        "2019": {
            "cash": 0,
            "stock": 0,
            "eps": 1.41
        },
        "2020": {
            "cash": 0,
            "stock": 0,
            "eps": -0.9
        },
        "2021": {
            "cash": 0,
            "stock": 0,
            "eps": 0.2
        },
        "2022": {
            "cash": 0,
            "stock": 0,
            "eps": 1.72
        },
        "2023": {
            "cash": 0.5,
            "stock": 0,
            "eps": -0.02
        }
    },
    "dividends": {
        "1999-05-28": {
            "cash": 0,
            "stock": 1.3
        },
        "2000-06-09": {
            "cash": 1,
            "stock": 10
        },
        "2002-06-04": {
            "cash": 10,
            "stock": 2000
        },
        "2023-03-06": {
            "cash": 0.5,
            "stock": 0
        }
    },
    "prices": {
        "200101": "5.23",
        "200102": "6.98",
        "200103": "8.92",
        "200104": "10.68",
        "200105": "10.75",
        "200106": "7.84",
        "200107": "8.08",
        "200108": "5.65",
        "200109": "3.69",
        "200110": "3.28",
        "200111": "3.86",
        "200112": "4.39",
        "200201": "5.48",
        "200202": "6.25",
        "200203": "6.61",
        "200204": "7.89",
        "200205": "8.40",
        "200206": "8.74",
        "200207": "7.96",
        "200208": "6.22",
        "200209": "5.13",
        "200210": "5.44",
        "200211": "7.73",
        "200212": "10.07",
        "200301": "13.19",
        "200302": "13.08",
        "200303": "10.04",
        "200304": "8.43",
        "200305": "7.85",
        "200306": "8.16",
        "200307": "7.48",
        "200308": "6.40",
        "200309": "6.79",
        "200310": "7.97",
        "200311": "8.50",
        "200312": "8.03",
        "200401": "10.53",
        "200402": "14.35",
        "200403": "15.17",
        "200404": "15.15",
        "200405": "13.30",
        "200406": "13.12",
        "200407": "10.80",
        "200408": "6.48",
        "200409": "5.17",
        "200410": "5.46",
        "200411": "6.16",
        "200412": "5.56",
        "200501": "4.83",
        "200502": "4.72",
        "200503": "3.76",
        "200504": "3.20",
        "200505": "2.96",
        "200506": "3.29",
        "200507": "3.03",
        "200508": "2.74",
        "200509": "2.14",
        "200510": "1.96",
        "200511": "1.54",
        "200512": "1.74",
        "200601": "1.69",
        "200602": "1.35",
        "200603": "1.20",
        "200604": "1.00",
        "200605": "1.05",
        "200606": "無",
        "200607": "無",
        "200608": "無",
        "200609": "無",
        "200610": "無",
        "200611": "1.25",
        "200612": "2.94",
        "200701": "9.66",
        "200702": "14.81",
        "200703": "13.96",
        "200704": "13.00",
        "200705": "12.82",
        "200706": "12.56",
        "200707": "18.92",
        "200708": "18.88",
        "200709": "15.63",
        "200710": "13.65",
        "200711": "12.00",
        "200712": "無",
        "200801": "11.05",
        "200802": "無",
        "200803": "無",
        "200804": "無",
        "200805": "無",
        "200806": "無",
        "200807": "無",
        "200808": "無",
        "200809": "無",
        "200810": "無",
        "200811": "無",
        "200812": "無",
        "200901": "無",
        "200902": "無",
        "200903": "無",
        "200904": "無",
        "200905": "無",
        "200906": "無",
        "200907": "4.96",
        "200908": "6.93",
        "200909": "4.49",
        "200910": "4.23",
        "200911": "4.19",
        "200912": "3.74",
        "201001": "4.59",
        "201002": "4.35",
        "201003": "3.57",
        "201004": "3.77",
        "201005": "3.84",
        "201006": "2.97",
        "201007": "2.75",
        "201008": "2.92",
        "201009": "2.79",
        "201010": "無",
        "201011": "無",
        "201012": "無",
        "201101": "無",
        "201102": "無",
        "201103": "3.18",
        "201104": "4.28",
        "201105": "3.78",
        "201106": "3.87",
        "201107": "4.29",
        "201108": "4.53",
        "201109": "4.43",
        "201110": "3.43",
        "201111": "3.26",
        "201112": "3.85",
        "201201": "3.53",
        "201202": "3.42",
        "201203": "3.10",
        "201204": "2.93",
        "201205": "10.80",
        "201206": "8.16",
        "201207": "5.55",
        "201208": "3.81",
        "201209": "3.01",
        "201210": "3.22",
        "201211": "無",
        "201212": "無",
        "201301": "無",
        "201302": "無",
        "201303": "無",
        "201304": "無",
        "201305": "3.68",
        "201306": "6.75",
        "201307": "6.35",
        "201308": "5.95",
        "201309": "6.28",
        "201310": "6.76",
        "201311": "6.94",
        "201312": "7.81",
        "201401": "7.63",
        "201402": "7.39",
        "201403": "7.33",
        "201404": "9.78",
        "201405": "9.10",
        "201406": "10.35",
        "201407": "10.24",
        "201408": "無",
        "201409": "10.11",
        "201410": "7.71",
        "201411": "4.77",
        "201412": "4.81",
        "201501": "5.00",
        "201502": "5.02",
        "201503": "5.18",
        "201504": "6.26",
        "201505": "24.51",
        "201506": "28.84",
        "201507": "28.32",
        "201508": "26.50",
        "201509": "25.25",
        "201510": "20.60",
        "201511": "19.00",
        "201512": "16.50",
        "201601": "無",
        "201602": "無",
        "201603": "無",
        "201604": "無",
        "201605": "無",
        "201606": "無",
        "201607": "無",
        "201608": "無",
        "201609": "無",
        "201610": "無",
        "201611": "無",
        "201612": "無",
        "201701": "9.65",
        "201702": "9.31",
        "201703": "7.94",
        "201704": "8.96",
        "201705": "9.36",
        "201706": "9.28",
        "201707": "9.86",
        "201708": "10.00",
        "201709": "10.01",
        "201710": "11.97",
        "201711": "14.77",
        "201712": "16.03",
        "201801": "16.11",
        "201802": "15.56",
        "201803": "14.77",
        "201804": "15.05",
        "201805": "13.92",
        "201806": "無",
        "201807": "無",
        "201808": "無",
        "201809": "無",
        "201810": "無",
        "201811": "11.95",
        "201812": "11.97",
        "201901": "11.68",
        "201902": "11.58",
        "201903": "11.27",
        "201904": "11.99",
        "201905": "12.48",
        "201906": "12.14",
        "201907": "11.99",
        "201908": "12.28",
        "201909": "12.59",
        "201910": "13.67",
        "201911": "13.61",
        "201912": "13.23",
        "202001": "13.04",
        "202002": "13.38",
        "202003": "13.66",
        "202004": "12.74",
        "202005": "12.84",
        "202006": "12.79",
        "202007": "12.34",
        "202008": "18.44",
        "202009": "19.97",
        "202010": "19.91",
        "202011": "15.96",
        "202012": "15.25",
        "202101": "13.48",
        "202102": "13.41",
        "202103": "15.65",
        "202104": "14.76",
        "202105": "13.92",
        "202106": "13.27",
        "202107": "13.02",
        "202108": "12.09",
        "202109": "12.08",
        "202110": "11.99",
        "202111": "11.86",
        "202112": "11.69",
        "202201": "11.48",
        "202202": "11.35",
        "202203": "11.52",
        "202204": "11.93",
        "202205": "14.57",
        "202206": "15.49",
        "202207": "16.77",
        "202208": "25.89",
        "202209": "22.13",
        "202210": "15.33",
        "202211": "17.45",
        "202212": "16.94",
        "202301": "16.13",
        "202302": "17.10",
        "202303": "16.34",
        "202304": "15.24",
        "202305": "14.93"
    },
    "quarters": {
        "20011": {
            "year_quarter": 20011,
            "year": 2001,
            "quarter": 1,
            "eps": -0.19,
            "eps_growth_year": -226.67,
            "eps_4q": 0.2,
            "eps_4q_growth_year": -77.09,
            "roe": -1.59,
            "roe_4q": -1.59,
            "gross_profit": 19284,
            "gross_margin": 14.43,
            "gross_margin_4q_avg": 14.43,
            "net_income": -5721,
            "revenue": 133655,
            "common_shares": 300015,
            "book_valuer_per_share": 11.92,
            "book_valuer_per_share_4q_avg": 11.92,
            "equity": 357762,
            "current_ratio": 67.73,
            "debt_ratio": 66.43,
            "inventory_turnover_ratio": 0.87,
            "account_receivable_turnover_ratio": null,
            "reinvestment_rate": null,
            "research_to_sale_ratio": null,
            "price_fair": 0,
            "eps_avg_yearly": 0,
            "eps_latest_yearly": 0,
            "eps_growth_yearly": 0
        },
        "20012": {
            "year_quarter": 20012,
            "year": 2001,
            "quarter": 2,
            "eps": -0.57,
            "eps_growth_year": -272.73,
            "eps_4q": -0.48,
            "eps_4q_growth_year": -152.41,
            "roe": -4.78,
            "roe_4q": -6.37,
            "gross_profit": 8636,
            "gross_margin": 7.96,
            "gross_margin_4q_avg": 11.2,
            "net_income": -21351,
            "revenue": 108527,
            "common_shares": 525487,
            "book_valuer_per_share": 10.21,
            "book_valuer_per_share_4q_avg": 11.07,
            "equity": 536411,
            "current_ratio": 111.23,
            "debt_ratio": 45.38,
            "inventory_turnover_ratio": 0.83,
            "account_receivable_turnover_ratio": null,
            "reinvestment_rate": null,
            "research_to_sale_ratio": null,
            "price_fair": 0,
            "eps_avg_yearly": 0,
            "eps_latest_yearly": 0,
            "eps_growth_yearly": 0
        },
        "20013": {
            "year_quarter": 20013,
            "year": 2001,
            "quarter": 3,
            "eps": -0.36,
            "eps_growth_year": null,
            "eps_4q": -0.67,
            "eps_4q_growth_year": -221.99,
            "roe": -2.94,
            "roe_4q": -9.31,
            "gross_profit": 7603,
            "gross_margin": 6.42,
            "gross_margin_4q_avg": 9.6,
            "net_income": -15567,
            "revenue": 118478,
            "common_shares": 525487,
            "book_valuer_per_share": 9.91,
            "book_valuer_per_share_4q_avg": 10.68,
            "equity": 520844,
            "current_ratio": 170.83,
            "debt_ratio": 44.31,
            "inventory_turnover_ratio": 0.97,
            "account_receivable_turnover_ratio": null,
            "reinvestment_rate": null,
            "research_to_sale_ratio": null,
            "price_fair": 0,
            "eps_avg_yearly": 0,
            "eps_latest_yearly": 0,
            "eps_growth_yearly": 0
        },
        "20014": {
            "year_quarter": 20014,
            "year": 2001,
            "quarter": 4,
            "eps": -0.49,
            "eps_growth_year": -296,
            "eps_4q": -1.44,
            "eps_4q_growth_year": -362.09,
            "roe": -4.36,
            "roe_4q": -13.670000000000002,
            "gross_profit": 7319,
            "gross_margin": 8.35,
            "gross_margin_4q_avg": 9.29,
            "net_income": -22235,
            "revenue": 87634,
            "common_shares": 525487,
            "book_valuer_per_share": 9.49,
            "book_valuer_per_share_4q_avg": 10.38,
            "equity": 498609,
            "current_ratio": 151.29,
            "debt_ratio": 46.96,
            "inventory_turnover_ratio": 0.73,
            "account_receivable_turnover_ratio": null,
            "reinvestment_rate": null,
            "research_to_sale_ratio": null,
            "price_fair": 0,
            "eps_avg_yearly": 0,
            "eps_latest_yearly": 0,
            "eps_growth_yearly": 0
        },
        "20021": {
            "year_quarter": 20021,
            "year": 2002,
            "quarter": 1,
            "eps": -0.44,
            "eps_growth_year": null,
            "eps_4q": -1.57,
            "eps_4q_growth_year": -880.21,
            "roe": -4.74,
            "roe_4q": -16.82,
            "gross_profit": 3160,
            "gross_margin": 4.11,
            "gross_margin_4q_avg": 6.71,
            "net_income": -23097,
            "revenue": 76911,
            "common_shares": 525487,
            "book_valuer_per_share": 9.05,
            "book_valuer_per_share_4q_avg": 9.67,
            "equity": 475512,
            "current_ratio": 151,
            "debt_ratio": 44.92,
            "inventory_turnover_ratio": 0.74,
            "account_receivable_turnover_ratio": null,
            "reinvestment_rate": null,
            "research_to_sale_ratio": null,
            "price_fair": 0,
            "eps_avg_yearly": 0,
            "eps_latest_yearly": 0,
            "eps_growth_yearly": 0
        },
        "20022": {
            "year_quarter": 20022,
            "year": 2002,
            "quarter": 2,
            "eps": -0.35,
            "eps_growth_year": null,
            "eps_4q": -1.51,
            "eps_4q_growth_year": null,
            "roe": -4,
            "roe_4q": -16.040000000000003,
            "gross_profit": 8531,
            "gross_margin": 5.98,
            "gross_margin_4q_avg": 6.22,
            "net_income": -18642,
            "revenue": 142661,
            "common_shares": 525487,
            "book_valuer_per_share": 8.69,
            "book_valuer_per_share_4q_avg": 9.29,
            "equity": 456870,
            "current_ratio": 125.49,
            "debt_ratio": 52.18,
            "inventory_turnover_ratio": 1.4,
            "account_receivable_turnover_ratio": null,
            "reinvestment_rate": null,
            "research_to_sale_ratio": null,
            "price_fair": 0,
            "eps_avg_yearly": 0,
            "eps_latest_yearly": 0,
            "eps_growth_yearly": 0
        },
        "20023": {
            "year_quarter": 20023,
            "year": 2002,
            "quarter": 3,
            "eps": -0.27,
            "eps_growth_year": null,
            "eps_4q": -1.48,
            "eps_4q_growth_year": null,
            "roe": -3.1,
            "roe_4q": -16.2,
            "gross_profit": 6919,
            "gross_margin": 8.22,
            "gross_margin_4q_avg": 6.67,
            "net_income": -13968,
            "revenue": 84143,
            "common_shares": 525487,
            "book_valuer_per_share": 8.43,
            "book_valuer_per_share_4q_avg": 8.92,
            "equity": 442902,
            "current_ratio": 109.61,
            "debt_ratio": 50.89,
            "inventory_turnover_ratio": 0.8,
            "account_receivable_turnover_ratio": null,
            "reinvestment_rate": null,
            "research_to_sale_ratio": null,
            "price_fair": 0,
            "eps_avg_yearly": 0,
            "eps_latest_yearly": 0,
            "eps_growth_yearly": 0
        },
        "20024": {
            "year_quarter": 20024,
            "year": 2002,
            "quarter": 4,
            "eps": -0.7,
            "eps_growth_year": null,
            "eps_4q": -1.76,
            "eps_4q_growth_year": null,
            "roe": -7.75,
            "roe_4q": -19.59,
            "gross_profit": 17444,
            "gross_margin": 11.98,
            "gross_margin_4q_avg": 7.57,
            "net_income": -36733,
            "revenue": 145647,
            "common_shares": 625487,
            "book_valuer_per_share": 8.07,
            "book_valuer_per_share_4q_avg": 8.56,
            "equity": 504534,
            "current_ratio": 140.81,
            "debt_ratio": 49.62,
            "inventory_turnover_ratio": 1.3,
            "account_receivable_turnover_ratio": null,
            "reinvestment_rate": null,
            "research_to_sale_ratio": null,
            "price_fair": 0,
            "eps_avg_yearly": 0,
            "eps_latest_yearly": 0,
            "eps_growth_yearly": 0
        },
        "20031": {
            "year_quarter": 20031,
            "year": 2003,
            "quarter": 1,
            "eps": -0.33,
            "eps_growth_year": null,
            "eps_4q": -1.45,
            "eps_4q_growth_year": null,
            "roe": -4.13,
            "roe_4q": -18.979999999999997,
            "gross_profit": 15316,
            "gross_margin": 8.03,
            "gross_margin_4q_avg": 8.55,
            "net_income": -20411,
            "revenue": 190628,
            "common_shares": 625487,
            "book_valuer_per_share": 7.74,
            "book_valuer_per_share_4q_avg": 8.23,
            "equity": 484066,
            "current_ratio": 116.55,
            "debt_ratio": 53.99,
            "inventory_turnover_ratio": 1.24,
            "account_receivable_turnover_ratio": null,
            "reinvestment_rate": null,
            "research_to_sale_ratio": null,
            "price_fair": 0,
            "eps_avg_yearly": 0,
            "eps_latest_yearly": 0,
            "eps_growth_yearly": 0
        },
        "20032": {
            "year_quarter": 20032,
            "year": 2003,
            "quarter": 2,
            "eps": -0.36,
            "eps_growth_year": null,
            "eps_4q": -1.5,
            "eps_4q_growth_year": null,
            "roe": -4.82,
            "roe_4q": -19.8,
            "gross_profit": 15439,
            "gross_margin": 15.23,
            "gross_margin_4q_avg": 10.87,
            "net_income": -22779,
            "revenue": 101391,
            "common_shares": 625487,
            "book_valuer_per_share": 7.37,
            "book_valuer_per_share_4q_avg": 7.9,
            "equity": 461210,
            "current_ratio": 110.52,
            "debt_ratio": 55.12,
            "inventory_turnover_ratio": 0.48,
            "account_receivable_turnover_ratio": null,
            "reinvestment_rate": null,
            "research_to_sale_ratio": null,
            "price_fair": 0,
            "eps_avg_yearly": 0,
            "eps_latest_yearly": 0,
            "eps_growth_yearly": 0
        },
        "20033": {
            "year_quarter": 20033,
            "year": 2003,
            "quarter": 3,
            "eps": -0.2,
            "eps_growth_year": null,
            "eps_4q": -1.48,
            "eps_4q_growth_year": null,
            "roe": -2.72,
            "roe_4q": -19.42,
            "gross_profit": 16869,
            "gross_margin": 9.15,
            "gross_margin_4q_avg": 11.1,
            "net_income": -12361,
            "revenue": 184407,
            "common_shares": 625487,
            "book_valuer_per_share": 7.16,
            "book_valuer_per_share_4q_avg": 7.59,
            "equity": 448005,
            "current_ratio": 108.82,
            "debt_ratio": 54.05,
            "inventory_turnover_ratio": 0.96,
            "account_receivable_turnover_ratio": null,
            "reinvestment_rate": null,
            "research_to_sale_ratio": null,
            "price_fair": 0,
            "eps_avg_yearly": 0,
            "eps_latest_yearly": 0,
            "eps_growth_yearly": 0
        },
        "20034": {
            "year_quarter": 20034,
            "year": 2003,
            "quarter": 4,
            "eps": -0.54,
            "eps_growth_year": null,
            "eps_4q": -1.42,
            "eps_4q_growth_year": null,
            "roe": -7.77,
            "roe_4q": -19.44,
            "gross_profit": 32491,
            "gross_margin": 11.5,
            "gross_margin_4q_avg": 10.98,
            "net_income": -33481,
            "revenue": 282507,
            "common_shares": 625487,
            "book_valuer_per_share": 6.61,
            "book_valuer_per_share_4q_avg": 7.22,
            "equity": 413666,
            "current_ratio": 102.76,
            "debt_ratio": 62.33,
            "inventory_turnover_ratio": 1.42,
            "account_receivable_turnover_ratio": null,
            "reinvestment_rate": null,
            "research_to_sale_ratio": null,
            "price_fair": 0,
            "eps_avg_yearly": 0,
            "eps_latest_yearly": 0,
            "eps_growth_yearly": 0
        },
        "20041": {
            "year_quarter": 20041,
            "year": 2004,
            "quarter": 1,
            "eps": 0.08,
            "eps_growth_year": null,
            "eps_4q": -1.01,
            "eps_4q_growth_year": null,
            "roe": 1.21,
            "roe_4q": -14.1,
            "gross_profit": 42425,
            "gross_margin": 13.19,
            "gross_margin_4q_avg": 12.27,
            "net_income": 5033,
            "revenue": 321641,
            "common_shares": 625487,
            "book_valuer_per_share": 6.7,
            "book_valuer_per_share_4q_avg": 6.96,
            "equity": 419051,
            "current_ratio": 103.83,
            "debt_ratio": 65.08,
            "inventory_turnover_ratio": 1.5,
            "account_receivable_turnover_ratio": null,
            "reinvestment_rate": null,
            "research_to_sale_ratio": null,
            "price_fair": 0,
            "eps_avg_yearly": 0,
            "eps_latest_yearly": 0,
            "eps_growth_yearly": 0
        },
        "20042": {
            "year_quarter": 20042,
            "year": 2004,
            "quarter": 2,
            "eps": 0.1,
            "eps_growth_year": null,
            "eps_4q": -0.52,
            "eps_4q_growth_year": null,
            "roe": 1.55,
            "roe_4q": -7.73,
            "gross_profit": 49298,
            "gross_margin": 16.68,
            "gross_margin_4q_avg": 12.63,
            "net_income": 6562,
            "revenue": 295577,
            "common_shares": 625487,
            "book_valuer_per_share": 6.81,
            "book_valuer_per_share_4q_avg": 6.82,
            "equity": 425852,
            "current_ratio": 105.87,
            "debt_ratio": 62.94,
            "inventory_turnover_ratio": 1.33,
            "account_receivable_turnover_ratio": null,
            "reinvestment_rate": null,
            "research_to_sale_ratio": null,
            "price_fair": 14,
            "eps_avg_yearly": 0.4,
            "eps_latest_yearly": 0.4,
            "eps_growth_yearly": 100
        },
        "20043": {
            "year_quarter": 20043,
            "year": 2004,
            "quarter": 3,
            "eps": -0.15,
            "eps_growth_year": null,
            "eps_4q": -0.5,
            "eps_4q_growth_year": null,
            "roe": -2.2,
            "roe_4q": -7.21,
            "gross_profit": 33764,
            "gross_margin": 13.07,
            "gross_margin_4q_avg": 13.61,
            "net_income": -9279,
            "revenue": 258261,
            "common_shares": 625487,
            "book_valuer_per_share": 6.66,
            "book_valuer_per_share_4q_avg": 6.7,
            "equity": 416873,
            "current_ratio": 101.78,
            "debt_ratio": 63.79,
            "inventory_turnover_ratio": 1.09,
            "account_receivable_turnover_ratio": null,
            "reinvestment_rate": null,
            "research_to_sale_ratio": null,
            "price_fair": 14,
            "eps_avg_yearly": 0.4,
            "eps_latest_yearly": 0.4,
            "eps_growth_yearly": 100
        },
        "20044": {
            "year_quarter": 20044,
            "year": 2004,
            "quarter": 4,
            "eps": -0.42,
            "eps_growth_year": null,
            "eps_4q": -0.38,
            "eps_4q_growth_year": null,
            "roe": -6.57,
            "roe_4q": -6.01,
            "gross_profit": 33363,
            "gross_margin": 11.31,
            "gross_margin_4q_avg": 13.56,
            "net_income": -26167,
            "revenue": 295057,
            "common_shares": 625487,
            "book_valuer_per_share": 6.08,
            "book_valuer_per_share_4q_avg": 6.56,
            "equity": 380058,
            "current_ratio": 99.31,
            "debt_ratio": 66.3,
            "inventory_turnover_ratio": 1.11,
            "account_receivable_turnover_ratio": null,
            "reinvestment_rate": null,
            "research_to_sale_ratio": null,
            "price_fair": 14,
            "eps_avg_yearly": 0.4,
            "eps_latest_yearly": 0.4,
            "eps_growth_yearly": 100
        },
        "20051": {
            "year_quarter": 20051,
            "year": 2005,
            "quarter": 1,
            "eps": -0.32,
            "eps_growth_year": -500,
            "eps_4q": -0.79,
            "eps_4q_growth_year": null,
            "roe": -5.37,
            "roe_4q": -12.59,
            "gross_profit": 21716,
            "gross_margin": 8.48,
            "gross_margin_4q_avg": 12.39,
            "net_income": -19861,
            "revenue": 256222,
            "common_shares": 625487,
            "book_valuer_per_share": 5.76,
            "book_valuer_per_share_4q_avg": 6.33,
            "equity": 360293,
            "current_ratio": 94.45,
            "debt_ratio": 66.29,
            "inventory_turnover_ratio": 1.02,
            "account_receivable_turnover_ratio": null,
            "reinvestment_rate": null,
            "research_to_sale_ratio": null,
            "price_fair": 14,
            "eps_avg_yearly": 0.4,
            "eps_latest_yearly": 0.4,
            "eps_growth_yearly": 100
        },
        "20052": {
            "year_quarter": 20052,
            "year": 2005,
            "quarter": 2,
            "eps": -1.32,
            "eps_growth_year": -1420,
            "eps_4q": -2.21,
            "eps_4q_growth_year": null,
            "roe": -25.54,
            "roe_4q": -39.68000000000001,
            "gross_profit": 19101,
            "gross_margin": 11.46,
            "gross_margin_4q_avg": 11.08,
            "net_income": -82627,
            "revenue": 166679,
            "common_shares": 625487,
            "book_valuer_per_share": 4.58,
            "book_valuer_per_share_4q_avg": 5.77,
            "equity": 286732,
            "current_ratio": 83.22,
            "debt_ratio": 64.12,
            "inventory_turnover_ratio": 0.93,
            "account_receivable_turnover_ratio": null,
            "reinvestment_rate": null,
            "research_to_sale_ratio": null,
            "price_fair": 14,
            "eps_avg_yearly": 0.4,
            "eps_latest_yearly": 0.4,
            "eps_growth_yearly": 100
        },
        "20053": {
            "year_quarter": 20053,
            "year": 2005,
            "quarter": 3,
            "eps": -1.42,
            "eps_growth_year": null,
            "eps_4q": -3.48,
            "eps_4q_growth_year": null,
            "roe": -36.51,
            "roe_4q": -73.99000000000001,
            "gross_profit": 4390,
            "gross_margin": 6.07,
            "gross_margin_4q_avg": 9.33,
            "net_income": -88792,
            "revenue": 72375,
            "common_shares": 625487,
            "book_valuer_per_share": 3.19,
            "book_valuer_per_share_4q_avg": 4.9,
            "equity": 199650,
            "current_ratio": 67.16,
            "debt_ratio": 71.25,
            "inventory_turnover_ratio": 0.78,
            "account_receivable_turnover_ratio": null,
            "reinvestment_rate": null,
            "research_to_sale_ratio": null,
            "price_fair": 14,
            "eps_avg_yearly": 0.4,
            "eps_latest_yearly": 0.4,
            "eps_growth_yearly": 100
        },
        "20054": {
            "year_quarter": 20054,
            "year": 2005,
            "quarter": 4,
            "eps": -5.11,
            "eps_growth_year": null,
            "eps_4q": -9.86,
            "eps_4q_growth_year": null,
            "roe": -179.78,
            "roe_4q": -247.2,
            "gross_profit": -11563,
            "gross_margin": 38.23,
            "gross_margin_4q_avg": 16.06,
            "net_income": -191733,
            "revenue": -30244,
            "common_shares": 375292,
            "book_valuer_per_share": 0.18,
            "book_valuer_per_share_4q_avg": 3.43,
            "equity": 13650,
            "current_ratio": 47.61,
            "debt_ratio": 97.43,
            "inventory_turnover_ratio": -0.3,
            "account_receivable_turnover_ratio": null,
            "reinvestment_rate": null,
            "research_to_sale_ratio": null,
            "price_fair": 14,
            "eps_avg_yearly": 0.4,
            "eps_latest_yearly": 0.4,
            "eps_growth_yearly": 100
        },
        "20061": {
            "year_quarter": 20061,
            "year": 2006,
            "quarter": 1,
            "eps": 0.61,
            "eps_growth_year": null,
            "eps_4q": -9.03,
            "eps_4q_growth_year": null,
            "roe": 106.28,
            "roe_4q": -135.54999999999998,
            "gross_profit": -23150,
            "gross_margin": -33.48,
            "gross_margin_4q_avg": 5.57,
            "net_income": 22988,
            "revenue": 69152,
            "common_shares": 375292,
            "book_valuer_per_share": 0.79,
            "book_valuer_per_share_4q_avg": 2.19,
            "equity": 29609,
            "current_ratio": 48.91,
            "debt_ratio": 93.31,
            "inventory_turnover_ratio": 2.67,
            "account_receivable_turnover_ratio": null,
            "reinvestment_rate": null,
            "research_to_sale_ratio": null,
            "price_fair": 14,
            "eps_avg_yearly": 0.4,
            "eps_latest_yearly": 0.4,
            "eps_growth_yearly": 100
        },
        "20062": {
            "year_quarter": 20062,
            "year": 2006,
            "quarter": 2,
            "eps": -0.34,
            "eps_growth_year": null,
            "eps_4q": -3.52,
            "eps_4q_growth_year": null,
            "roe": -29.04,
            "roe_4q": -139.04999999999998,
            "gross_profit": 6230,
            "gross_margin": 9.8,
            "gross_margin_4q_avg": 5.16,
            "net_income": -15114,
            "revenue": 63561,
            "common_shares": 775292,
            "book_valuer_per_share": 0.96,
            "book_valuer_per_share_4q_avg": 1.28,
            "equity": 74465,
            "current_ratio": 72.07,
            "debt_ratio": 84.3,
            "inventory_turnover_ratio": 2.56,
            "account_receivable_turnover_ratio": null,
            "reinvestment_rate": null,
            "research_to_sale_ratio": null,
            "price_fair": 14,
            "eps_avg_yearly": 0.4,
            "eps_latest_yearly": 0.4,
            "eps_growth_yearly": 100
        },
        "20063": {
            "year_quarter": 20063,
            "year": 2006,
            "quarter": 3,
            "eps": -0.27,
            "eps_growth_year": null,
            "eps_4q": -1.72,
            "eps_4q_growth_year": null,
            "roe": -17.13,
            "roe_4q": -119.67,
            "gross_profit": 6176,
            "gross_margin": 9.06,
            "gross_margin_4q_avg": 5.9,
            "net_income": -16333,
            "revenue": 68182,
            "common_shares": 1161792,
            "book_valuer_per_share": 1,
            "book_valuer_per_share_4q_avg": 0.73,
            "equity": 116261,
            "current_ratio": 91.68,
            "debt_ratio": 77.61,
            "inventory_turnover_ratio": 2.91,
            "account_receivable_turnover_ratio": null,
            "reinvestment_rate": null,
            "research_to_sale_ratio": null,
            "price_fair": 14,
            "eps_avg_yearly": 0.4,
            "eps_latest_yearly": 0.4,
            "eps_growth_yearly": 100
        },
        "20064": {
            "year_quarter": 20064,
            "year": 2006,
            "quarter": 4,
            "eps": -0.39,
            "eps_growth_year": null,
            "eps_4q": -0.44,
            "eps_4q_growth_year": null,
            "roe": -20.98,
            "roe_4q": 39.129999999999995,
            "gross_profit": 3500,
            "gross_margin": 5.28,
            "gross_margin_4q_avg": -2.34,
            "net_income": -30800,
            "revenue": 66263,
            "common_shares": 1775292,
            "book_valuer_per_share": 1,
            "book_valuer_per_share_4q_avg": 0.94,
            "equity": 177379,
            "current_ratio": 88.11,
            "debt_ratio": 66.27,
            "inventory_turnover_ratio": 3.55,
            "account_receivable_turnover_ratio": null,
            "reinvestment_rate": null,
            "research_to_sale_ratio": null,
            "price_fair": 14,
            "eps_avg_yearly": 0.4,
            "eps_latest_yearly": 0.4,
            "eps_growth_yearly": 100
        },
        "20071": {
            "year_quarter": 20071,
            "year": 2007,
            "quarter": 1,
            "eps": -0.14,
            "eps_growth_year": -122.95,
            "eps_4q": -0.5,
            "eps_4q_growth_year": null,
            "roe": -14.57,
            "roe_4q": -81.72,
            "gross_profit": -1953,
            "gross_margin": -5.51,
            "gross_margin_4q_avg": 4.66,
            "net_income": -24288,
            "revenue": 35420,
            "common_shares": 1775292,
            "book_valuer_per_share": 0.88,
            "book_valuer_per_share_4q_avg": 0.96,
            "equity": 156020,
            "current_ratio": 68.33,
            "debt_ratio": 67.69,
            "inventory_turnover_ratio": 2.15,
            "account_receivable_turnover_ratio": null,
            "reinvestment_rate": null,
            "research_to_sale_ratio": null,
            "price_fair": 14,
            "eps_avg_yearly": 0.4,
            "eps_latest_yearly": 0.4,
            "eps_growth_yearly": 100
        },
        "20072": {
            "year_quarter": 20072,
            "year": 2007,
            "quarter": 2,
            "eps": -0.07,
            "eps_growth_year": null,
            "eps_4q": -0.48,
            "eps_4q_growth_year": null,
            "roe": -8.72,
            "roe_4q": -61.39999999999999,
            "gross_profit": -12740,
            "gross_margin": -32.06,
            "gross_margin_4q_avg": -5.81,
            "net_income": -13036,
            "revenue": 39732,
            "common_shares": 1775292,
            "book_valuer_per_share": 0.81,
            "book_valuer_per_share_4q_avg": 0.92,
            "equity": 142984,
            "current_ratio": 39.87,
            "debt_ratio": 81.85,
            "inventory_turnover_ratio": 3.11,
            "account_receivable_turnover_ratio": null,
            "reinvestment_rate": null,
            "research_to_sale_ratio": null,
            "price_fair": 14,
            "eps_avg_yearly": 0.4,
            "eps_latest_yearly": 0.4,
            "eps_growth_yearly": 100
        },
        "20073": {
            "year_quarter": 20073,
            "year": 2007,
            "quarter": 3,
            "eps": -0.14,
            "eps_growth_year": null,
            "eps_4q": -0.52,
            "eps_4q_growth_year": null,
            "roe": -19.04,
            "roe_4q": -63.31,
            "gross_profit": 712,
            "gross_margin": 2.27,
            "gross_margin_4q_avg": -7.51,
            "net_income": -24862,
            "revenue": 31401,
            "common_shares": 1775292,
            "book_valuer_per_share": 0.67,
            "book_valuer_per_share_4q_avg": 0.84,
            "equity": 118122,
            "current_ratio": 22.4,
            "debt_ratio": 83.68,
            "inventory_turnover_ratio": 1.99,
            "account_receivable_turnover_ratio": null,
            "reinvestment_rate": null,
            "research_to_sale_ratio": null,
            "price_fair": 14,
            "eps_avg_yearly": 0.4,
            "eps_latest_yearly": 0.4,
            "eps_growth_yearly": 100
        },
        "20074": {
            "year_quarter": 20074,
            "year": 2007,
            "quarter": 4,
            "eps": -0.11,
            "eps_growth_year": null,
            "eps_4q": -0.47,
            "eps_4q_growth_year": null,
            "roe": -18.88,
            "roe_4q": -61.21,
            "gross_profit": -953,
            "gross_margin": -2.41,
            "gross_margin_4q_avg": -9.43,
            "net_income": -20378,
            "revenue": 39616,
            "common_shares": 1775292,
            "book_valuer_per_share": 0.55,
            "book_valuer_per_share_4q_avg": 0.73,
            "equity": 97744,
            "current_ratio": 10.75,
            "debt_ratio": 85.15,
            "inventory_turnover_ratio": 3.21,
            "account_receivable_turnover_ratio": null,
            "reinvestment_rate": null,
            "research_to_sale_ratio": null,
            "price_fair": 14,
            "eps_avg_yearly": 0.4,
            "eps_latest_yearly": 0.4,
            "eps_growth_yearly": 100
        },
        "20081": {
            "year_quarter": 20081,
            "year": 2008,
            "quarter": 1,
            "eps": -0.11,
            "eps_growth_year": null,
            "eps_4q": -0.45,
            "eps_4q_growth_year": null,
            "roe": -21.39,
            "roe_4q": -68.03,
            "gross_profit": 3411,
            "gross_margin": 9.36,
            "gross_margin_4q_avg": -5.71,
            "net_income": -18886,
            "revenue": 36434,
            "common_shares": 1775292,
            "book_valuer_per_share": 0.44,
            "book_valuer_per_share_4q_avg": 0.62,
            "equity": 78858,
            "current_ratio": 9.59,
            "debt_ratio": 87.87,
            "inventory_turnover_ratio": 3.29,
            "account_receivable_turnover_ratio": null,
            "reinvestment_rate": null,
            "research_to_sale_ratio": null,
            "price_fair": 14,
            "eps_avg_yearly": 0.4,
            "eps_latest_yearly": 0.4,
            "eps_growth_yearly": 100
        },
        "20082": {
            "year_quarter": 20082,
            "year": 2008,
            "quarter": 2,
            "eps": -0.08,
            "eps_growth_year": null,
            "eps_4q": -0.44,
            "eps_4q_growth_year": null,
            "roe": -19.02,
            "roe_4q": -78.32999999999998,
            "gross_profit": -4116,
            "gross_margin": -13.74,
            "gross_margin_4q_avg": -1.13,
            "net_income": -13693,
            "revenue": 29962,
            "common_shares": 1775292,
            "book_valuer_per_share": 0.37,
            "book_valuer_per_share_4q_avg": 0.51,
            "equity": 65165,
            "current_ratio": 3.92,
            "debt_ratio": 94.67,
            "inventory_turnover_ratio": 3.84,
            "account_receivable_turnover_ratio": null,
            "reinvestment_rate": null,
            "research_to_sale_ratio": null,
            "price_fair": 0,
            "eps_avg_yearly": 0,
            "eps_latest_yearly": 0,
            "eps_growth_yearly": 0
        },
        "20083": {
            "year_quarter": 20083,
            "year": 2008,
            "quarter": 3,
            "eps": -0.07,
            "eps_growth_year": null,
            "eps_4q": -0.37,
            "eps_4q_growth_year": null,
            "roe": -22.48,
            "roe_4q": -81.77,
            "gross_profit": -676,
            "gross_margin": -2.76,
            "gross_margin_4q_avg": -2.39,
            "net_income": -13167,
            "revenue": 24452,
            "common_shares": 1775292,
            "book_valuer_per_share": 0.29,
            "book_valuer_per_share_4q_avg": 0.41,
            "equity": 51998,
            "current_ratio": 5.43,
            "debt_ratio": 94.99,
            "inventory_turnover_ratio": 2.69,
            "account_receivable_turnover_ratio": null,
            "reinvestment_rate": null,
            "research_to_sale_ratio": null,
            "price_fair": 0,
            "eps_avg_yearly": 0,
            "eps_latest_yearly": 0,
            "eps_growth_yearly": 0
        },
        "20084": {
            "year_quarter": 20084,
            "year": 2008,
            "quarter": 4,
            "eps": -0.35,
            "eps_growth_year": null,
            "eps_4q": -0.61,
            "eps_4q_growth_year": null,
            "roe": -205.75,
            "roe_4q": -268.64,
            "gross_profit": -10910,
            "gross_margin": -67.88,
            "gross_margin_4q_avg": -18.76,
            "net_income": -62634,
            "revenue": 16072,
            "common_shares": 1775292,
            "book_valuer_per_share": 0.05,
            "book_valuer_per_share_4q_avg": 0.29,
            "equity": 8886,
            "current_ratio": 79.07,
            "debt_ratio": 99.01,
            "inventory_turnover_ratio": 3.16,
            "account_receivable_turnover_ratio": 5,
            "reinvestment_rate": null,
            "research_to_sale_ratio": null,
            "price_fair": 0,
            "eps_avg_yearly": 0,
            "eps_latest_yearly": 0,
            "eps_growth_yearly": 0
        },
        "20091": {
            "year_quarter": 20091,
            "year": 2009,
            "quarter": 1,
            "eps": 0,
            "eps_growth_year": null,
            "eps_4q": -0.5,
            "eps_4q_growth_year": null,
            "roe": 5.26,
            "roe_4q": -241.99,
            "gross_profit": -2932,
            "gross_margin": -30.36,
            "gross_margin_4q_avg": -28.69,
            "net_income": 579,
            "revenue": 9657,
            "common_shares": 1775292,
            "book_valuer_per_share": 0.07,
            "book_valuer_per_share_4q_avg": 0.2,
            "equity": 13119,
            "current_ratio": 80.66,
            "debt_ratio": 98.51,
            "inventory_turnover_ratio": 2.49,
            "account_receivable_turnover_ratio": 1.5,
            "reinvestment_rate": null,
            "research_to_sale_ratio": null,
            "price_fair": 0,
            "eps_avg_yearly": 0,
            "eps_latest_yearly": 0,
            "eps_growth_yearly": 0
        },
        "20092": {
            "year_quarter": 20092,
            "year": 2009,
            "quarter": 2,
            "eps": -0.04,
            "eps_growth_year": null,
            "eps_4q": -0.47,
            "eps_4q_growth_year": null,
            "roe": -79.69,
            "roe_4q": -302.66,
            "gross_profit": 1179,
            "gross_margin": 7.87,
            "gross_margin_4q_avg": -23.28,
            "net_income": -7823,
            "revenue": 14987,
            "common_shares": 1775292,
            "book_valuer_per_share": 0.04,
            "book_valuer_per_share_4q_avg": 0.11,
            "equity": 6515,
            "current_ratio": 80.25,
            "debt_ratio": 99.26,
            "inventory_turnover_ratio": 4.96,
            "account_receivable_turnover_ratio": 2.14,
            "reinvestment_rate": null,
            "research_to_sale_ratio": null,
            "price_fair": 0,
            "eps_avg_yearly": 0,
            "eps_latest_yearly": 0,
            "eps_growth_yearly": 0
        },
        "20093": {
            "year_quarter": 20093,
            "year": 2009,
            "quarter": 3,
            "eps": -0.03,
            "eps_growth_year": null,
            "eps_4q": -0.42,
            "eps_4q_growth_year": null,
            "roe": -106.72,
            "roe_4q": -386.9,
            "gross_profit": 547,
            "gross_margin": 4.28,
            "gross_margin_4q_avg": -21.52,
            "net_income": -4873,
            "revenue": 12787,
            "common_shares": 1775292,
            "book_valuer_per_share": 0.01,
            "book_valuer_per_share_4q_avg": 0.04,
            "equity": 2617,
            "current_ratio": 86.05,
            "debt_ratio": 99.7,
            "inventory_turnover_ratio": 11.37,
            "account_receivable_turnover_ratio": 1.75,
            "reinvestment_rate": null,
            "research_to_sale_ratio": null,
            "price_fair": 0,
            "eps_avg_yearly": 0,
            "eps_latest_yearly": 0,
            "eps_growth_yearly": 0
        },
        "20094": {
            "year_quarter": 20094,
            "year": 2009,
            "quarter": 4,
            "eps": 0.04,
            "eps_growth_year": null,
            "eps_4q": -0.03,
            "eps_4q_growth_year": null,
            "roe": 97.3,
            "roe_4q": -83.85,
            "gross_profit": 824,
            "gross_margin": 7.33,
            "gross_margin_4q_avg": -2.72,
            "net_income": 7125,
            "revenue": 11242,
            "common_shares": 1775292,
            "book_valuer_per_share": 0.07,
            "book_valuer_per_share_4q_avg": 0.05,
            "equity": 12029,
            "current_ratio": 8,
            "debt_ratio": 98.59,
            "inventory_turnover_ratio": 13.24,
            "account_receivable_turnover_ratio": 4.09,
            "reinvestment_rate": null,
            "research_to_sale_ratio": null,
            "price_fair": 0,
            "eps_avg_yearly": 0,
            "eps_latest_yearly": 0,
            "eps_growth_yearly": 0
        },
        "20101": {
            "year_quarter": 20101,
            "year": 2010,
            "quarter": 1,
            "eps": -0.05,
            "eps_growth_year": null,
            "eps_4q": -0.09,
            "eps_4q_growth_year": null,
            "roe": -131.77,
            "roe_4q": -220.88,
            "gross_profit": -907,
            "gross_margin": -9.6,
            "gross_margin_4q_avg": 2.47,
            "net_income": -9626,
            "revenue": 9446,
            "common_shares": 1775292,
            "book_valuer_per_share": 0.01,
            "book_valuer_per_share_4q_avg": 0.03,
            "equity": 2581,
            "current_ratio": 7.62,
            "debt_ratio": 99.7,
            "inventory_turnover_ratio": 16.23,
            "account_receivable_turnover_ratio": 1.74,
            "reinvestment_rate": null,
            "research_to_sale_ratio": 0,
            "price_fair": 0,
            "eps_avg_yearly": 0,
            "eps_latest_yearly": 0,
            "eps_growth_yearly": 0
        },
        "20102": {
            "year_quarter": 20102,
            "year": 2010,
            "quarter": 2,
            "eps": 0.14,
            "eps_growth_year": null,
            "eps_4q": 0.1,
            "eps_4q_growth_year": null,
            "roe": 150,
            "roe_4q": 8.809999999999988,
            "gross_profit": -315,
            "gross_margin": -3.05,
            "gross_margin_4q_avg": -0.26,
            "net_income": 25569,
            "revenue": 10316,
            "common_shares": 1775292,
            "book_valuer_per_share": 0.18,
            "book_valuer_per_share_4q_avg": 0.07,
            "equity": 31511,
            "current_ratio": 88.65,
            "debt_ratio": 95.74,
            "inventory_turnover_ratio": 16.21,
            "account_receivable_turnover_ratio": 1.96,
            "reinvestment_rate": null,
            "research_to_sale_ratio": 0,
            "price_fair": 0,
            "eps_avg_yearly": 0,
            "eps_latest_yearly": 0,
            "eps_growth_yearly": 0
        },
        "20103": {
            "year_quarter": 20103,
            "year": 2010,
            "quarter": 3,
            "eps": -0.09,
            "eps_growth_year": null,
            "eps_4q": 0.04,
            "eps_4q_growth_year": null,
            "roe": -64.1,
            "roe_4q": 51.42999999999999,
            "gross_profit": -563,
            "gross_margin": -5.22,
            "gross_margin_4q_avg": -2.64,
            "net_income": -15293,
            "revenue": 10793,
            "common_shares": 1775292,
            "book_valuer_per_share": 0.09,
            "book_valuer_per_share_4q_avg": 0.09,
            "equity": 16208,
            "current_ratio": 86.98,
            "debt_ratio": 97.72,
            "inventory_turnover_ratio": 14.65,
            "account_receivable_turnover_ratio": 2.18,
            "reinvestment_rate": null,
            "research_to_sale_ratio": 0,
            "price_fair": 0,
            "eps_avg_yearly": 0,
            "eps_latest_yearly": 0,
            "eps_growth_yearly": 0
        },
        "20104": {
            "year_quarter": 20104,
            "year": 2010,
            "quarter": 4,
            "eps": 0.38,
            "eps_growth_year": 859.67,
            "eps_4q": 0.39,
            "eps_4q_growth_year": null,
            "roe": 134.92,
            "roe_4q": 89.04999999999998,
            "gross_profit": 1030,
            "gross_margin": 8.77,
            "gross_margin_4q_avg": -2.28,
            "net_income": 68148,
            "revenue": 11746,
            "common_shares": 1775292,
            "book_valuer_per_share": 0.48,
            "book_valuer_per_share_4q_avg": 0.19,
            "equity": 84811,
            "current_ratio": 1.48,
            "debt_ratio": 89.13,
            "inventory_turnover_ratio": 14.45,
            "account_receivable_turnover_ratio": 2.5,
            "reinvestment_rate": null,
            "research_to_sale_ratio": null,
            "price_fair": 0,
            "eps_avg_yearly": 0,
            "eps_latest_yearly": 0,
            "eps_growth_yearly": 0
        },
        "20111": {
            "year_quarter": 20111,
            "year": 2011,
            "quarter": 1,
            "eps": -0.08,
            "eps_growth_year": null,
            "eps_4q": 0.36,
            "eps_4q_growth_year": null,
            "roe": -19.25,
            "roe_4q": 201.57,
            "gross_profit": -509,
            "gross_margin": -4.93,
            "gross_margin_4q_avg": -1.11,
            "net_income": -14895,
            "revenue": 10330,
            "common_shares": 1775292,
            "book_valuer_per_share": 0.39,
            "book_valuer_per_share_4q_avg": 0.29,
            "equity": 69916,
            "current_ratio": 1.39,
            "debt_ratio": 90.99,
            "inventory_turnover_ratio": 13.64,
            "account_receivable_turnover_ratio": 2.48,
            "reinvestment_rate": null,
            "research_to_sale_ratio": null,
            "price_fair": 0,
            "eps_avg_yearly": 0,
            "eps_latest_yearly": 0,
            "eps_growth_yearly": 0
        },
        "20112": {
            "year_quarter": 20112,
            "year": 2011,
            "quarter": 2,
            "eps": -0.08,
            "eps_growth_year": -155.47,
            "eps_4q": 0.13,
            "eps_4q_growth_year": 30.67,
            "roe": -22.58,
            "roe_4q": 28.989999999999995,
            "gross_profit": -462,
            "gross_margin": -3.8,
            "gross_margin_4q_avg": -1.3,
            "net_income": -14184,
            "revenue": 12165,
            "common_shares": 1775292,
            "book_valuer_per_share": 0.31,
            "book_valuer_per_share_4q_avg": 0.32,
            "equity": 55732,
            "current_ratio": 0.95,
            "debt_ratio": 92.76,
            "inventory_turnover_ratio": 16.34,
            "account_receivable_turnover_ratio": 3.59,
            "reinvestment_rate": null,
            "research_to_sale_ratio": null,
            "price_fair": 0,
            "eps_avg_yearly": 0,
            "eps_latest_yearly": 0,
            "eps_growth_yearly": 0
        },
        "20113": {
            "year_quarter": 20113,
            "year": 2011,
            "quarter": 3,
            "eps": -0.1,
            "eps_growth_year": null,
            "eps_4q": 0.12,
            "eps_4q_growth_year": 178.89,
            "roe": -36.96,
            "roe_4q": 56.129999999999995,
            "gross_profit": 544,
            "gross_margin": 4.94,
            "gross_margin_4q_avg": 1.25,
            "net_income": -17385,
            "revenue": 11015,
            "common_shares": 1775292,
            "book_valuer_per_share": 0.22,
            "book_valuer_per_share_4q_avg": 0.35,
            "equity": 38347,
            "current_ratio": 0.81,
            "debt_ratio": 94.98,
            "inventory_turnover_ratio": 17.42,
            "account_receivable_turnover_ratio": 3.94,
            "reinvestment_rate": null,
            "research_to_sale_ratio": null,
            "price_fair": 0,
            "eps_avg_yearly": 0,
            "eps_latest_yearly": 0,
            "eps_growth_yearly": 0
        },
        "20114": {
            "year_quarter": 20114,
            "year": 2011,
            "quarter": 4,
            "eps": 0,
            "eps_growth_year": -99.43,
            "eps_4q": -0.26,
            "eps_4q_growth_year": -166.97,
            "roe": 1.01,
            "roe_4q": -77.78,
            "gross_profit": 184,
            "gross_margin": 1.58,
            "gross_margin_4q_avg": -0.55,
            "net_income": 390,
            "revenue": 11609,
            "common_shares": 1775292,
            "book_valuer_per_share": 0.22,
            "book_valuer_per_share_4q_avg": 0.29,
            "equity": 38737,
            "current_ratio": 5,
            "debt_ratio": 94.46,
            "inventory_turnover_ratio": 27.56,
            "account_receivable_turnover_ratio": 5.36,
            "reinvestment_rate": null,
            "research_to_sale_ratio": null,
            "price_fair": 0,
            "eps_avg_yearly": 0,
            "eps_latest_yearly": 0,
            "eps_growth_yearly": 0
        },
        "20121": {
            "year_quarter": 20121,
            "year": 2012,
            "quarter": 1,
            "eps": -0.28,
            "eps_growth_year": null,
            "eps_4q": -0.99,
            "eps_4q_growth_year": -375.52,
            "roe": -38.77,
            "roe_4q": -97.3,
            "gross_profit": 77,
            "gross_margin": 0.8,
            "gross_margin_4q_avg": 0.88,
            "net_income": -12580,
            "revenue": 9625,
            "common_shares": 443823,
            "book_valuer_per_share": 0.59,
            "book_valuer_per_share_4q_avg": 0.34,
            "equity": 26158,
            "current_ratio": 2.22,
            "debt_ratio": 96.14,
            "inventory_turnover_ratio": 21.48,
            "account_receivable_turnover_ratio": 6.88,
            "reinvestment_rate": null,
            "research_to_sale_ratio": null,
            "price_fair": 0,
            "eps_avg_yearly": 0,
            "eps_latest_yearly": 0,
            "eps_growth_yearly": 0
        },
        "20122": {
            "year_quarter": 20122,
            "year": 2012,
            "quarter": 2,
            "eps": -0.39,
            "eps_growth_year": null,
            "eps_4q": -1.06,
            "eps_4q_growth_year": -890.73,
            "roe": -99.89,
            "roe_4q": -174.61,
            "gross_profit": -1745,
            "gross_margin": -23.46,
            "gross_margin_4q_avg": -4.04,
            "net_income": -17426,
            "revenue": 7438,
            "common_shares": 443823,
            "book_valuer_per_share": 0.2,
            "book_valuer_per_share_4q_avg": 0.31,
            "equity": 8731,
            "current_ratio": 1.83,
            "debt_ratio": 98.7,
            "inventory_turnover_ratio": 19.9,
            "account_receivable_turnover_ratio": 12.7,
            "reinvestment_rate": null,
            "research_to_sale_ratio": null,
            "price_fair": 0,
            "eps_avg_yearly": 0,
            "eps_latest_yearly": 0,
            "eps_growth_yearly": 0
        },
        "20123": {
            "year_quarter": 20123,
            "year": 2012,
            "quarter": 3,
            "eps": 0,
            "eps_growth_year": null,
            "eps_4q": -0.67,
            "eps_4q_growth_year": -644.79,
            "roe": 0.95,
            "roe_4q": -136.70000000000002,
            "gross_profit": -147,
            "gross_margin": -1.27,
            "gross_margin_4q_avg": -5.59,
            "net_income": 83,
            "revenue": 11608,
            "common_shares": 443823,
            "book_valuer_per_share": 0.2,
            "book_valuer_per_share_4q_avg": 0.3,
            "equity": 8815,
            "current_ratio": 1.55,
            "debt_ratio": 98.68,
            "inventory_turnover_ratio": 26.45,
            "account_receivable_turnover_ratio": 10.53,
            "reinvestment_rate": null,
            "research_to_sale_ratio": null,
            "price_fair": 0,
            "eps_avg_yearly": 0,
            "eps_latest_yearly": 0,
            "eps_growth_yearly": 0
        },
        "20124": {
            "year_quarter": 20124,
            "year": 2012,
            "quarter": 4,
            "eps": 0,
            "eps_growth_year": 52.8,
            "eps_4q": -0.67,
            "eps_4q_growth_year": null,
            "roe": 1.68,
            "roe_4q": -136.03,
            "gross_profit": 454,
            "gross_margin": 3.46,
            "gross_margin_4q_avg": -5.12,
            "net_income": 149,
            "revenue": 13126,
            "common_shares": 443823,
            "book_valuer_per_share": 0.2,
            "book_valuer_per_share_4q_avg": 0.3,
            "equity": 8963,
            "current_ratio": 1.11,
            "debt_ratio": 98.65,
            "inventory_turnover_ratio": 22.65,
            "account_receivable_turnover_ratio": 9.25,
            "reinvestment_rate": null,
            "research_to_sale_ratio": null,
            "price_fair": 0,
            "eps_avg_yearly": 0,
            "eps_latest_yearly": 0,
            "eps_growth_yearly": 0
        },
        "20131": {
            "year_quarter": 20131,
            "year": 2013,
            "quarter": 1,
            "eps": -0.36,
            "eps_growth_year": null,
            "eps_4q": -0.7,
            "eps_4q_growth_year": null,
            "roe": -245.52,
            "roe_4q": -342.78000000000003,
            "gross_profit": 475,
            "gross_margin": 3.79,
            "gross_margin_4q_avg": -4.37,
            "net_income": -17438,
            "revenue": 12538,
            "common_shares": 493823,
            "book_valuer_per_share": 0.11,
            "book_valuer_per_share_4q_avg": 0.18,
            "equity": 5242,
            "current_ratio": 1.12,
            "debt_ratio": 99.21,
            "inventory_turnover_ratio": 27.67,
            "account_receivable_turnover_ratio": 20.39,
            "reinvestment_rate": null,
            "research_to_sale_ratio": null,
            "price_fair": 0,
            "eps_avg_yearly": 0,
            "eps_latest_yearly": 0,
            "eps_growth_yearly": 0
        },
        "20132": {
            "year_quarter": 20132,
            "year": 2013,
            "quarter": 2,
            "eps": 0.06,
            "eps_growth_year": null,
            "eps_4q": -0.21,
            "eps_4q_growth_year": null,
            "roe": 11.75,
            "roe_4q": -231.14000000000001,
            "gross_profit": 177,
            "gross_margin": 1.54,
            "gross_margin_4q_avg": 1.88,
            "net_income": 3743,
            "revenue": 11508,
            "common_shares": 643823,
            "book_valuer_per_share": 0.91,
            "book_valuer_per_share_4q_avg": 0.36,
            "equity": 58485,
            "current_ratio": 147.03,
            "debt_ratio": 68.34,
            "inventory_turnover_ratio": 31.78,
            "account_receivable_turnover_ratio": 56.97,
            "reinvestment_rate": null,
            "research_to_sale_ratio": null,
            "price_fair": 0,
            "eps_avg_yearly": 0,
            "eps_latest_yearly": 0,
            "eps_growth_yearly": 0
        },
        "20133": {
            "year_quarter": 20133,
            "year": 2013,
            "quarter": 3,
            "eps": -0.17,
            "eps_growth_year": -9190.91,
            "eps_4q": -0.38,
            "eps_4q_growth_year": null,
            "roe": -20.83,
            "roe_4q": -252.92000000000002,
            "gross_profit": 584,
            "gross_margin": 4.91,
            "gross_margin_4q_avg": 3.43,
            "net_income": -11032,
            "revenue": 11886,
            "common_shares": 643823,
            "book_valuer_per_share": 0.74,
            "book_valuer_per_share_4q_avg": 0.49,
            "equity": 47453,
            "current_ratio": 330.9,
            "debt_ratio": 45.86,
            "inventory_turnover_ratio": 35.99,
            "account_receivable_turnover_ratio": 2641.33,
            "reinvestment_rate": null,
            "research_to_sale_ratio": null,
            "price_fair": 0,
            "eps_avg_yearly": 0,
            "eps_latest_yearly": 0,
            "eps_growth_yearly": 0
        },
        "20134": {
            "year_quarter": 20134,
            "year": 2013,
            "quarter": 4,
            "eps": -0.05,
            "eps_growth_year": -1535.69,
            "eps_4q": -0.43,
            "eps_4q_growth_year": null,
            "roe": -6.73,
            "roe_4q": -261.33,
            "gross_profit": 1814,
            "gross_margin": 12.45,
            "gross_margin_4q_avg": 5.67,
            "net_income": -3103,
            "revenue": 14570,
            "common_shares": 643823,
            "book_valuer_per_share": 0.7,
            "book_valuer_per_share_4q_avg": 0.62,
            "equity": 44798,
            "current_ratio": 257.92,
            "debt_ratio": 43.03,
            "inventory_turnover_ratio": 4.07,
            "account_receivable_turnover_ratio": 16.6,
            "reinvestment_rate": null,
            "research_to_sale_ratio": null,
            "price_fair": 0,
            "eps_avg_yearly": 0,
            "eps_latest_yearly": 0,
            "eps_growth_yearly": 0
        },
        "20141": {
            "year_quarter": 20141,
            "year": 2014,
            "quarter": 1,
            "eps": 0,
            "eps_growth_year": null,
            "eps_4q": -0.16,
            "eps_4q_growth_year": null,
            "roe": -0.5,
            "roe_4q": -16.31,
            "gross_profit": 5487,
            "gross_margin": 17.25,
            "gross_margin_4q_avg": 9.04,
            "net_income": -223,
            "revenue": 31801,
            "common_shares": 643823,
            "book_valuer_per_share": 0.69,
            "book_valuer_per_share_4q_avg": 0.76,
            "equity": 44575,
            "current_ratio": 264.98,
            "debt_ratio": 42.25,
            "inventory_turnover_ratio": 8.39,
            "account_receivable_turnover_ratio": 36.24,
            "reinvestment_rate": null,
            "research_to_sale_ratio": null,
            "price_fair": 0,
            "eps_avg_yearly": 0,
            "eps_latest_yearly": 0,
            "eps_growth_yearly": 0
        },
        "20142": {
            "year_quarter": 20142,
            "year": 2014,
            "quarter": 2,
            "eps": -0.12,
            "eps_growth_year": -300,
            "eps_4q": -0.35,
            "eps_4q_growth_year": null,
            "roe": -19.82,
            "roe_4q": -47.879999999999995,
            "gross_profit": -433,
            "gross_margin": -3.89,
            "gross_margin_4q_avg": 7.68,
            "net_income": -8040,
            "revenue": 11122,
            "common_shares": 643823,
            "book_valuer_per_share": 0.57,
            "book_valuer_per_share_4q_avg": 0.68,
            "equity": 36535,
            "current_ratio": 192.38,
            "debt_ratio": 48.4,
            "inventory_turnover_ratio": 83.13,
            "account_receivable_turnover_ratio": null,
            "reinvestment_rate": null,
            "research_to_sale_ratio": null,
            "price_fair": 0,
            "eps_avg_yearly": 0,
            "eps_latest_yearly": 0,
            "eps_growth_yearly": 0
        },
        "20143": {
            "year_quarter": 20143,
            "year": 2014,
            "quarter": 3,
            "eps": -0.07,
            "eps_growth_year": null,
            "eps_4q": -0.25,
            "eps_4q_growth_year": null,
            "roe": -13.9,
            "roe_4q": -40.95,
            "gross_profit": 168,
            "gross_margin": 1.49,
            "gross_margin_4q_avg": 6.83,
            "net_income": -4748,
            "revenue": 11273,
            "common_shares": 643823,
            "book_valuer_per_share": 0.49,
            "book_valuer_per_share_4q_avg": 0.61,
            "equity": 31787,
            "current_ratio": 149.45,
            "debt_ratio": 52.07,
            "inventory_turnover_ratio": null,
            "account_receivable_turnover_ratio": 11.27,
            "reinvestment_rate": null,
            "research_to_sale_ratio": null,
            "price_fair": 0,
            "eps_avg_yearly": 0,
            "eps_latest_yearly": 0,
            "eps_growth_yearly": 0
        },
        "20144": {
            "year_quarter": 20144,
            "year": 2014,
            "quarter": 4,
            "eps": -0.02,
            "eps_growth_year": null,
            "eps_4q": -0.23,
            "eps_4q_growth_year": null,
            "roe": -4.77,
            "roe_4q": -38.99,
            "gross_profit": 1146,
            "gross_margin": 5.32,
            "gross_margin_4q_avg": 5.04,
            "net_income": -1493,
            "revenue": 21532,
            "common_shares": 643823,
            "book_valuer_per_share": 0.48,
            "book_valuer_per_share_4q_avg": 0.56,
            "equity": 30847,
            "current_ratio": 130.78,
            "debt_ratio": 58.58,
            "inventory_turnover_ratio": 41.69,
            "account_receivable_turnover_ratio": 3.15,
            "reinvestment_rate": null,
            "research_to_sale_ratio": null,
            "price_fair": 0,
            "eps_avg_yearly": 0,
            "eps_latest_yearly": 0,
            "eps_growth_yearly": 0
        },
        "20151": {
            "year_quarter": 20151,
            "year": 2015,
            "quarter": 1,
            "eps": -0.12,
            "eps_growth_year": null,
            "eps_4q": -0.86,
            "eps_4q_growth_year": null,
            "roe": -7.88,
            "roe_4q": -46.37,
            "gross_profit": 1222,
            "gross_margin": 7.1,
            "gross_margin_4q_avg": 2.51,
            "net_income": -2334,
            "revenue": 17208,
            "common_shares": 193147,
            "book_valuer_per_share": 1.47,
            "book_valuer_per_share_4q_avg": 0.75,
            "equity": 28391,
            "current_ratio": 131.76,
            "debt_ratio": 55.45,
            "inventory_turnover_ratio": 32.69,
            "account_receivable_turnover_ratio": 1.67,
            "reinvestment_rate": null,
            "research_to_sale_ratio": null,
            "price_fair": 0,
            "eps_avg_yearly": 0,
            "eps_latest_yearly": 0,
            "eps_growth_yearly": 0
        },
        "20152": {
            "year_quarter": 20152,
            "year": 2015,
            "quarter": 2,
            "eps": 0,
            "eps_growth_year": null,
            "eps_4q": -0.44,
            "eps_4q_growth_year": null,
            "roe": 0.07,
            "roe_4q": -26.479999999999997,
            "gross_profit": 3747,
            "gross_margin": 11.37,
            "gross_margin_4q_avg": 6.32,
            "net_income": 20,
            "revenue": 32952,
            "common_shares": 193147,
            "book_valuer_per_share": 1.47,
            "book_valuer_per_share_4q_avg": 0.98,
            "equity": 28411,
            "current_ratio": 212.19,
            "debt_ratio": 61.49,
            "inventory_turnover_ratio": null,
            "account_receivable_turnover_ratio": 2.61,
            "reinvestment_rate": null,
            "research_to_sale_ratio": null,
            "price_fair": 0,
            "eps_avg_yearly": 0,
            "eps_latest_yearly": 0,
            "eps_growth_yearly": 0
        },
        "20153": {
            "year_quarter": 20153,
            "year": 2015,
            "quarter": 3,
            "eps": 0.4,
            "eps_growth_year": null,
            "eps_4q": 0.21,
            "eps_4q_growth_year": null,
            "roe": 24.1,
            "roe_4q": 11.520000000000003,
            "gross_profit": 17328,
            "gross_margin": 15.01,
            "gross_margin_4q_avg": 9.7,
            "net_income": 7786,
            "revenue": 115434,
            "common_shares": 193147,
            "book_valuer_per_share": 1.87,
            "book_valuer_per_share_4q_avg": 1.32,
            "equity": 36197,
            "current_ratio": 178.78,
            "debt_ratio": 64.24,
            "inventory_turnover_ratio": null,
            "account_receivable_turnover_ratio": 2.51,
            "reinvestment_rate": null,
            "research_to_sale_ratio": null,
            "price_fair": 0,
            "eps_avg_yearly": 0,
            "eps_latest_yearly": 0,
            "eps_growth_yearly": 0
        },
        "20154": {
            "year_quarter": 20154,
            "year": 2015,
            "quarter": 4,
            "eps": 0.08,
            "eps_growth_year": null,
            "eps_4q": 0.36,
            "eps_4q_growth_year": null,
            "roe": 3.94,
            "roe_4q": 20.230000000000004,
            "gross_profit": 5406,
            "gross_margin": 14.84,
            "gross_margin_4q_avg": 12.08,
            "net_income": 1465,
            "revenue": 36434,
            "common_shares": 193147,
            "book_valuer_per_share": 1.98,
            "book_valuer_per_share_4q_avg": 1.7,
            "equity": 38167,
            "current_ratio": 480.11,
            "debt_ratio": 35.81,
            "inventory_turnover_ratio": null,
            "account_receivable_turnover_ratio": 0.65,
            "reinvestment_rate": null,
            "research_to_sale_ratio": null,
            "price_fair": 0.96,
            "eps_avg_yearly": 0.32,
            "eps_latest_yearly": 0.32,
            "eps_growth_yearly": -320
        },
        "20161": {
            "year_quarter": 20161,
            "year": 2016,
            "quarter": 1,
            "eps": -0.11,
            "eps_growth_year": null,
            "eps_4q": 0.37,
            "eps_4q_growth_year": null,
            "roe": -5.89,
            "roe_4q": 22.220000000000002,
            "gross_profit": 3422,
            "gross_margin": 8.47,
            "gross_margin_4q_avg": 12.42,
            "net_income": -2183,
            "revenue": 40387,
            "common_shares": 193147,
            "book_valuer_per_share": 1.86,
            "book_valuer_per_share_4q_avg": 1.8,
            "equity": 35984,
            "current_ratio": 384.85,
            "debt_ratio": 39.69,
            "inventory_turnover_ratio": null,
            "account_receivable_turnover_ratio": 1.25,
            "reinvestment_rate": null,
            "research_to_sale_ratio": null,
            "price_fair": 0.96,
            "eps_avg_yearly": 0.32,
            "eps_latest_yearly": 0.32,
            "eps_growth_yearly": -320
        },
        "20162": {
            "year_quarter": 20162,
            "year": 2016,
            "quarter": 2,
            "eps": -0.01,
            "eps_growth_year": null,
            "eps_4q": 0.35,
            "eps_4q_growth_year": null,
            "roe": -0.59,
            "roe_4q": 21.560000000000002,
            "gross_profit": 6490,
            "gross_margin": 6.45,
            "gross_margin_4q_avg": 11.19,
            "net_income": -212,
            "revenue": 100545,
            "common_shares": 193147,
            "book_valuer_per_share": 1.85,
            "book_valuer_per_share_4q_avg": 1.89,
            "equity": 35772,
            "current_ratio": 182.27,
            "debt_ratio": 61.91,
            "inventory_turnover_ratio": null,
            "account_receivable_turnover_ratio": 1.79,
            "reinvestment_rate": null,
            "research_to_sale_ratio": null,
            "price_fair": 0.96,
            "eps_avg_yearly": 0.32,
            "eps_latest_yearly": 0.32,
            "eps_growth_yearly": -320
        },
        "20163": {
            "year_quarter": 20163,
            "year": 2016,
            "quarter": 3,
            "eps": 0.01,
            "eps_growth_year": -97.5,
            "eps_4q": -0.04,
            "eps_4q_growth_year": -120.43,
            "roe": 0.33,
            "roe_4q": -2.2099999999999995,
            "gross_profit": 8824,
            "gross_margin": 5.16,
            "gross_margin_4q_avg": 8.73,
            "net_income": 117,
            "revenue": 171121,
            "common_shares": 193147,
            "book_valuer_per_share": 1.86,
            "book_valuer_per_share_4q_avg": 1.89,
            "equity": 35889,
            "current_ratio": 168.88,
            "debt_ratio": 65.4,
            "inventory_turnover_ratio": null,
            "account_receivable_turnover_ratio": 1.93,
            "reinvestment_rate": null,
            "research_to_sale_ratio": null,
            "price_fair": 0.96,
            "eps_avg_yearly": 0.32,
            "eps_latest_yearly": 0.32,
            "eps_growth_yearly": -320
        },
        "20164": {
            "year_quarter": 20164,
            "year": 2016,
            "quarter": 4,
            "eps": -0.28,
            "eps_growth_year": -473.17,
            "eps_4q": -0.4,
            "eps_4q_growth_year": -211.65,
            "roe": -16.54,
            "roe_4q": -22.69,
            "gross_profit": 1756,
            "gross_margin": 6.68,
            "gross_margin_4q_avg": 6.69,
            "net_income": -5467,
            "revenue": 26282,
            "common_shares": 193147,
            "book_valuer_per_share": 1.56,
            "book_valuer_per_share_4q_avg": 1.78,
            "equity": 30214,
            "current_ratio": 246.66,
            "debt_ratio": 52.36,
            "inventory_turnover_ratio": null,
            "account_receivable_turnover_ratio": 0.36,
            "reinvestment_rate": null,
            "research_to_sale_ratio": null,
            "price_fair": 0.96,
            "eps_avg_yearly": 0.32,
            "eps_latest_yearly": 0.32,
            "eps_growth_yearly": -320
        },
        "20171": {
            "year_quarter": 20171,
            "year": 2017,
            "quarter": 1,
            "eps": -0.54,
            "eps_growth_year": null,
            "eps_4q": -0.67,
            "eps_4q_growth_year": -281.65,
            "roe": -21.61,
            "roe_4q": -38.410000000000004,
            "gross_profit": -407,
            "gross_margin": -2.89,
            "gross_margin_4q_avg": 3.85,
            "net_income": -10380,
            "revenue": 14105,
            "common_shares": 193147,
            "book_valuer_per_share": 3.41,
            "book_valuer_per_share_4q_avg": 2.17,
            "equity": 65834,
            "current_ratio": 364.57,
            "debt_ratio": 33.71,
            "inventory_turnover_ratio": 7.13,
            "account_receivable_turnover_ratio": 0.3,
            "reinvestment_rate": null,
            "research_to_sale_ratio": null,
            "price_fair": 0.96,
            "eps_avg_yearly": 0.32,
            "eps_latest_yearly": 0.32,
            "eps_growth_yearly": -320
        },
        "20172": {
            "year_quarter": 20172,
            "year": 2017,
            "quarter": 2,
            "eps": -0.11,
            "eps_growth_year": null,
            "eps_4q": -0.78,
            "eps_4q_growth_year": -319.28,
            "roe": -2.76,
            "roe_4q": -40.58,
            "gross_profit": 3954,
            "gross_margin": 7.32,
            "gross_margin_4q_avg": 4.07,
            "net_income": -2417,
            "revenue": 54036,
            "common_shares": 233147,
            "book_valuer_per_share": 4.69,
            "book_valuer_per_share_4q_avg": 2.88,
            "equity": 109417,
            "current_ratio": 470.85,
            "debt_ratio": 25.58,
            "inventory_turnover_ratio": 5.28,
            "account_receivable_turnover_ratio": 1.06,
            "reinvestment_rate": null,
            "research_to_sale_ratio": null,
            "price_fair": 0.96,
            "eps_avg_yearly": 0.32,
            "eps_latest_yearly": 0.32,
            "eps_growth_yearly": -320
        },
        "20173": {
            "year_quarter": 20173,
            "year": 2017,
            "quarter": 3,
            "eps": 1.16,
            "eps_growth_year": 11500,
            "eps_4q": 0.38,
            "eps_4q_growth_year": null,
            "roe": 21.98,
            "roe_4q": -18.93,
            "gross_profit": 27739,
            "gross_margin": 11.75,
            "gross_margin_4q_avg": 5.72,
            "net_income": 27014,
            "revenue": 236160,
            "common_shares": 233147,
            "book_valuer_per_share": 5.85,
            "book_valuer_per_share_4q_avg": 3.88,
            "equity": 136431,
            "current_ratio": 360.83,
            "debt_ratio": 30.77,
            "inventory_turnover_ratio": 12.48,
            "account_receivable_turnover_ratio": 2.12,
            "reinvestment_rate": null,
            "research_to_sale_ratio": null,
            "price_fair": 0.96,
            "eps_avg_yearly": 0.32,
            "eps_latest_yearly": 0.32,
            "eps_growth_yearly": -320
        },
        "20174": {
            "year_quarter": 20174,
            "year": 2017,
            "quarter": 4,
            "eps": 0.29,
            "eps_growth_year": null,
            "eps_4q": 0.9,
            "eps_4q_growth_year": null,
            "roe": 4.81,
            "roe_4q": 2.4200000000000017,
            "gross_profit": 17225,
            "gross_margin": 10.9,
            "gross_margin_4q_avg": 6.77,
            "net_income": 6730,
            "revenue": 158044,
            "common_shares": 233147,
            "book_valuer_per_share": 6.14,
            "book_valuer_per_share_4q_avg": 5.02,
            "equity": 143126,
            "current_ratio": 478.77,
            "debt_ratio": 24.16,
            "inventory_turnover_ratio": 8.63,
            "account_receivable_turnover_ratio": 1.15,
            "reinvestment_rate": -573.5,
            "research_to_sale_ratio": null,
            "price_fair": 2.22,
            "eps_avg_yearly": 0.74,
            "eps_latest_yearly": 1.16,
            "eps_growth_yearly": -310
        },
        "20181": {
            "year_quarter": 20181,
            "year": 2018,
            "quarter": 1,
            "eps": 0.09,
            "eps_growth_year": null,
            "eps_4q": 1.44,
            "eps_4q_growth_year": null,
            "roe": 1.5,
            "roe_4q": 25.53,
            "gross_profit": 15375,
            "gross_margin": 11.33,
            "gross_margin_4q_avg": 10.33,
            "net_income": 2162,
            "revenue": 135666,
            "common_shares": 233147,
            "book_valuer_per_share": 6.23,
            "book_valuer_per_share_4q_avg": 5.73,
            "equity": 145288,
            "current_ratio": 523.87,
            "debt_ratio": 21.15,
            "inventory_turnover_ratio": 6.18,
            "account_receivable_turnover_ratio": 1.44,
            "reinvestment_rate": -398.24,
            "research_to_sale_ratio": null,
            "price_fair": 1.84,
            "eps_avg_yearly": 0.61,
            "eps_latest_yearly": 0.36,
            "eps_growth_yearly": -298.62
        },
        "20182": {
            "year_quarter": 20182,
            "year": 2018,
            "quarter": 2,
            "eps": 0.6,
            "eps_growth_year": null,
            "eps_4q": 2.14,
            "eps_4q_growth_year": null,
            "roe": 9.15,
            "roe_4q": 37.44,
            "gross_profit": 17620,
            "gross_margin": 11.36,
            "gross_margin_4q_avg": 11.34,
            "net_income": 13927,
            "revenue": 155087,
            "common_shares": 233147,
            "book_valuer_per_share": 6.83,
            "book_valuer_per_share_4q_avg": 6.26,
            "equity": 159215,
            "current_ratio": 469.64,
            "debt_ratio": 23.12,
            "inventory_turnover_ratio": 4.43,
            "account_receivable_turnover_ratio": 1.82,
            "reinvestment_rate": -106.9,
            "research_to_sale_ratio": null,
            "price_fair": 37.1,
            "eps_avg_yearly": 1.06,
            "eps_latest_yearly": 2.4,
            "eps_growth_yearly": 342.7
        },
        "20183": {
            "year_quarter": 20183,
            "year": 2018,
            "quarter": 3,
            "eps": 0.56,
            "eps_growth_year": -51.72,
            "eps_4q": 1.53,
            "eps_4q_growth_year": 308.8,
            "roe": 7.79,
            "roe_4q": 23.25,
            "gross_profit": 21048,
            "gross_margin": 11.3,
            "gross_margin_4q_avg": 11.22,
            "net_income": 12951,
            "revenue": 186201,
            "common_shares": 233147,
            "book_valuer_per_share": 7.42,
            "book_valuer_per_share_4q_avg": 6.66,
            "equity": 173086,
            "current_ratio": 523.5,
            "debt_ratio": 20.69,
            "inventory_turnover_ratio": 4.4,
            "account_receivable_turnover_ratio": 1.58,
            "reinvestment_rate": 1.99,
            "research_to_sale_ratio": null,
            "price_fair": 45.36,
            "eps_avg_yearly": 1.3,
            "eps_latest_yearly": 2.24,
            "eps_growth_yearly": 268.83
        },
        "20184": {
            "year_quarter": 20184,
            "year": 2018,
            "quarter": 4,
            "eps": -0.05,
            "eps_growth_year": -116.83,
            "eps_4q": 0.88,
            "eps_4q_growth_year": -2.19,
            "roe": -0.68,
            "roe_4q": 17.76,
            "gross_profit": 8270,
            "gross_margin": 6.53,
            "gross_margin_4q_avg": 10.13,
            "net_income": -1521,
            "revenue": 126646,
            "common_shares": 313147,
            "book_valuer_per_share": 8.67,
            "book_valuer_per_share_4q_avg": 7.29,
            "equity": 271565,
            "current_ratio": 761.02,
            "debt_ratio": 13.02,
            "inventory_turnover_ratio": 4.6,
            "account_receivable_turnover_ratio": 1.09,
            "reinvestment_rate": -1.25,
            "research_to_sale_ratio": null,
            "price_fair": 45.36,
            "eps_avg_yearly": 1.3,
            "eps_latest_yearly": 2.24,
            "eps_growth_yearly": 268.83
        },
        "20191": {
            "year_quarter": 20191,
            "year": 2019,
            "quarter": 1,
            "eps": 0.37,
            "eps_growth_year": 311.11,
            "eps_4q": 1.18,
            "eps_4q_growth_year": -17.57,
            "roe": 4.22,
            "roe_4q": 20.48,
            "gross_profit": 10366,
            "gross_margin": 13.32,
            "gross_margin_4q_avg": 10.63,
            "net_income": 11721,
            "revenue": 77808,
            "common_shares": 313147,
            "book_valuer_per_share": 9.05,
            "book_valuer_per_share_4q_avg": 7.99,
            "equity": 283286,
            "current_ratio": 1610.93,
            "debt_ratio": 6.09,
            "inventory_turnover_ratio": 3.24,
            "account_receivable_turnover_ratio": 0.88,
            "reinvestment_rate": -2,
            "research_to_sale_ratio": null,
            "price_fair": 45.36,
            "eps_avg_yearly": 1.3,
            "eps_latest_yearly": 2.24,
            "eps_growth_yearly": 268.83
        },
        "20192": {
            "year_quarter": 20192,
            "year": 2019,
            "quarter": 2,
            "eps": 0.2,
            "eps_growth_year": -66.67,
            "eps_4q": 0.94,
            "eps_4q_growth_year": -56,
            "roe": 2.2,
            "roe_4q": 13.530000000000001,
            "gross_profit": 14288,
            "gross_margin": 11.27,
            "gross_margin_4q_avg": 10.61,
            "net_income": 6299,
            "revenue": 126816,
            "common_shares": 313147,
            "book_valuer_per_share": 9.25,
            "book_valuer_per_share_4q_avg": 8.6,
            "equity": 289585,
            "current_ratio": 1242.3,
            "debt_ratio": 7.93,
            "inventory_turnover_ratio": 2.74,
            "account_receivable_turnover_ratio": 1.14,
            "reinvestment_rate": -0.38,
            "research_to_sale_ratio": null,
            "price_fair": 42.47,
            "eps_avg_yearly": 1.21,
            "eps_latest_yearly": 0.8,
            "eps_growth_yearly": 193.39
        },
        "20193": {
            "year_quarter": 20193,
            "year": 2019,
            "quarter": 3,
            "eps": 0.34,
            "eps_growth_year": -39.29,
            "eps_4q": 0.87,
            "eps_4q_growth_year": -43.18,
            "roe": 3.66,
            "roe_4q": 9.4,
            "gross_profit": 21497,
            "gross_margin": 10.22,
            "gross_margin_4q_avg": 10.34,
            "net_income": 10800,
            "revenue": 210303,
            "common_shares": 313147,
            "book_valuer_per_share": 9.59,
            "book_valuer_per_share_4q_avg": 9.14,
            "equity": 300385,
            "current_ratio": 456.9,
            "debt_ratio": 21.55,
            "inventory_turnover_ratio": 2.72,
            "account_receivable_turnover_ratio": 1.32,
            "reinvestment_rate": 1.07,
            "research_to_sale_ratio": null,
            "price_fair": 43.2,
            "eps_avg_yearly": 1.23,
            "eps_latest_yearly": 1.36,
            "eps_growth_yearly": 205.76
        },
        "20194": {
            "year_quarter": 20194,
            "year": 2019,
            "quarter": 4,
            "eps": 0.5,
            "eps_growth_year": null,
            "eps_4q": 1.42,
            "eps_4q_growth_year": 61.26,
            "roe": 5.05,
            "roe_4q": 15.129999999999999,
            "gross_profit": 31164,
            "gross_margin": 18.13,
            "gross_margin_4q_avg": 13.24,
            "net_income": 15556,
            "revenue": 171918,
            "common_shares": 313147,
            "book_valuer_per_share": 10.09,
            "book_valuer_per_share_4q_avg": 9.5,
            "equity": 315941,
            "current_ratio": 698.03,
            "debt_ratio": 14.47,
            "inventory_turnover_ratio": 1.71,
            "account_receivable_turnover_ratio": 0.94,
            "reinvestment_rate": 1.08,
            "research_to_sale_ratio": null,
            "price_fair": 51.6,
            "eps_avg_yearly": 1.47,
            "eps_latest_yearly": 2,
            "eps_growth_yearly": 278.37
        },
        "20201": {
            "year_quarter": 20201,
            "year": 2020,
            "quarter": 1,
            "eps": -0.06,
            "eps_growth_year": -116.22,
            "eps_4q": 0.99,
            "eps_4q_growth_year": -16.58,
            "roe": -0.55,
            "roe_4q": 10.36,
            "gross_profit": 13032,
            "gross_margin": 10.44,
            "gross_margin_4q_avg": 12.52,
            "net_income": -1725,
            "revenue": 124870,
            "common_shares": 313147,
            "book_valuer_per_share": 10.03,
            "book_valuer_per_share_4q_avg": 9.74,
            "equity": 314216,
            "current_ratio": 1173.54,
            "debt_ratio": 9.18,
            "inventory_turnover_ratio": 1.41,
            "account_receivable_turnover_ratio": 0.75,
            "reinvestment_rate": 0.08,
            "research_to_sale_ratio": null,
            "price_fair": 51.6,
            "eps_avg_yearly": 1.47,
            "eps_latest_yearly": 2,
            "eps_growth_yearly": 278.37
        },
        "20202": {
            "year_quarter": 20202,
            "year": 2020,
            "quarter": 2,
            "eps": 0.01,
            "eps_growth_year": -95,
            "eps_4q": 0.8,
            "eps_4q_growth_year": -14.77,
            "roe": 0.15,
            "roe_4q": 8.309999999999999,
            "gross_profit": 11587,
            "gross_margin": 10.24,
            "gross_margin_4q_avg": 12.26,
            "net_income": 469,
            "revenue": 113121,
            "common_shares": 313147,
            "book_valuer_per_share": 10.05,
            "book_valuer_per_share_4q_avg": 9.94,
            "equity": 314685,
            "current_ratio": 1055.93,
            "debt_ratio": 9.77,
            "inventory_turnover_ratio": 1.16,
            "account_receivable_turnover_ratio": 0.66,
            "reinvestment_rate": 0.13,
            "research_to_sale_ratio": null,
            "price_fair": 51.6,
            "eps_avg_yearly": 1.47,
            "eps_latest_yearly": 2,
            "eps_growth_yearly": 278.37
        },
        "20203": {
            "year_quarter": 20203,
            "year": 2020,
            "quarter": 3,
            "eps": -0.28,
            "eps_growth_year": -182.35,
            "eps_4q": 0.17,
            "eps_4q_growth_year": -80.07,
            "roe": -2.86,
            "roe_4q": 1.79,
            "gross_profit": 9258,
            "gross_margin": 7.9,
            "gross_margin_4q_avg": 11.68,
            "net_income": -8860,
            "revenue": 117238,
            "common_shares": 313147,
            "book_valuer_per_share": 9.77,
            "book_valuer_per_share_4q_avg": 9.99,
            "equity": 305825,
            "current_ratio": 1261.97,
            "debt_ratio": 7.92,
            "inventory_turnover_ratio": 1.19,
            "account_receivable_turnover_ratio": 0.62,
            "reinvestment_rate": 0.54,
            "research_to_sale_ratio": null,
            "price_fair": 51.6,
            "eps_avg_yearly": 1.47,
            "eps_latest_yearly": 2,
            "eps_growth_yearly": 278.37
        },
        "20204": {
            "year_quarter": 20204,
            "year": 2020,
            "quarter": 4,
            "eps": -0.57,
            "eps_growth_year": -214.37,
            "eps_4q": -0.89,
            "eps_4q_growth_year": -162.89,
            "roe": -5.99,
            "roe_4q": -9.25,
            "gross_profit": 1673,
            "gross_margin": 1.76,
            "gross_margin_4q_avg": 7.59,
            "net_income": -17791,
            "revenue": 95047,
            "common_shares": 313147,
            "book_valuer_per_share": 9.2,
            "book_valuer_per_share_4q_avg": 9.76,
            "equity": 288034,
            "current_ratio": 1115.26,
            "debt_ratio": 8.61,
            "inventory_turnover_ratio": 0.85,
            "account_receivable_turnover_ratio": 0.6,
            "reinvestment_rate": 0.97,
            "research_to_sale_ratio": null,
            "price_fair": 51.6,
            "eps_avg_yearly": 1.47,
            "eps_latest_yearly": 2,
            "eps_growth_yearly": 278.37
        },
        "20211": {
            "year_quarter": 20211,
            "year": 2021,
            "quarter": 1,
            "eps": 0.33,
            "eps_growth_year": null,
            "eps_4q": -0.5,
            "eps_4q_growth_year": -151,
            "roe": 3.55,
            "roe_4q": -5.15,
            "gross_profit": 20039,
            "gross_margin": 10.86,
            "gross_margin_4q_avg": 7.69,
            "net_income": 10407,
            "revenue": 184436,
            "common_shares": 313147,
            "book_valuer_per_share": 9.53,
            "book_valuer_per_share_4q_avg": 9.64,
            "equity": 298441,
            "current_ratio": 1892.38,
            "debt_ratio": 5.11,
            "inventory_turnover_ratio": 1.53,
            "account_receivable_turnover_ratio": 1.49,
            "reinvestment_rate": 0.76,
            "research_to_sale_ratio": null,
            "price_fair": 51.6,
            "eps_avg_yearly": 1.47,
            "eps_latest_yearly": 2,
            "eps_growth_yearly": 278.37
        },
        "20212": {
            "year_quarter": 20212,
            "year": 2021,
            "quarter": 2,
            "eps": -0.05,
            "eps_growth_year": -600,
            "eps_4q": -0.57,
            "eps_4q_growth_year": -171.08,
            "roe": -0.54,
            "roe_4q": -5.84,
            "gross_profit": 15126,
            "gross_margin": 11.4,
            "gross_margin_4q_avg": 7.98,
            "net_income": -1598,
            "revenue": 132627,
            "common_shares": 313147,
            "book_valuer_per_share": 9.48,
            "book_valuer_per_share_4q_avg": 9.5,
            "equity": 296843,
            "current_ratio": 705.67,
            "debt_ratio": 13.82,
            "inventory_turnover_ratio": 1.46,
            "account_receivable_turnover_ratio": 1.18,
            "reinvestment_rate": 0.78,
            "research_to_sale_ratio": null,
            "price_fair": 51.6,
            "eps_avg_yearly": 1.47,
            "eps_latest_yearly": 2,
            "eps_growth_yearly": 278.37
        },
        "20213": {
            "year_quarter": 20213,
            "year": 2021,
            "quarter": 3,
            "eps": -0.08,
            "eps_growth_year": null,
            "eps_4q": -0.37,
            "eps_4q_growth_year": -310.97,
            "roe": -0.84,
            "roe_4q": -3.8200000000000003,
            "gross_profit": 14961,
            "gross_margin": 10.07,
            "gross_margin_4q_avg": 8.52,
            "net_income": -2495,
            "revenue": 148508,
            "common_shares": 313147,
            "book_valuer_per_share": 9.4,
            "book_valuer_per_share_4q_avg": 9.4,
            "equity": 294348,
            "current_ratio": 716.15,
            "debt_ratio": 13.28,
            "inventory_turnover_ratio": 1.66,
            "account_receivable_turnover_ratio": 1.2,
            "reinvestment_rate": 1.22,
            "research_to_sale_ratio": null,
            "price_fair": 51.6,
            "eps_avg_yearly": 1.47,
            "eps_latest_yearly": 2,
            "eps_growth_yearly": 278.37
        },
        "20214": {
            "year_quarter": 20214,
            "year": 2021,
            "quarter": 4,
            "eps": -0,
            "eps_growth_year": null,
            "eps_4q": 0.2,
            "eps_4q_growth_year": null,
            "roe": -0.04,
            "roe_4q": 2.13,
            "gross_profit": 18537,
            "gross_margin": 10.54,
            "gross_margin_4q_avg": 10.72,
            "net_income": -117,
            "revenue": 175916,
            "common_shares": 313147,
            "book_valuer_per_share": 9.4,
            "book_valuer_per_share_4q_avg": 9.45,
            "equity": 294231,
            "current_ratio": 871.61,
            "debt_ratio": 29.04,
            "inventory_turnover_ratio": 1.78,
            "account_receivable_turnover_ratio": 1.29,
            "reinvestment_rate": 221.48,
            "research_to_sale_ratio": null,
            "price_fair": 53.43,
            "eps_avg_yearly": 1.53,
            "eps_latest_yearly": 2,
            "eps_growth_yearly": 374.76
        },
        "20221": {
            "year_quarter": 20221,
            "year": 2022,
            "quarter": 1,
            "eps": 0.51,
            "eps_growth_year": 54.55,
            "eps_4q": 0.38,
            "eps_4q_growth_year": null,
            "roe": 5.32,
            "roe_4q": 3.9000000000000004,
            "gross_profit": 28567,
            "gross_margin": 13.85,
            "gross_margin_4q_avg": 11.47,
            "net_income": 16081,
            "revenue": 206207,
            "common_shares": 313147,
            "book_valuer_per_share": 9.91,
            "book_valuer_per_share_4q_avg": 9.55,
            "equity": 310312,
            "current_ratio": 652.28,
            "debt_ratio": 30.51,
            "inventory_turnover_ratio": 1.91,
            "account_receivable_turnover_ratio": 1.26,
            "reinvestment_rate": 173.28,
            "research_to_sale_ratio": null,
            "price_fair": 61.6,
            "eps_avg_yearly": 1.76,
            "eps_latest_yearly": 2,
            "eps_growth_yearly": 504.89
        },
        "20222": {
            "year_quarter": 20222,
            "year": 2022,
            "quarter": 2,
            "eps": 0.76,
            "eps_growth_year": null,
            "eps_4q": 1.18,
            "eps_4q_growth_year": null,
            "roe": 7.33,
            "roe_4q": 11.770000000000001,
            "gross_profit": 33868,
            "gross_margin": 17.3,
            "gross_margin_4q_avg": 12.94,
            "net_income": 23595,
            "revenue": 195739,
            "common_shares": 313147,
            "book_valuer_per_share": 10.66,
            "book_valuer_per_share_4q_avg": 9.84,
            "equity": 333907,
            "current_ratio": 702.36,
            "debt_ratio": 28.85,
            "inventory_turnover_ratio": 1.88,
            "account_receivable_turnover_ratio": 1.03,
            "reinvestment_rate": 155.46,
            "research_to_sale_ratio": null,
            "price_fair": 66.08,
            "eps_avg_yearly": 1.89,
            "eps_latest_yearly": 3.04,
            "eps_growth_yearly": 90.77
        },
        "20223": {
            "year_quarter": 20223,
            "year": 2022,
            "quarter": 3,
            "eps": 0.7,
            "eps_growth_year": null,
            "eps_4q": 1.97,
            "eps_4q_growth_year": null,
            "roe": 6.4,
            "roe_4q": 19.01,
            "gross_profit": 25310,
            "gross_margin": 13.82,
            "gross_margin_4q_avg": 13.88,
            "net_income": 22070,
            "revenue": 183159,
            "common_shares": 313147,
            "book_valuer_per_share": 11.37,
            "book_valuer_per_share_4q_avg": 10.34,
            "equity": 355977,
            "current_ratio": 1033.14,
            "debt_ratio": 25.04,
            "inventory_turnover_ratio": 2.15,
            "account_receivable_turnover_ratio": 1.07,
            "reinvestment_rate": 138.54,
            "research_to_sale_ratio": null,
            "price_fair": 70,
            "eps_avg_yearly": 2,
            "eps_latest_yearly": 2.8,
            "eps_growth_yearly": 89.79
        },
        "20224": {
            "year_quarter": 20224,
            "year": 2022,
            "quarter": 4,
            "eps": -0.25,
            "eps_growth_year": null,
            "eps_4q": 1.72,
            "eps_4q_growth_year": 771.13,
            "roe": -2.2,
            "roe_4q": 16.85,
            "gross_profit": 19662,
            "gross_margin": 18.28,
            "gross_margin_4q_avg": 15.81,
            "net_income": -7762,
            "revenue": 107580,
            "common_shares": 313147,
            "book_valuer_per_share": 11.12,
            "book_valuer_per_share_4q_avg": 10.77,
            "equity": 348215,
            "current_ratio": 726.35,
            "debt_ratio": 27.38,
            "inventory_turnover_ratio": 1.18,
            "account_receivable_turnover_ratio": 0.96,
            "reinvestment_rate": 150.09,
            "research_to_sale_ratio": null,
            "price_fair": 70,
            "eps_avg_yearly": 2,
            "eps_latest_yearly": 2.8,
            "eps_growth_yearly": 89.79
        },
        "20231": {
            "year_quarter": 20231,
            "year": 2023,
            "quarter": 1,
            "eps": -0.02,
            "eps_growth_year": -103.92,
            "eps_4q": 1.19,
            "eps_4q_growth_year": 213.6,
            "roe": -0.19,
            "roe_4q": 11.34,
            "gross_profit": 22930,
            "gross_margin": 21.53,
            "gross_margin_4q_avg": 17.73,
            "net_income": -675,
            "revenue": 106480,
            "common_shares": 313147,
            "book_valuer_per_share": 11.1,
            "book_valuer_per_share_4q_avg": 11.06,
            "equity": 347443,
            "current_ratio": 1400.42,
            "debt_ratio": 23.4,
            "inventory_turnover_ratio": 1.18,
            "account_receivable_turnover_ratio": 1.55,
            "reinvestment_rate": 208.74,
            "research_to_sale_ratio": null,
            "price_fair": 70,
            "eps_avg_yearly": 2,
            "eps_latest_yearly": 2.8,
            "eps_growth_yearly": 89.79
        }
    },
    "months": {
        "2001-06": {
            "month": "2001-06",
            "price": "7.84",
            "revenue": 32613
        },
        "2001-07": {
            "month": "2001-07",
            "price": "8.08",
            "revenue": 41084
        },
        "2001-08": {
            "month": "2001-08",
            "price": "5.65",
            "revenue": 40254
        },
        "2001-09": {
            "month": "2001-09",
            "price": "3.69",
            "revenue": 39247
        },
        "2001-10": {
            "month": "2001-10",
            "price": "3.28",
            "revenue": 28329
        },
        "2001-11": {
            "month": "2001-11",
            "price": "3.86",
            "revenue": 30146
        },
        "2001-12": {
            "month": "2001-12",
            "price": "4.39",
            "revenue": 28841
        },
        "2002-01": {
            "month": "2002-01",
            "price": "5.48",
            "revenue": 28112
        },
        "2002-02": {
            "month": "2002-02",
            "price": "6.25",
            "revenue": 20058
        },
        "2002-03": {
            "month": "2002-03",
            "price": "6.61",
            "revenue": 28817
        },
        "2002-04": {
            "month": "2002-04",
            "price": "7.89",
            "revenue": 24372
        },
        "2002-05": {
            "month": "2002-05",
            "price": "8.40",
            "revenue": 50566
        },
        "2002-06": {
            "month": "2002-06",
            "price": "8.74",
            "revenue": 67761
        },
        "2002-07": {
            "month": "2002-07",
            "price": "7.96",
            "revenue": 29183
        },
        "2002-08": {
            "month": "2002-08",
            "price": "6.22",
            "revenue": 31266
        },
        "2002-09": {
            "month": "2002-09",
            "price": "5.13",
            "revenue": 23702
        },
        "2002-10": {
            "month": "2002-10",
            "price": "5.44",
            "revenue": 50596
        },
        "2002-11": {
            "month": "2002-11",
            "price": "7.73",
            "revenue": 56007
        },
        "2002-12": {
            "month": "2002-12",
            "price": "10.07",
            "revenue": 47574
        },
        "2003-01": {
            "month": "2003-01",
            "price": "13.19",
            "revenue": 80409
        },
        "2003-02": {
            "month": "2003-02",
            "price": "13.08",
            "revenue": 62231
        },
        "2003-03": {
            "month": "2003-03",
            "price": "10.04",
            "revenue": 59200
        },
        "2003-04": {
            "month": "2003-04",
            "price": "8.43",
            "revenue": 32555
        },
        "2003-05": {
            "month": "2003-05",
            "price": "7.85",
            "revenue": 50183
        },
        "2003-06": {
            "month": "2003-06",
            "price": "8.16",
            "revenue": 59675
        },
        "2003-07": {
            "month": "2003-07",
            "price": "7.48",
            "revenue": 69978
        },
        "2003-08": {
            "month": "2003-08",
            "price": "6.40",
            "revenue": 52594
        },
        "2003-09": {
            "month": "2003-09",
            "price": "6.79",
            "revenue": 61954
        },
        "2003-10": {
            "month": "2003-10",
            "price": "7.97",
            "revenue": 112145
        },
        "2003-11": {
            "month": "2003-11",
            "price": "8.50",
            "revenue": 110080
        },
        "2003-12": {
            "month": "2003-12",
            "price": "8.03",
            "revenue": 95298
        },
        "2004-01": {
            "month": "2004-01",
            "price": "10.53",
            "revenue": 75858
        },
        "2004-02": {
            "month": "2004-02",
            "price": "14.35",
            "revenue": 103268
        },
        "2004-03": {
            "month": "2004-03",
            "price": "15.17",
            "revenue": 142461
        },
        "2004-04": {
            "month": "2004-04",
            "price": "15.15",
            "revenue": 94419
        },
        "2004-05": {
            "month": "2004-05",
            "price": "13.30",
            "revenue": 93242
        },
        "2004-06": {
            "month": "2004-06",
            "price": "13.12",
            "revenue": 103217
        },
        "2004-07": {
            "month": "2004-07",
            "price": "10.80",
            "revenue": 96109
        },
        "2004-08": {
            "month": "2004-08",
            "price": "6.48",
            "revenue": 55769
        },
        "2004-09": {
            "month": "2004-09",
            "price": "5.17",
            "revenue": 115738
        },
        "2004-10": {
            "month": "2004-10",
            "price": "5.46",
            "revenue": 72319
        },
        "2004-11": {
            "month": "2004-11",
            "price": "6.16",
            "revenue": 108182
        },
        "2004-12": {
            "month": "2004-12",
            "price": "5.56",
            "revenue": 114077
        },
        "2005-01": {
            "month": "2005-01",
            "price": "4.83",
            "revenue": 99330
        },
        "2005-02": {
            "month": "2005-02",
            "price": "4.72",
            "revenue": 83835
        },
        "2005-03": {
            "month": "2005-03",
            "price": "3.76",
            "revenue": 73084
        },
        "2005-04": {
            "month": "2005-04",
            "price": "3.20",
            "revenue": 67455
        },
        "2005-05": {
            "month": "2005-05",
            "price": "2.96",
            "revenue": 38947
        },
        "2005-06": {
            "month": "2005-06",
            "price": "3.29",
            "revenue": 64172
        },
        "2005-07": {
            "month": "2005-07",
            "price": "3.03",
            "revenue": 39950
        },
        "2005-08": {
            "month": "2005-08",
            "price": "2.74",
            "revenue": 34046
        },
        "2005-09": {
            "month": "2005-09",
            "price": "2.14",
            "revenue": 48023
        },
        "2005-10": {
            "month": "2005-10",
            "price": "1.96",
            "revenue": 37211
        },
        "2005-11": {
            "month": "2005-11",
            "price": "1.54",
            "revenue": 27039
        },
        "2005-12": {
            "month": "2005-12",
            "price": "1.74",
            "revenue": 29279
        },
        "2006-01": {
            "month": "2006-01",
            "price": "1.69",
            "revenue": 25934
        },
        "2006-02": {
            "month": "2006-02",
            "price": "1.35",
            "revenue": 26208
        },
        "2006-03": {
            "month": "2006-03",
            "price": "1.20",
            "revenue": 23487
        },
        "2006-04": {
            "month": "2006-04",
            "price": "1.00",
            "revenue": 21903
        },
        "2006-05": {
            "month": "2006-05",
            "price": "1.05",
            "revenue": 20312
        },
        "2006-11": {
            "month": "2006-11",
            "price": "1.25",
            "revenue": 19089
        },
        "2006-12": {
            "month": "2006-12",
            "price": "2.94",
            "revenue": 27628
        },
        "2007-01": {
            "month": "2007-01",
            "price": "9.66",
            "revenue": 16668
        },
        "2007-02": {
            "month": "2007-02",
            "price": "14.81",
            "revenue": 10443
        },
        "2007-03": {
            "month": "2007-03",
            "price": "13.96",
            "revenue": 8327
        },
        "2007-04": {
            "month": "2007-04",
            "price": "13.00",
            "revenue": 12689
        },
        "2007-05": {
            "month": "2007-05",
            "price": "12.82",
            "revenue": 13483
        },
        "2007-06": {
            "month": "2007-06",
            "price": "12.56",
            "revenue": 13567
        },
        "2007-07": {
            "month": "2007-07",
            "price": "18.92",
            "revenue": 12261
        },
        "2007-08": {
            "month": "2007-08",
            "price": "18.88",
            "revenue": 9591
        },
        "2007-09": {
            "month": "2007-09",
            "price": "15.63",
            "revenue": 9695
        },
        "2007-10": {
            "month": "2007-10",
            "price": "13.65",
            "revenue": 15872
        },
        "2007-11": {
            "month": "2007-11",
            "price": "12.00",
            "revenue": 11427
        },
        "2008-01": {
            "month": "2008-01",
            "price": "11.05",
            "revenue": 13318
        },
        "2009-07": {
            "month": "2009-07",
            "price": "4.96",
            "revenue": 4721
        },
        "2009-08": {
            "month": "2009-08",
            "price": "6.93",
            "revenue": 3466
        },
        "2009-09": {
            "month": "2009-09",
            "price": "4.49",
            "revenue": 4599
        },
        "2009-10": {
            "month": "2009-10",
            "price": "4.23",
            "revenue": 3964
        },
        "2009-11": {
            "month": "2009-11",
            "price": "4.19",
            "revenue": 3883
        },
        "2009-12": {
            "month": "2009-12",
            "price": "3.74",
            "revenue": 3394
        },
        "2010-01": {
            "month": "2010-01",
            "price": "4.59",
            "revenue": 3569
        },
        "2010-02": {
            "month": "2010-02",
            "price": "4.35",
            "revenue": 2489
        },
        "2010-03": {
            "month": "2010-03",
            "price": "3.57",
            "revenue": 3388
        },
        "2010-04": {
            "month": "2010-04",
            "price": "3.77",
            "revenue": 3321
        },
        "2010-05": {
            "month": "2010-05",
            "price": "3.84",
            "revenue": 3242
        },
        "2010-06": {
            "month": "2010-06",
            "price": "2.97",
            "revenue": 3753
        },
        "2010-07": {
            "month": "2010-07",
            "price": "2.75",
            "revenue": 3753
        },
        "2010-08": {
            "month": "2010-08",
            "price": "2.92",
            "revenue": 3798
        },
        "2010-09": {
            "month": "2010-09",
            "price": "2.79",
            "revenue": 3214
        },
        "2011-03": {
            "month": "2011-03",
            "price": "3.18",
            "revenue": 3926
        },
        "2011-04": {
            "month": "2011-04",
            "price": "4.28",
            "revenue": 4960
        },
        "2011-05": {
            "month": "2011-05",
            "price": "3.78",
            "revenue": 3722
        },
        "2011-06": {
            "month": "2011-06",
            "price": "3.87",
            "revenue": 3485
        },
        "2011-07": {
            "month": "2011-07",
            "price": "4.29",
            "revenue": 3455
        },
        "2011-08": {
            "month": "2011-08",
            "price": "4.53",
            "revenue": 3071
        },
        "2011-09": {
            "month": "2011-09",
            "price": "4.43",
            "revenue": 4621
        },
        "2011-10": {
            "month": "2011-10",
            "price": "3.43",
            "revenue": 3770
        },
        "2011-11": {
            "month": "2011-11",
            "price": "3.26",
            "revenue": 4748
        },
        "2011-12": {
            "month": "2011-12",
            "price": "3.85",
            "revenue": 3695
        },
        "2012-01": {
            "month": "2012-01",
            "price": "3.53",
            "revenue": 2585
        },
        "2012-02": {
            "month": "2012-02",
            "price": "3.42",
            "revenue": 3434
        },
        "2012-03": {
            "month": "2012-03",
            "price": "3.10",
            "revenue": 3612
        },
        "2012-04": {
            "month": "2012-04",
            "price": "2.93",
            "revenue": 3404
        },
        "2012-05": {
            "month": "2012-05",
            "price": "10.80",
            "revenue": 3454
        },
        "2012-06": {
            "month": "2012-06",
            "price": "8.16",
            "revenue": 581
        },
        "2012-07": {
            "month": "2012-07",
            "price": "5.55",
            "revenue": 3749
        },
        "2012-08": {
            "month": "2012-08",
            "price": "3.81",
            "revenue": 3756
        },
        "2012-09": {
            "month": "2012-09",
            "price": "3.01",
            "revenue": 4096
        },
        "2012-10": {
            "month": "2012-10",
            "price": "3.22",
            "revenue": 4707
        },
        "2013-05": {
            "month": "2013-05",
            "price": "3.68",
            "revenue": 3526
        },
        "2013-06": {
            "month": "2013-06",
            "price": "6.75",
            "revenue": 3587
        },
        "2013-07": {
            "month": "2013-07",
            "price": "6.35",
            "revenue": 3898
        },
        "2013-08": {
            "month": "2013-08",
            "price": "5.95",
            "revenue": 4174
        },
        "2013-09": {
            "month": "2013-09",
            "price": "6.28",
            "revenue": 3944
        },
        "2013-10": {
            "month": "2013-10",
            "price": "6.76",
            "revenue": 4431
        },
        "2013-11": {
            "month": "2013-11",
            "price": "6.94",
            "revenue": 3956
        },
        "2013-12": {
            "month": "2013-12",
            "price": "7.81",
            "revenue": 6183
        },
        "2014-01": {
            "month": "2014-01",
            "price": "7.63",
            "revenue": 3983
        },
        "2014-02": {
            "month": "2014-02",
            "price": "7.39",
            "revenue": 15214
        },
        "2014-03": {
            "month": "2014-03",
            "price": "7.33",
            "revenue": 12603
        },
        "2014-04": {
            "month": "2014-04",
            "price": "9.78",
            "revenue": 4457
        },
        "2014-05": {
            "month": "2014-05",
            "price": "9.10",
            "revenue": 3479
        },
        "2014-06": {
            "month": "2014-06",
            "price": "10.35",
            "revenue": 3187
        },
        "2014-07": {
            "month": "2014-07",
            "price": "10.24",
            "revenue": 3636
        },
        "2014-09": {
            "month": "2014-09",
            "price": "10.11",
            "revenue": 4148
        },
        "2014-10": {
            "month": "2014-10",
            "price": "7.71",
            "revenue": 4611
        },
        "2014-11": {
            "month": "2014-11",
            "price": "4.77",
            "revenue": 3120
        },
        "2014-12": {
            "month": "2014-12",
            "price": "4.81",
            "revenue": 13893
        },
        "2015-01": {
            "month": "2015-01",
            "price": "5.00",
            "revenue": 7149
        },
        "2015-02": {
            "month": "2015-02",
            "price": "5.02",
            "revenue": 3792
        },
        "2015-03": {
            "month": "2015-03",
            "price": "5.18",
            "revenue": 6267
        },
        "2015-04": {
            "month": "2015-04",
            "price": "6.26",
            "revenue": 7421
        },
        "2015-05": {
            "month": "2015-05",
            "price": "24.51",
            "revenue": 10592
        },
        "2015-06": {
            "month": "2015-06",
            "price": "28.84",
            "revenue": 14939
        },
        "2015-07": {
            "month": "2015-07",
            "price": "28.32",
            "revenue": 27217
        },
        "2015-08": {
            "month": "2015-08",
            "price": "26.50",
            "revenue": 50006
        },
        "2015-09": {
            "month": "2015-09",
            "price": "25.25",
            "revenue": 38211
        },
        "2015-10": {
            "month": "2015-10",
            "price": "20.60",
            "revenue": 21797
        },
        "2015-11": {
            "month": "2015-11",
            "price": "19.00",
            "revenue": 10645
        },
        "2015-12": {
            "month": "2015-12",
            "price": "16.50",
            "revenue": 3992
        },
        "2017-01": {
            "month": "2017-01",
            "price": "9.65",
            "revenue": 6433
        },
        "2017-02": {
            "month": "2017-02",
            "price": "9.31",
            "revenue": 3084
        },
        "2017-03": {
            "month": "2017-03",
            "price": "7.94",
            "revenue": 4588
        },
        "2017-04": {
            "month": "2017-04",
            "price": "8.96",
            "revenue": 5508
        },
        "2017-05": {
            "month": "2017-05",
            "price": "9.36",
            "revenue": 12332
        },
        "2017-06": {
            "month": "2017-06",
            "price": "9.28",
            "revenue": 36197
        },
        "2017-07": {
            "month": "2017-07",
            "price": "9.86",
            "revenue": 85689
        },
        "2017-08": {
            "month": "2017-08",
            "price": "10.00",
            "revenue": 54506
        },
        "2017-09": {
            "month": "2017-09",
            "price": "10.01",
            "revenue": 95965
        },
        "2017-10": {
            "month": "2017-10",
            "price": "11.97",
            "revenue": 65836
        },
        "2017-11": {
            "month": "2017-11",
            "price": "14.77",
            "revenue": 36369
        },
        "2017-12": {
            "month": "2017-12",
            "price": "16.03",
            "revenue": 55870
        },
        "2018-01": {
            "month": "2018-01",
            "price": "16.11",
            "revenue": 64830
        },
        "2018-02": {
            "month": "2018-02",
            "price": "15.56",
            "revenue": 25397
        },
        "2018-03": {
            "month": "2018-03",
            "price": "14.77",
            "revenue": 45440
        },
        "2018-04": {
            "month": "2018-04",
            "price": "15.05",
            "revenue": 68826
        },
        "2018-05": {
            "month": "2018-05",
            "price": "13.92",
            "revenue": 37149
        },
        "2018-11": {
            "month": "2018-11",
            "price": "11.95",
            "revenue": 33529
        },
        "2018-12": {
            "month": "2018-12",
            "price": "11.97",
            "revenue": 39539
        },
        "2019-01": {
            "month": "2019-01",
            "price": "11.68",
            "revenue": 35552
        },
        "2019-02": {
            "month": "2019-02",
            "price": "11.58",
            "revenue": 13384
        },
        "2019-03": {
            "month": "2019-03",
            "price": "11.27",
            "revenue": 28872
        },
        "2019-04": {
            "month": "2019-04",
            "price": "11.99",
            "revenue": 48582
        },
        "2019-05": {
            "month": "2019-05",
            "price": "12.48",
            "revenue": 40697
        },
        "2019-06": {
            "month": "2019-06",
            "price": "12.14",
            "revenue": 37538
        },
        "2019-07": {
            "month": "2019-07",
            "price": "11.99",
            "revenue": 75437
        },
        "2019-08": {
            "month": "2019-08",
            "price": "12.28",
            "revenue": 60671
        },
        "2019-09": {
            "month": "2019-09",
            "price": "12.59",
            "revenue": 74195
        },
        "2019-10": {
            "month": "2019-10",
            "price": "13.67",
            "revenue": 35583
        },
        "2019-11": {
            "month": "2019-11",
            "price": "13.61",
            "revenue": 56159
        },
        "2019-12": {
            "month": "2019-12",
            "price": "13.23",
            "revenue": 80158
        },
        "2020-01": {
            "month": "2020-01",
            "price": "13.04",
            "revenue": 38533
        },
        "2020-02": {
            "month": "2020-02",
            "price": "13.38",
            "revenue": 49962
        },
        "2020-03": {
            "month": "2020-03",
            "price": "13.66",
            "revenue": 36375
        },
        "2020-04": {
            "month": "2020-04",
            "price": "12.74",
            "revenue": 48480
        },
        "2020-05": {
            "month": "2020-05",
            "price": "12.84",
            "revenue": 35644
        },
        "2020-06": {
            "month": "2020-06",
            "price": "12.79",
            "revenue": 28998
        },
        "2020-07": {
            "month": "2020-07",
            "price": "12.34",
            "revenue": 35883
        },
        "2020-08": {
            "month": "2020-08",
            "price": "18.44",
            "revenue": 33874
        },
        "2020-09": {
            "month": "2020-09",
            "price": "19.97",
            "revenue": 47485
        },
        "2020-10": {
            "month": "2020-10",
            "price": "19.91",
            "revenue": 41993
        },
        "2020-11": {
            "month": "2020-11",
            "price": "15.96",
            "revenue": 21874
        },
        "2020-12": {
            "month": "2020-12",
            "price": "15.25",
            "revenue": 31176
        },
        "2021-01": {
            "month": "2021-01",
            "price": "13.48",
            "revenue": 88639
        },
        "2021-02": {
            "month": "2021-02",
            "price": "13.41",
            "revenue": 65318
        },
        "2021-03": {
            "month": "2021-03",
            "price": "15.65",
            "revenue": 30479
        },
        "2021-04": {
            "month": "2021-04",
            "price": "14.76",
            "revenue": 75910
        },
        "2021-05": {
            "month": "2021-05",
            "price": "13.92",
            "revenue": 33179
        },
        "2021-06": {
            "month": "2021-06",
            "price": "13.27",
            "revenue": 23539
        },
        "2021-07": {
            "month": "2021-07",
            "price": "13.02",
            "revenue": 34892
        },
        "2021-08": {
            "month": "2021-08",
            "price": "12.09",
            "revenue": 64557
        },
        "2021-09": {
            "month": "2021-09",
            "price": "12.08",
            "revenue": 49059
        },
        "2021-10": {
            "month": "2021-10",
            "price": "11.99",
            "revenue": 73172
        },
        "2021-11": {
            "month": "2021-11",
            "price": "11.86",
            "revenue": 57754
        },
        "2021-12": {
            "month": "2021-12",
            "price": "11.69",
            "revenue": 44990
        },
        "2022-01": {
            "month": "2022-01",
            "price": "11.48",
            "revenue": 62281
        },
        "2022-02": {
            "month": "2022-02",
            "price": "11.35",
            "revenue": 69457
        },
        "2022-03": {
            "month": "2022-03",
            "price": "11.52",
            "revenue": 74469
        },
        "2022-04": {
            "month": "2022-04",
            "price": "11.93",
            "revenue": 84144
        },
        "2022-05": {
            "month": "2022-05",
            "price": "14.57",
            "revenue": 39503
        },
        "2022-06": {
            "month": "2022-06",
            "price": "15.49",
            "revenue": 72091
        },
        "2022-07": {
            "month": "2022-07",
            "price": "16.77",
            "revenue": 74491
        },
        "2022-08": {
            "month": "2022-08",
            "price": "25.89",
            "revenue": 59560
        },
        "2022-09": {
            "month": "2022-09",
            "price": "22.13",
            "revenue": 49108
        },
        "2022-10": {
            "month": "2022-10",
            "price": "15.33",
            "revenue": 70081
        },
        "2022-11": {
            "month": "2022-11",
            "price": "17.45",
            "revenue": 13889
        },
        "2022-12": {
            "month": "2022-12",
            "price": "16.94",
            "revenue": 23610
        },
        "2023-01": {
            "month": "2023-01",
            "price": "16.13",
            "revenue": 79262
        },
        "2023-02": {
            "month": "2023-02",
            "price": "17.10",
            "revenue": 7333
        },
        "2023-03": {
            "month": "2023-03",
            "price": "16.34",
            "revenue": 19823
        },
        "2023-04": {
            "month": "2023-04",
            "price": "15.24",
            "revenue": 60273
        }
    }
}
