{
    "summary": {
        "stock_name": "如興",
        "stock_id": "4414",
        "category": "紡織纖維",
        "main_business": "成衣製造、加工、買賣及進出口業務<br>成衣附屬品之加工、買賣及進出口業務<br>代理國內外廠商有關前各項業務之投標、報價、採購、經銷",
        "website_url": "http://www.roohsing.com.tw",
        "ceo": "James Ian Harrison",
        "pe_ratio": -2,
        "report_year_from": 2001,
        "report_year_to": 2023,
        "age": 23,
        "eps_negative_percentage": 57,
        "eps_growth_avg": {
            "last_all": -25.48,
            "last_2y": null,
            "last_4y": null,
            "last_8y": -100,
            "last_12y": -10.73,
            "last_16y": -10.73,
            "last_20y": -28.52,
            "at_2006_last_3y": -50.75,
            "at_2007_last_3y": -67.35,
            "at_2008_last_3y": -94.02,
            "at_2009_last_3y": -100,
            "at_2010_last_3y": null,
            "at_2011_last_3y": 100,
            "at_2012_last_3y": 27.64,
            "at_2013_last_3y": 37.9,
            "at_2014_last_3y": 11.58,
            "at_2015_last_3y": -38.42,
            "at_2016_last_3y": -36.32,
            "at_2017_last_3y": -83.69,
            "at_2018_last_3y": -100,
            "at_2019_last_3y": null,
            "at_2020_last_3y": null,
            "at_2021_last_3y": null,
            "at_2022_last_3y": null,
            "at_2023_last_3y": null,
            "at_2024_last_3y": null,
            "at_2006_last_all": -40.22,
            "at_2007_last_all": -40.22,
            "at_2008_last_all": -40.22,
            "at_2009_last_all": -40.22,
            "at_2010_last_all": -40.22,
            "at_2011_last_all": -16.85,
            "at_2012_last_all": -20.83,
            "at_2013_last_all": -10.92,
            "at_2014_last_all": -17.2,
            "at_2015_last_all": -25.48,
            "at_2016_last_all": -25.48,
            "at_2017_last_all": -25.48,
            "at_2018_last_all": -25.48,
            "at_2019_last_all": -25.48,
            "at_2020_last_all": -25.48,
            "at_2021_last_all": -25.48,
            "at_2022_last_all": -25.48,
            "at_2023_last_all": -25.48,
            "at_2024_last_all": -25.48
        },
        "latest_eps": -2,
        "latest_price": 3.64,
        "latest_roe": -34.33,
        "latest_gross_margin": 16.62,
        "latest_equity": 4171266,
        "latest_revenue": 3826213,
        "latest_gross_profit": 636065,
        "latest_net_income": 24521,
        "latest_debt_ratio": 68.49,
        "latest_current_ratio": 89.66,
        "latest_account_receivable_turnover_ratio": 1.87,
        "latest_inventory_turnover_ratio": 1.02,
        "latest_reinvestment_rate": null,
        "latest_research_to_sale_ratio": 0
    },
    "eps_dividends": {
        "1998": {
            "cash": 0,
            "stock": 1.2,
            "eps": 0
        },
        "1999": {
            "cash": 0,
            "stock": 2,
            "eps": 0
        },
        "2000": {
            "cash": 0,
            "stock": 2,
            "eps": 0
        },
        "2001": {
            "cash": 0,
            "stock": 1,
            "eps": 1.06
        },
        "2002": {
            "cash": 0,
            "stock": 1,
            "eps": 1.08
        },
        "2003": {
            "cash": 0,
            "stock": 1.2,
            "eps": 1.07
        },
        "2004": {
            "cash": 0.3,
            "stock": 0.8,
            "eps": 0.92
        },
        "2005": {
            "cash": 0.3,
            "stock": 0.7,
            "eps": 0.11
        },
        "2006": {
            "cash": 0,
            "stock": 0.2,
            "eps": -0.41
        },
        "2007": {
            "cash": 0,
            "stock": 0,
            "eps": -0.62
        },
        "2008": {
            "cash": 0,
            "stock": 0,
            "eps": -4.69
        },
        "2009": {
            "cash": 0,
            "stock": 0,
            "eps": -2.37
        },
        "2010": {
            "cash": 0,
            "stock": 0,
            "eps": 0.26
        },
        "2011": {
            "cash": 0,
            "stock": 0,
            "eps": 1.61
        },
        "2012": {
            "cash": 0,
            "stock": 0,
            "eps": 0.89
        },
        "2013": {
            "cash": 0,
            "stock": 0.5,
            "eps": 1.41
        },
        "2014": {
            "cash": 0,
            "stock": 0.94,
            "eps": 0.46
        },
        "2015": {
            "cash": 0,
            "stock": 0.4,
            "eps": -3.68
        },
        "2016": {
            "cash": 0,
            "stock": 0,
            "eps": -1.9
        },
        "2017": {
            "cash": 0,
            "stock": 0,
            "eps": -1.28
        },
        "2018": {
            "cash": 0,
            "stock": 0,
            "eps": -0.52
        },
        "2019": {
            "cash": 0,
            "stock": 0,
            "eps": -1.36
        },
        "2020": {
            "cash": 0,
            "stock": 0,
            "eps": -0.14
        },
        "2021": {
            "cash": 0,
            "stock": 0,
            "eps": -2.31
        },
        "2022": {
            "cash": 0,
            "stock": 0,
            "eps": -2.72
        },
        "2023": {
            "cash": 0,
            "stock": 0,
            "eps": -0.7
        }
    },
    "dividends": {
        "1998-05-20": {
            "cash": 0,
            "stock": 1.2
        },
        "1999-06-26": {
            "cash": 0,
            "stock": 2
        },
        "2000-04-27": {
            "cash": 0,
            "stock": 2
        },
        "2001-06-15": {
            "cash": 0,
            "stock": 1
        },
        "2002-06-18": {
            "cash": 0,
            "stock": 1
        },
        "2003-04-14": {
            "cash": 0,
            "stock": 1.2
        },
        "2004-04-15": {
            "cash": 0.3,
            "stock": 0.8
        },
        "2005-04-25": {
            "cash": 0.3,
            "stock": 0.7
        },
        "2006-04-04": {
            "cash": 0,
            "stock": 0.2
        },
        "2013-03-27": {
            "cash": 0,
            "stock": 0.5
        },
        "2014-06-27": {
            "cash": 0,
            "stock": 0.94
        },
        "2015-03-19": {
            "cash": 0,
            "stock": 0.4
        }
    },
    "prices": {
        "200101": "20.26",
        "200102": "20.52",
        "200103": "26.25",
        "200104": "23.82",
        "200105": "18.21",
        "200106": "16.56",
        "200107": "13.61",
        "200108": "12.69",
        "200109": "10.42",
        "200110": "9.64",
        "200111": "8.57",
        "200112": "13.49",
        "200201": "17.63",
        "200202": "17.92",
        "200203": "19.78",
        "200204": "24.27",
        "200205": "18.95",
        "200206": "16.27",
        "200207": "14.63",
        "200208": "13.85",
        "200209": "12.36",
        "200210": "11.69",
        "200211": "13.01",
        "200212": "13.45",
        "200301": "14.55",
        "200302": "14.14",
        "200303": "11.92",
        "200304": "11.70",
        "200305": "11.24",
        "200306": "12.94",
        "200307": "12.67",
        "200308": "11.97",
        "200309": "12.03",
        "200310": "14.34",
        "200311": "16.22",
        "200312": "16.53",
        "200401": "17.33",
        "200402": "17.35",
        "200403": "15.63",
        "200404": "14.19",
        "200405": "12.20",
        "200406": "12.17",
        "200407": "11.46",
        "200408": "10.85",
        "200409": "11.69",
        "200410": "11.44",
        "200411": "11.77",
        "200412": "11.63",
        "200501": "10.76",
        "200502": "10.54",
        "200503": "10.48",
        "200504": "10.23",
        "200505": "10.11",
        "200506": "10.10",
        "200507": "10.14",
        "200508": "8.56",
        "200509": "8.20",
        "200510": "8.04",
        "200511": "7.11",
        "200512": "7.55",
        "200601": "7.16",
        "200602": "7.09",
        "200603": "6.92",
        "200604": "6.93",
        "200605": "7.13",
        "200606": "6.74",
        "200607": "6.90",
        "200608": "6.61",
        "200609": "6.42",
        "200610": "6.26",
        "200611": "6.76",
        "200612": "7.03",
        "200701": "6.95",
        "200702": "6.80",
        "200703": "6.49",
        "200704": "6.68",
        "200705": "6.74",
        "200706": "6.78",
        "200707": "8.14",
        "200708": "7.18",
        "200709": "6.73",
        "200710": "6.72",
        "200711": "5.50",
        "200712": "4.67",
        "200801": "4.46",
        "200802": "4.45",
        "200803": "5.18",
        "200804": "5.51",
        "200805": "4.99",
        "200806": "4.32",
        "200807": "3.87",
        "200808": "4.26",
        "200809": "2.65",
        "200810": "1.97",
        "200811": "1.20",
        "200812": "1.80",
        "200901": "1.83",
        "200902": "1.48",
        "200903": "1.66",
        "200904": "2.09",
        "200905": "2.33",
        "200906": "2.91",
        "200907": "2.94",
        "200908": "2.93",
        "200909": "2.91",
        "200910": "3.10",
        "200911": "5.92",
        "200912": "5.82",
        "201001": "6.34",
        "201002": "5.76",
        "201003": "5.90",
        "201004": "6.08",
        "201005": "5.33",
        "201006": "4.86",
        "201007": "4.68",
        "201008": "5.19",
        "201009": "4.92",
        "201010": "4.98",
        "201011": "4.91",
        "201012": "8.24",
        "201101": "8.56",
        "201102": "11.30",
        "201103": "12.17",
        "201104": "11.90",
        "201105": "11.15",
        "201106": "10.52",
        "201107": "10.49",
        "201108": "11.06",
        "201109": "10.88",
        "201110": "10.78",
        "201111": "10.44",
        "201112": "8.80",
        "201201": "8.69",
        "201202": "9.79",
        "201203": "9.56",
        "201204": "8.36",
        "201205": "7.13",
        "201206": "6.42",
        "201207": "6.61",
        "201208": "7.64",
        "201209": "8.56",
        "201210": "8.95",
        "201211": "9.36",
        "201212": "9.28",
        "201301": "9.76",
        "201302": "10.44",
        "201303": "10.05",
        "201304": "9.67",
        "201305": "10.32",
        "201306": "12.65",
        "201307": "12.35",
        "201308": "12.87",
        "201309": "13.30",
        "201310": "15.86",
        "201311": "14.80",
        "201312": "14.47",
        "201401": "14.24",
        "201402": "15.29",
        "201403": "18.14",
        "201404": "18.76",
        "201405": "19.75",
        "201406": "21.84",
        "201407": "19.71",
        "201408": "18.11",
        "201409": "17.33",
        "201410": "14.99",
        "201411": "14.09",
        "201412": "15.84",
        "201501": "18.14",
        "201502": "17.11",
        "201503": "17.37",
        "201504": "16.86",
        "201505": "16.88",
        "201506": "15.42",
        "201507": "15.00",
        "201508": "14.97",
        "201509": "17.32",
        "201510": "18.03",
        "201511": "18.63",
        "201512": "19.84",
        "201601": "18.42",
        "201602": "19.73",
        "201603": "24.31",
        "201604": "22.56",
        "201605": "21.73",
        "201606": "21.07",
        "201607": "21.40",
        "201608": "20.14",
        "201609": "19.33",
        "201610": "19.05",
        "201611": "17.98",
        "201612": "17.53",
        "201701": "18.91",
        "201702": "19.68",
        "201703": "20.07",
        "201704": "18.59",
        "201705": "19.06",
        "201706": "19.53",
        "201707": "18.36",
        "201708": "18.73",
        "201709": "20.31",
        "201710": "19.55",
        "201711": "18.91",
        "201712": "17.76",
        "201801": "17.90",
        "201802": "17.57",
        "201803": "16.58",
        "201804": "14.85",
        "201805": "15.65",
        "201806": "15.02",
        "201807": "14.90",
        "201808": "14.18",
        "201809": "13.72",
        "201810": "13.50",
        "201811": "13.52",
        "201812": "13.63",
        "201901": "14.41",
        "201902": "14.96",
        "201903": "14.81",
        "201904": "14.02",
        "201905": "14.28",
        "201906": "14.05",
        "201907": "14.07",
        "201908": "11.14",
        "201909": "12.10",
        "201910": "11.32",
        "201911": "11.53",
        "201912": "11.92",
        "202001": "11.54",
        "202002": "10.34",
        "202003": "9.05",
        "202004": "8.64",
        "202005": "8.76",
        "202006": "11.72",
        "202007": "13.89",
        "202008": "13.32",
        "202009": "12.74",
        "202010": "11.91",
        "202011": "11.31",
        "202012": "11.28",
        "202101": "9.96",
        "202102": "9.88",
        "202103": "9.89",
        "202104": "10.77",
        "202105": "10.00",
        "202106": "9.46",
        "202107": "8.97",
        "202108": "8.38",
        "202109": "7.97",
        "202110": "8.22",
        "202111": "7.79",
        "202112": "6.99",
        "202201": "6.78",
        "202202": "6.78",
        "202203": "6.26",
        "202204": "5.38",
        "202205": "4.79",
        "202206": "5.07",
        "202207": "4.47",
        "202208": "3.03",
        "202209": "無",
        "202210": "無",
        "202211": "無",
        "202212": "無",
        "202301": "無",
        "202302": "無",
        "202303": "無",
        "202304": "無",
        "202305": "無",
        "202306": "3.83",
        "202307": "4.48",
        "202308": "3.87",
        "202309": "3.92",
        "202310": "3.51",
        "202311": "3.75",
        "202312": "3.69"
    },
    "quarters": {
        "20011": {
            "year_quarter": 20011,
            "year": 2001,
            "quarter": 1,
            "eps": 0.73,
            "eps_growth_year": 92.11,
            "eps_4q": 0.69,
            "eps_4q_growth_year": -60.63,
            "roe": 4.4,
            "roe_4q": 4.4,
            "gross_profit": 92974,
            "gross_margin": 17.42,
            "gross_margin_4q_avg": 17.42,
            "net_income": 30113,
            "net_income_4q": null,
            "revenue": 533691,
            "revenue_4q": null,
            "common_shares": 422560,
            "book_valuer_per_share": 16.33,
            "book_valuer_per_share_4q_avg": 16.33,
            "equity": 690128,
            "current_ratio": 58.07,
            "debt_ratio": 65.43,
            "inventory_turnover_ratio": 1.11,
            "account_receivable_turnover_ratio": null,
            "reinvestment_rate": null,
            "research_to_sale_ratio": null,
            "price_fair": 0,
            "eps_avg_yearly": 0,
            "eps_latest_yearly": 0,
            "eps_growth_yearly": 0
        },
        "20012": {
            "year_quarter": 20012,
            "year": 2001,
            "quarter": 2,
            "eps": -0.32,
            "eps_growth_year": -139.51,
            "eps_4q": -0.19,
            "eps_4q_growth_year": -109.69,
            "roe": -2.01,
            "roe_4q": 2.3900000000000006,
            "gross_profit": 77564,
            "gross_margin": 18.56,
            "gross_margin_4q_avg": 17.99,
            "net_income": -14626,
            "net_income_4q": null,
            "revenue": 417860,
            "revenue_4q": null,
            "common_shares": 422560,
            "book_valuer_per_share": 18.03,
            "book_valuer_per_share_4q_avg": 17.18,
            "equity": 761906,
            "current_ratio": 57.77,
            "debt_ratio": 60.96,
            "inventory_turnover_ratio": 1.21,
            "account_receivable_turnover_ratio": null,
            "reinvestment_rate": null,
            "research_to_sale_ratio": null,
            "price_fair": 0,
            "eps_avg_yearly": 0,
            "eps_latest_yearly": 0,
            "eps_growth_yearly": 0
        },
        "20013": {
            "year_quarter": 20013,
            "year": 2001,
            "quarter": 3,
            "eps": 0.11,
            "eps_growth_year": -42.11,
            "eps_4q": -0.19,
            "eps_4q_growth_year": -112.2,
            "roe": 0.7,
            "roe_4q": 3.0900000000000007,
            "gross_profit": 62271,
            "gross_margin": 17.15,
            "gross_margin_4q_avg": 17.71,
            "net_income": 5257,
            "net_income_4q": null,
            "revenue": 363062,
            "revenue_4q": null,
            "common_shares": 422560,
            "book_valuer_per_share": 17.55,
            "book_valuer_per_share_4q_avg": 17.3,
            "equity": 741536,
            "current_ratio": 56.47,
            "debt_ratio": 62.85,
            "inventory_turnover_ratio": 1.22,
            "account_receivable_turnover_ratio": null,
            "reinvestment_rate": null,
            "research_to_sale_ratio": null,
            "price_fair": 0,
            "eps_avg_yearly": 0,
            "eps_latest_yearly": 0,
            "eps_growth_yearly": 0
        },
        "20014": {
            "year_quarter": 20014,
            "year": 2001,
            "quarter": 4,
            "eps": 0.54,
            "eps_growth_year": null,
            "eps_4q": 0.96,
            "eps_4q_growth_year": 298.63,
            "roe": 3.15,
            "roe_4q": 6.24,
            "gross_profit": 90092,
            "gross_margin": 18.05,
            "gross_margin_4q_avg": 17.8,
            "net_income": 26881,
            "net_income_4q": null,
            "revenue": 499248,
            "revenue_4q": null,
            "common_shares": 614816,
            "book_valuer_per_share": 15.71,
            "book_valuer_per_share_4q_avg": 16.91,
            "equity": 965726,
            "current_ratio": 86.84,
            "debt_ratio": 60.53,
            "inventory_turnover_ratio": 1.19,
            "account_receivable_turnover_ratio": null,
            "reinvestment_rate": null,
            "research_to_sale_ratio": null,
            "price_fair": 0,
            "eps_avg_yearly": 0,
            "eps_latest_yearly": 0,
            "eps_growth_yearly": 0
        },
        "20021": {
            "year_quarter": 20021,
            "year": 2002,
            "quarter": 1,
            "eps": 0.53,
            "eps_growth_year": -27.4,
            "eps_4q": 0.81,
            "eps_4q_growth_year": 17.86,
            "roe": 3.33,
            "roe_4q": 5.170000000000001,
            "gross_profit": 129756,
            "gross_margin": 18.86,
            "gross_margin_4q_avg": 18.16,
            "net_income": 32710,
            "net_income_4q": null,
            "revenue": 688019,
            "revenue_4q": null,
            "common_shares": 614816,
            "book_valuer_per_share": 16.22,
            "book_valuer_per_share_4q_avg": 16.88,
            "equity": 997158,
            "current_ratio": 84.62,
            "debt_ratio": 59.05,
            "inventory_turnover_ratio": 1.37,
            "account_receivable_turnover_ratio": null,
            "reinvestment_rate": null,
            "research_to_sale_ratio": null,
            "price_fair": 6.36,
            "eps_avg_yearly": 2.12,
            "eps_latest_yearly": 2.12,
            "eps_growth_yearly": -7.41
        },
        "20022": {
            "year_quarter": 20022,
            "year": 2002,
            "quarter": 2,
            "eps": 0.18,
            "eps_growth_year": null,
            "eps_4q": 1.25,
            "eps_4q_growth_year": null,
            "roe": 1.11,
            "roe_4q": 8.29,
            "gross_profit": 116491,
            "gross_margin": 15.15,
            "gross_margin_4q_avg": 17.3,
            "net_income": 10893,
            "net_income_4q": null,
            "revenue": 769000,
            "revenue_4q": null,
            "common_shares": 614816,
            "book_valuer_per_share": 15.58,
            "book_valuer_per_share_4q_avg": 16.27,
            "equity": 957757,
            "current_ratio": 74.85,
            "debt_ratio": 59.6,
            "inventory_turnover_ratio": 1.46,
            "account_receivable_turnover_ratio": null,
            "reinvestment_rate": null,
            "research_to_sale_ratio": null,
            "price_fair": 4.26,
            "eps_avg_yearly": 1.42,
            "eps_latest_yearly": 0.72,
            "eps_growth_yearly": -135.78
        },
        "20023": {
            "year_quarter": 20023,
            "year": 2002,
            "quarter": 3,
            "eps": 0.12,
            "eps_growth_year": 9.09,
            "eps_4q": 1.13,
            "eps_4q_growth_year": null,
            "roe": 0.85,
            "roe_4q": 8.44,
            "gross_profit": 103748,
            "gross_margin": 15.72,
            "gross_margin_4q_avg": 16.95,
            "net_income": 8358,
            "net_income_4q": null,
            "revenue": 659924,
            "revenue_4q": null,
            "common_shares": 676298,
            "book_valuer_per_share": 15.02,
            "book_valuer_per_share_4q_avg": 15.63,
            "equity": 1015618,
            "current_ratio": 72.91,
            "debt_ratio": 60.01,
            "inventory_turnover_ratio": 0.93,
            "account_receivable_turnover_ratio": null,
            "reinvestment_rate": null,
            "research_to_sale_ratio": null,
            "price_fair": 3.32,
            "eps_avg_yearly": 1.11,
            "eps_latest_yearly": 0.48,
            "eps_growth_yearly": -134.96
        },
        "20024": {
            "year_quarter": 20024,
            "year": 2002,
            "quarter": 4,
            "eps": 0.25,
            "eps_growth_year": -53.7,
            "eps_4q": 1,
            "eps_4q_growth_year": 4.89,
            "roe": 1.69,
            "roe_4q": 6.98,
            "gross_profit": 111794,
            "gross_margin": 12.7,
            "gross_margin_4q_avg": 15.61,
            "net_income": 17239,
            "net_income_4q": null,
            "revenue": 880518,
            "revenue_4q": null,
            "common_shares": 676298,
            "book_valuer_per_share": 15.19,
            "book_valuer_per_share_4q_avg": 15.5,
            "equity": 1027123,
            "current_ratio": 103.69,
            "debt_ratio": 65.34,
            "inventory_turnover_ratio": 0.97,
            "account_receivable_turnover_ratio": null,
            "reinvestment_rate": 436.37,
            "research_to_sale_ratio": null,
            "price_fair": 18.48,
            "eps_avg_yearly": 1.08,
            "eps_latest_yearly": 1,
            "eps_growth_yearly": 7.11
        },
        "20031": {
            "year_quarter": 20031,
            "year": 2003,
            "quarter": 1,
            "eps": 0.33,
            "eps_growth_year": -37.74,
            "eps_4q": 0.87,
            "eps_4q_growth_year": 6.46,
            "roe": 2.16,
            "roe_4q": 5.8100000000000005,
            "gross_profit": 89951,
            "gross_margin": 11.06,
            "gross_margin_4q_avg": 13.66,
            "net_income": 22453,
            "net_income_4q": null,
            "revenue": 813329,
            "revenue_4q": null,
            "common_shares": 676298,
            "book_valuer_per_share": 15.52,
            "book_valuer_per_share_4q_avg": 15.33,
            "equity": 1049571,
            "current_ratio": 86.5,
            "debt_ratio": 60.8,
            "inventory_turnover_ratio": 0.87,
            "account_receivable_turnover_ratio": null,
            "reinvestment_rate": -13.13,
            "research_to_sale_ratio": null,
            "price_fair": 39.48,
            "eps_avg_yearly": 1.13,
            "eps_latest_yearly": 1.32,
            "eps_growth_yearly": 31.29
        },
        "20032": {
            "year_quarter": 20032,
            "year": 2003,
            "quarter": 2,
            "eps": 0.09,
            "eps_growth_year": -50,
            "eps_4q": 0.84,
            "eps_4q_growth_year": -33.27,
            "roe": 0.55,
            "roe_4q": 5.25,
            "gross_profit": 89299,
            "gross_margin": 11.05,
            "gross_margin_4q_avg": 12.63,
            "net_income": 5803,
            "net_income_4q": null,
            "revenue": 808151,
            "revenue_4q": null,
            "common_shares": 676298,
            "book_valuer_per_share": 15.47,
            "book_valuer_per_share_4q_avg": 15.3,
            "equity": 1046061,
            "current_ratio": 92.38,
            "debt_ratio": 60.87,
            "inventory_turnover_ratio": 1.01,
            "account_receivable_turnover_ratio": null,
            "reinvestment_rate": -15.74,
            "research_to_sale_ratio": null,
            "price_fair": 3,
            "eps_avg_yearly": 1,
            "eps_latest_yearly": 0.36,
            "eps_growth_yearly": -22.41
        },
        "20033": {
            "year_quarter": 20033,
            "year": 2003,
            "quarter": 3,
            "eps": 0.29,
            "eps_growth_year": 141.67,
            "eps_4q": 0.89,
            "eps_4q_growth_year": -21.17,
            "roe": 2.1,
            "roe_4q": 6.5,
            "gross_profit": 79685,
            "gross_margin": 12.72,
            "gross_margin_4q_avg": 11.88,
            "net_income": 21904,
            "net_income_4q": null,
            "revenue": 626654,
            "revenue_4q": null,
            "common_shares": 757454,
            "book_valuer_per_share": 13.67,
            "book_valuer_per_share_4q_avg": 14.96,
            "equity": 1035784,
            "current_ratio": 82.92,
            "debt_ratio": 60,
            "inventory_turnover_ratio": 0.78,
            "account_receivable_turnover_ratio": null,
            "reinvestment_rate": -16.76,
            "research_to_sale_ratio": null,
            "price_fair": 35.8,
            "eps_avg_yearly": 1.02,
            "eps_latest_yearly": 1.16,
            "eps_growth_yearly": 107.77
        },
        "20034": {
            "year_quarter": 20034,
            "year": 2003,
            "quarter": 4,
            "eps": 0.36,
            "eps_growth_year": 44,
            "eps_4q": 1.01,
            "eps_4q_growth_year": 1.12,
            "roe": 2.43,
            "roe_4q": 7.24,
            "gross_profit": 100506,
            "gross_margin": 13.25,
            "gross_margin_4q_avg": 12.02,
            "net_income": 27579,
            "net_income_4q": null,
            "revenue": 758405,
            "revenue_4q": null,
            "common_shares": 896390,
            "book_valuer_per_share": 13.77,
            "book_valuer_per_share_4q_avg": 14.61,
            "equity": 1234278,
            "current_ratio": 129.86,
            "debt_ratio": 59.2,
            "inventory_turnover_ratio": 0.76,
            "account_receivable_turnover_ratio": null,
            "reinvestment_rate": 365.77,
            "research_to_sale_ratio": null,
            "price_fair": 37.63,
            "eps_avg_yearly": 1.08,
            "eps_latest_yearly": 1.44,
            "eps_growth_yearly": 106.37
        },
        "20041": {
            "year_quarter": 20041,
            "year": 2004,
            "quarter": 1,
            "eps": 0.21,
            "eps_growth_year": -36.36,
            "eps_4q": 0.82,
            "eps_4q_growth_year": -4.95,
            "roe": 1.53,
            "roe_4q": 6.61,
            "gross_profit": 86520,
            "gross_margin": 11.26,
            "gross_margin_4q_avg": 12.07,
            "net_income": 18927,
            "net_income_4q": null,
            "revenue": 768491,
            "revenue_4q": null,
            "common_shares": 921651,
            "book_valuer_per_share": 13.51,
            "book_valuer_per_share_4q_avg": 14.11,
            "equity": 1245172,
            "current_ratio": 106.51,
            "debt_ratio": 55.19,
            "inventory_turnover_ratio": 0.76,
            "account_receivable_turnover_ratio": null,
            "reinvestment_rate": -14.12,
            "research_to_sale_ratio": null,
            "price_fair": 36.71,
            "eps_avg_yearly": 1.05,
            "eps_latest_yearly": 0.84,
            "eps_growth_yearly": 76.03
        },
        "20042": {
            "year_quarter": 20042,
            "year": 2004,
            "quarter": 2,
            "eps": 0.15,
            "eps_growth_year": 66.67,
            "eps_4q": 0.92,
            "eps_4q_growth_year": 9.91,
            "roe": 1.07,
            "roe_4q": 7.130000000000001,
            "gross_profit": 95377,
            "gross_margin": 12.01,
            "gross_margin_4q_avg": 12.31,
            "net_income": 13362,
            "net_income_4q": null,
            "revenue": 794067,
            "revenue_4q": null,
            "common_shares": 928707,
            "book_valuer_per_share": 13.52,
            "book_valuer_per_share_4q_avg": 13.62,
            "equity": 1255339,
            "current_ratio": 98.31,
            "debt_ratio": 56.13,
            "inventory_turnover_ratio": 0.86,
            "account_receivable_turnover_ratio": null,
            "reinvestment_rate": -14.02,
            "research_to_sale_ratio": null,
            "price_fair": 35.14,
            "eps_avg_yearly": 1,
            "eps_latest_yearly": 0.6,
            "eps_growth_yearly": 57
        },
        "20043": {
            "year_quarter": 20043,
            "year": 2004,
            "quarter": 3,
            "eps": 0.18,
            "eps_growth_year": -37.93,
            "eps_4q": 0.78,
            "eps_4q_growth_year": -12.74,
            "roe": 1.43,
            "roe_4q": 6.460000000000001,
            "gross_profit": 83911,
            "gross_margin": 12.16,
            "gross_margin_4q_avg": 12.17,
            "net_income": 18001,
            "net_income_4q": null,
            "revenue": 690319,
            "revenue_4q": null,
            "common_shares": 1002439,
            "book_valuer_per_share": 12.53,
            "book_valuer_per_share_4q_avg": 13.33,
            "equity": 1256462,
            "current_ratio": 117.76,
            "debt_ratio": 57.1,
            "inventory_turnover_ratio": 0.66,
            "account_receivable_turnover_ratio": null,
            "reinvestment_rate": -13.47,
            "research_to_sale_ratio": null,
            "price_fair": 34.24,
            "eps_avg_yearly": 0.98,
            "eps_latest_yearly": 0.72,
            "eps_growth_yearly": 59.09
        },
        "20044": {
            "year_quarter": 20044,
            "year": 2004,
            "quarter": 4,
            "eps": 0.38,
            "eps_growth_year": 5.56,
            "eps_4q": 0.89,
            "eps_4q_growth_year": -12.11,
            "roe": 3.03,
            "roe_4q": 7.0600000000000005,
            "gross_profit": 150774,
            "gross_margin": 15.72,
            "gross_margin_4q_avg": 12.79,
            "net_income": 37337,
            "net_income_4q": null,
            "revenue": 959091,
            "revenue_4q": null,
            "common_shares": 1010040,
            "book_valuer_per_share": 11.97,
            "book_valuer_per_share_4q_avg": 12.88,
            "equity": 1209154,
            "current_ratio": 147.71,
            "debt_ratio": 65.32,
            "inventory_turnover_ratio": 0.69,
            "account_receivable_turnover_ratio": null,
            "reinvestment_rate": 19.94,
            "research_to_sale_ratio": null,
            "price_fair": 35.82,
            "eps_avg_yearly": 1.02,
            "eps_latest_yearly": 1.52,
            "eps_growth_yearly": 91.21
        },
        "20051": {
            "year_quarter": 20051,
            "year": 2005,
            "quarter": 1,
            "eps": -0.16,
            "eps_growth_year": -176.19,
            "eps_4q": 0.51,
            "eps_4q_growth_year": -38.31,
            "roe": -1.37,
            "roe_4q": 4.16,
            "gross_profit": 93478,
            "gross_margin": 10.36,
            "gross_margin_4q_avg": 12.56,
            "net_income": -16455,
            "net_income_4q": null,
            "revenue": 902341,
            "revenue_4q": null,
            "common_shares": 1010040,
            "book_valuer_per_share": 11.75,
            "book_valuer_per_share_4q_avg": 12.44,
            "equity": 1186709,
            "current_ratio": 132.89,
            "debt_ratio": 62.09,
            "inventory_turnover_ratio": 0.66,
            "account_receivable_turnover_ratio": null,
            "reinvestment_rate": -12.93,
            "research_to_sale_ratio": null,
            "price_fair": 35.82,
            "eps_avg_yearly": 1.02,
            "eps_latest_yearly": 1.52,
            "eps_growth_yearly": 91.21
        },
        "20052": {
            "year_quarter": 20052,
            "year": 2005,
            "quarter": 2,
            "eps": 0.11,
            "eps_growth_year": -26.67,
            "eps_4q": 0.52,
            "eps_4q_growth_year": -42.99,
            "roe": 0.88,
            "roe_4q": 3.9699999999999998,
            "gross_profit": 96468,
            "gross_margin": 11.99,
            "gross_margin_4q_avg": 12.56,
            "net_income": 10347,
            "net_income_4q": null,
            "revenue": 804886,
            "revenue_4q": null,
            "common_shares": 1010040,
            "book_valuer_per_share": 11.53,
            "book_valuer_per_share_4q_avg": 11.95,
            "equity": 1164373,
            "current_ratio": 136.22,
            "debt_ratio": 62.72,
            "inventory_turnover_ratio": 0.64,
            "account_receivable_turnover_ratio": null,
            "reinvestment_rate": -11.15,
            "research_to_sale_ratio": null,
            "price_fair": 35.82,
            "eps_avg_yearly": 1.02,
            "eps_latest_yearly": 1.52,
            "eps_growth_yearly": 91.21
        },
        "20053": {
            "year_quarter": 20053,
            "year": 2005,
            "quarter": 3,
            "eps": 0.07,
            "eps_growth_year": -61.11,
            "eps_4q": 0.36,
            "eps_4q_growth_year": -53.36,
            "roe": 0.62,
            "roe_4q": 3.1599999999999997,
            "gross_profit": 71910,
            "gross_margin": 9.43,
            "gross_margin_4q_avg": 11.88,
            "net_income": 7456,
            "net_income_4q": null,
            "revenue": 762675,
            "revenue_4q": null,
            "common_shares": 1078642,
            "book_valuer_per_share": 11.36,
            "book_valuer_per_share_4q_avg": 11.65,
            "equity": 1224804,
            "current_ratio": 198.21,
            "debt_ratio": 60.6,
            "inventory_turnover_ratio": 0.61,
            "account_receivable_turnover_ratio": null,
            "reinvestment_rate": -10.5,
            "research_to_sale_ratio": null,
            "price_fair": 33.82,
            "eps_avg_yearly": 0.97,
            "eps_latest_yearly": 0.28,
            "eps_growth_yearly": 73
        },
        "20054": {
            "year_quarter": 20054,
            "year": 2005,
            "quarter": 4,
            "eps": 0.09,
            "eps_growth_year": -76.32,
            "eps_4q": 0.1,
            "eps_4q_growth_year": -88.53,
            "roe": 0.79,
            "roe_4q": 0.9199999999999999,
            "gross_profit": 101249,
            "gross_margin": 12.58,
            "gross_margin_4q_avg": 11.09,
            "net_income": 9893,
            "net_income_4q": null,
            "revenue": 804983,
            "revenue_4q": null,
            "common_shares": 1128074,
            "book_valuer_per_share": 11.22,
            "book_valuer_per_share_4q_avg": 11.47,
            "equity": 1267203,
            "current_ratio": 185.61,
            "debt_ratio": 63.58,
            "inventory_turnover_ratio": 0.51,
            "account_receivable_turnover_ratio": null,
            "reinvestment_rate": -61.25,
            "research_to_sale_ratio": null,
            "price_fair": 32.3,
            "eps_avg_yearly": 0.92,
            "eps_latest_yearly": 0.36,
            "eps_growth_yearly": 75.95
        },
        "20061": {
            "year_quarter": 20061,
            "year": 2006,
            "quarter": 1,
            "eps": 0.11,
            "eps_growth_year": null,
            "eps_4q": 0.38,
            "eps_4q_growth_year": -25.83,
            "roe": 0.9,
            "roe_4q": 3.19,
            "gross_profit": 129188,
            "gross_margin": 13.19,
            "gross_margin_4q_avg": 11.8,
            "net_income": 11419,
            "net_income_4q": null,
            "revenue": 979693,
            "revenue_4q": null,
            "common_shares": 1131711,
            "book_valuer_per_share": 11.17,
            "book_valuer_per_share_4q_avg": 11.32,
            "equity": 1263950,
            "current_ratio": 178.8,
            "debt_ratio": 61.26,
            "inventory_turnover_ratio": 0.57,
            "account_receivable_turnover_ratio": null,
            "reinvestment_rate": -10.75,
            "research_to_sale_ratio": null,
            "price_fair": 28.1,
            "eps_avg_yearly": 0.8,
            "eps_latest_yearly": 0.44,
            "eps_growth_yearly": 82.83
        },
        "20062": {
            "year_quarter": 20062,
            "year": 2006,
            "quarter": 2,
            "eps": -0.01,
            "eps_growth_year": -109.09,
            "eps_4q": 0.25,
            "eps_4q_growth_year": -52.86,
            "roe": -0.07,
            "roe_4q": 2.24,
            "gross_profit": 115716,
            "gross_margin": 13.29,
            "gross_margin_4q_avg": 12.12,
            "net_income": -846,
            "net_income_4q": null,
            "revenue": 870578,
            "revenue_4q": null,
            "common_shares": 1131711,
            "book_valuer_per_share": 11.12,
            "book_valuer_per_share_4q_avg": 11.22,
            "equity": 1258481,
            "current_ratio": 157.05,
            "debt_ratio": 63.53,
            "inventory_turnover_ratio": 0.56,
            "account_receivable_turnover_ratio": null,
            "reinvestment_rate": -11.03,
            "research_to_sale_ratio": null,
            "price_fair": 28.32,
            "eps_avg_yearly": 0.81,
            "eps_latest_yearly": 0.44,
            "eps_growth_yearly": 109.52
        },
        "20063": {
            "year_quarter": 20063,
            "year": 2006,
            "quarter": 3,
            "eps": -0.07,
            "eps_growth_year": -200,
            "eps_4q": 0.09,
            "eps_4q_growth_year": -74.01,
            "roe": -0.62,
            "roe_4q": 1,
            "gross_profit": 103544,
            "gross_margin": 12.72,
            "gross_margin_4q_avg": 12.95,
            "net_income": -8198,
            "net_income_4q": null,
            "revenue": 814142,
            "revenue_4q": null,
            "common_shares": 1299772,
            "book_valuer_per_share": 10.81,
            "book_valuer_per_share_4q_avg": 11.08,
            "equity": 1404854,
            "current_ratio": 184.94,
            "debt_ratio": 57.76,
            "inventory_turnover_ratio": 0.55,
            "account_receivable_turnover_ratio": null,
            "reinvestment_rate": -12.07,
            "research_to_sale_ratio": null,
            "price_fair": 29.28,
            "eps_avg_yearly": 0.84,
            "eps_latest_yearly": 0.44,
            "eps_growth_yearly": 129.76
        },
        "20064": {
            "year_quarter": 20064,
            "year": 2006,
            "quarter": 4,
            "eps": -0.44,
            "eps_growth_year": -588.89,
            "eps_4q": -0.39,
            "eps_4q_growth_year": -476.95,
            "roe": -3.58,
            "roe_4q": -3.3700000000000006,
            "gross_profit": 51952,
            "gross_margin": 14.33,
            "gross_margin_4q_avg": 13.38,
            "net_income": -50831,
            "net_income_4q": null,
            "revenue": 362663,
            "revenue_4q": null,
            "common_shares": 1398044,
            "book_valuer_per_share": 10.29,
            "book_valuer_per_share_4q_avg": 10.85,
            "equity": 1438366,
            "current_ratio": 488.67,
            "debt_ratio": 59.8,
            "inventory_turnover_ratio": 0.21,
            "account_receivable_turnover_ratio": null,
            "reinvestment_rate": -199.96,
            "research_to_sale_ratio": null,
            "price_fair": 28.76,
            "eps_avg_yearly": 0.82,
            "eps_latest_yearly": 0.44,
            "eps_growth_yearly": 102.16
        },
        "20071": {
            "year_quarter": 20071,
            "year": 2007,
            "quarter": 1,
            "eps": 0.03,
            "eps_growth_year": -72.73,
            "eps_4q": -0.39,
            "eps_4q_growth_year": -203.66,
            "roe": 0.29,
            "roe_4q": -3.98,
            "gross_profit": 78948,
            "gross_margin": 12.24,
            "gross_margin_4q_avg": 13.15,
            "net_income": 4271,
            "net_income_4q": null,
            "revenue": 645185,
            "revenue_4q": null,
            "common_shares": 1398044,
            "book_valuer_per_share": 10.47,
            "book_valuer_per_share_4q_avg": 10.67,
            "equity": 1463632,
            "current_ratio": 352.29,
            "debt_ratio": 57.95,
            "inventory_turnover_ratio": 0.37,
            "account_receivable_turnover_ratio": null,
            "reinvestment_rate": -70.17,
            "research_to_sale_ratio": null,
            "price_fair": 27.02,
            "eps_avg_yearly": 0.77,
            "eps_latest_yearly": 0.44,
            "eps_growth_yearly": 99.57
        },
        "20072": {
            "year_quarter": 20072,
            "year": 2007,
            "quarter": 2,
            "eps": -0.11,
            "eps_growth_year": null,
            "eps_4q": -0.5,
            "eps_4q_growth_year": -301.21,
            "roe": -1.01,
            "roe_4q": -4.92,
            "gross_profit": 52256,
            "gross_margin": 12.8,
            "gross_margin_4q_avg": 13.02,
            "net_income": -14645,
            "net_income_4q": null,
            "revenue": 408388,
            "revenue_4q": null,
            "common_shares": 1398044,
            "book_valuer_per_share": 10.29,
            "book_valuer_per_share_4q_avg": 10.47,
            "equity": 1438391,
            "current_ratio": 323.33,
            "debt_ratio": 55.74,
            "inventory_turnover_ratio": 0.28,
            "account_receivable_turnover_ratio": null,
            "reinvestment_rate": -75.74,
            "research_to_sale_ratio": null,
            "price_fair": 28.62,
            "eps_avg_yearly": 0.82,
            "eps_latest_yearly": 0.44,
            "eps_growth_yearly": 142.96
        },
        "20073": {
            "year_quarter": 20073,
            "year": 2007,
            "quarter": 3,
            "eps": -0.11,
            "eps_growth_year": null,
            "eps_4q": -0.56,
            "eps_4q_growth_year": -691.84,
            "roe": -1.07,
            "roe_4q": -5.37,
            "gross_profit": 24664,
            "gross_margin": 8.22,
            "gross_margin_4q_avg": 11.9,
            "net_income": -15216,
            "net_income_4q": null,
            "revenue": 300135,
            "revenue_4q": null,
            "common_shares": 1368044,
            "book_valuer_per_share": 10.23,
            "book_valuer_per_share_4q_avg": 10.32,
            "equity": 1399465,
            "current_ratio": 267.49,
            "debt_ratio": 56.67,
            "inventory_turnover_ratio": 0.22,
            "account_receivable_turnover_ratio": null,
            "reinvestment_rate": -117.3,
            "research_to_sale_ratio": null,
            "price_fair": 27.13,
            "eps_avg_yearly": 0.78,
            "eps_latest_yearly": 0.44,
            "eps_growth_yearly": 49.72
        },
        "20074": {
            "year_quarter": 20074,
            "year": 2007,
            "quarter": 4,
            "eps": -0.43,
            "eps_growth_year": null,
            "eps_4q": -0.62,
            "eps_4q_growth_year": null,
            "roe": -4.31,
            "roe_4q": -6.1,
            "gross_profit": 16927,
            "gross_margin": 4.42,
            "gross_margin_4q_avg": 9.42,
            "net_income": -58885,
            "net_income_4q": null,
            "revenue": 382975,
            "revenue_4q": null,
            "common_shares": 1368044,
            "book_valuer_per_share": 9.74,
            "book_valuer_per_share_4q_avg": 10.18,
            "equity": 1332582,
            "current_ratio": 257.39,
            "debt_ratio": 61.64,
            "inventory_turnover_ratio": 0.24,
            "account_receivable_turnover_ratio": null,
            "reinvestment_rate": null,
            "research_to_sale_ratio": null,
            "price_fair": 23.8,
            "eps_avg_yearly": 0.68,
            "eps_latest_yearly": 0.44,
            "eps_growth_yearly": 43.03
        },
        "20081": {
            "year_quarter": 20081,
            "year": 2008,
            "quarter": 1,
            "eps": -0.03,
            "eps_growth_year": -200,
            "eps_4q": -0.7,
            "eps_4q_growth_year": null,
            "roe": -0.31,
            "roe_4q": -6.699999999999999,
            "gross_profit": 128084,
            "gross_margin": 20.98,
            "gross_margin_4q_avg": 11.61,
            "net_income": -3955,
            "net_income_4q": null,
            "revenue": 610418,
            "revenue_4q": null,
            "common_shares": 1368044,
            "book_valuer_per_share": 9.11,
            "book_valuer_per_share_4q_avg": 9.84,
            "equity": 1246556,
            "current_ratio": 241.69,
            "debt_ratio": 63.63,
            "inventory_turnover_ratio": 0.27,
            "account_receivable_turnover_ratio": null,
            "reinvestment_rate": null,
            "research_to_sale_ratio": null,
            "price_fair": 22.87,
            "eps_avg_yearly": 0.65,
            "eps_latest_yearly": 0.44,
            "eps_growth_yearly": 77.98
        },
        "20082": {
            "year_quarter": 20082,
            "year": 2008,
            "quarter": 2,
            "eps": -0.97,
            "eps_growth_year": null,
            "eps_4q": -1.54,
            "eps_4q_growth_year": null,
            "roe": -11.29,
            "roe_4q": -16.98,
            "gross_profit": -12339,
            "gross_margin": -1.68,
            "gross_margin_4q_avg": 7.99,
            "net_income": -133111,
            "net_income_4q": null,
            "revenue": 736543,
            "revenue_4q": null,
            "common_shares": 1368044,
            "book_valuer_per_share": 8.13,
            "book_valuer_per_share_4q_avg": 9.3,
            "equity": 1112361,
            "current_ratio": 206.73,
            "debt_ratio": 67.92,
            "inventory_turnover_ratio": 0.42,
            "account_receivable_turnover_ratio": null,
            "reinvestment_rate": null,
            "research_to_sale_ratio": null,
            "price_fair": 23.24,
            "eps_avg_yearly": 0.66,
            "eps_latest_yearly": 0.44,
            "eps_growth_yearly": 116.43
        },
        "20083": {
            "year_quarter": 20083,
            "year": 2008,
            "quarter": 3,
            "eps": -0.52,
            "eps_growth_year": null,
            "eps_4q": -1.95,
            "eps_4q_growth_year": null,
            "roe": -6.37,
            "roe_4q": -22.279999999999998,
            "gross_profit": 36399,
            "gross_margin": 6.28,
            "gross_margin_4q_avg": 7.5,
            "net_income": -70939,
            "net_income_4q": null,
            "revenue": 579628,
            "revenue_4q": null,
            "common_shares": 1368044,
            "book_valuer_per_share": 8.15,
            "book_valuer_per_share_4q_avg": 8.78,
            "equity": 1114334,
            "current_ratio": 189.47,
            "debt_ratio": 67.52,
            "inventory_turnover_ratio": 0.32,
            "account_receivable_turnover_ratio": null,
            "reinvestment_rate": null,
            "research_to_sale_ratio": null,
            "price_fair": 22.75,
            "eps_avg_yearly": 0.65,
            "eps_latest_yearly": 0.44,
            "eps_growth_yearly": 125.54
        },
        "20084": {
            "year_quarter": 20084,
            "year": 2008,
            "quarter": 4,
            "eps": -3.17,
            "eps_growth_year": null,
            "eps_4q": -4.69,
            "eps_4q_growth_year": null,
            "roe": -47.76,
            "roe_4q": -65.72999999999999,
            "gross_profit": -236572,
            "gross_margin": -43.92,
            "gross_margin_4q_avg": -4.59,
            "net_income": -434232,
            "net_income_4q": null,
            "revenue": 538648,
            "revenue_4q": null,
            "common_shares": 1368044,
            "book_valuer_per_share": 5.15,
            "book_valuer_per_share_4q_avg": 7.64,
            "equity": 703874,
            "current_ratio": 191.39,
            "debt_ratio": 77.08,
            "inventory_turnover_ratio": 0.49,
            "account_receivable_turnover_ratio": 2.48,
            "reinvestment_rate": null,
            "research_to_sale_ratio": null,
            "price_fair": 10.53,
            "eps_avg_yearly": 0.36,
            "eps_latest_yearly": 0.44,
            "eps_growth_yearly": 19.24
        },
        "20091": {
            "year_quarter": 20091,
            "year": 2009,
            "quarter": 1,
            "eps": 0.1,
            "eps_growth_year": null,
            "eps_4q": -4.75,
            "eps_4q_growth_year": null,
            "roe": 1.81,
            "roe_4q": -63.60999999999999,
            "gross_profit": 50001,
            "gross_margin": 8.58,
            "gross_margin_4q_avg": -7.69,
            "net_income": 13162,
            "net_income_4q": null,
            "revenue": 582917,
            "revenue_4q": null,
            "common_shares": 1368044,
            "book_valuer_per_share": 5.5,
            "book_valuer_per_share_4q_avg": 6.73,
            "equity": 751880,
            "current_ratio": 211.25,
            "debt_ratio": 74.55,
            "inventory_turnover_ratio": 0.37,
            "account_receivable_turnover_ratio": 1.4,
            "reinvestment_rate": null,
            "research_to_sale_ratio": null,
            "price_fair": 10.53,
            "eps_avg_yearly": 0.36,
            "eps_latest_yearly": 0.44,
            "eps_growth_yearly": 19.24
        },
        "20092": {
            "year_quarter": 20092,
            "year": 2009,
            "quarter": 2,
            "eps": -0.01,
            "eps_growth_year": null,
            "eps_4q": -3.61,
            "eps_4q_growth_year": null,
            "roe": -0.19,
            "roe_4q": -52.51,
            "gross_profit": 77846,
            "gross_margin": 12.25,
            "gross_margin_4q_avg": -4.2,
            "net_income": -1385,
            "net_income_4q": null,
            "revenue": 635429,
            "revenue_4q": null,
            "common_shares": 1368044,
            "book_valuer_per_share": 5.07,
            "book_valuer_per_share_4q_avg": 5.97,
            "equity": 693234,
            "current_ratio": 212.09,
            "debt_ratio": 75.65,
            "inventory_turnover_ratio": 0.41,
            "account_receivable_turnover_ratio": 1.54,
            "reinvestment_rate": null,
            "research_to_sale_ratio": null,
            "price_fair": 10.53,
            "eps_avg_yearly": 0.36,
            "eps_latest_yearly": 0.44,
            "eps_growth_yearly": 19.24
        },
        "20093": {
            "year_quarter": 20093,
            "year": 2009,
            "quarter": 3,
            "eps": -0.42,
            "eps_growth_year": null,
            "eps_4q": -6.97,
            "eps_4q_growth_year": null,
            "roe": -8.22,
            "roe_4q": -54.36,
            "gross_profit": 16972,
            "gross_margin": 3.8,
            "gross_margin_4q_avg": -4.82,
            "net_income": -53972,
            "net_income_4q": null,
            "revenue": 446996,
            "revenue_4q": null,
            "common_shares": 684022,
            "book_valuer_per_share": 9.06,
            "book_valuer_per_share_4q_avg": 6.2,
            "equity": 619793,
            "current_ratio": 210.43,
            "debt_ratio": 77.45,
            "inventory_turnover_ratio": 0.33,
            "account_receivable_turnover_ratio": 1.17,
            "reinvestment_rate": null,
            "research_to_sale_ratio": null,
            "price_fair": 14,
            "eps_avg_yearly": 0.4,
            "eps_latest_yearly": 0.44,
            "eps_growth_yearly": 101.59
        },
        "20094": {
            "year_quarter": 20094,
            "year": 2009,
            "quarter": 4,
            "eps": -2.04,
            "eps_growth_year": null,
            "eps_4q": -3.15,
            "eps_4q_growth_year": null,
            "roe": -42.97,
            "roe_4q": -49.56999999999999,
            "gross_profit": -111412,
            "gross_margin": -19.28,
            "gross_margin_4q_avg": 1.34,
            "net_income": -236215,
            "net_income_4q": null,
            "revenue": 577728,
            "revenue_4q": null,
            "common_shares": 884022,
            "book_valuer_per_share": 5.43,
            "book_valuer_per_share_4q_avg": 6.27,
            "equity": 479667,
            "current_ratio": 190.73,
            "debt_ratio": 81.74,
            "inventory_turnover_ratio": 0.54,
            "account_receivable_turnover_ratio": 2.89,
            "reinvestment_rate": null,
            "research_to_sale_ratio": null,
            "price_fair": 15.4,
            "eps_avg_yearly": 0.44,
            "eps_latest_yearly": 0.44,
            "eps_growth_yearly": 88.89
        },
        "20101": {
            "year_quarter": 20101,
            "year": 2010,
            "quarter": 1,
            "eps": -0.29,
            "eps_growth_year": -390,
            "eps_4q": -3.59,
            "eps_4q_growth_year": null,
            "roe": -5.58,
            "roe_4q": -56.959999999999994,
            "gross_profit": 57640,
            "gross_margin": 9.53,
            "gross_margin_4q_avg": 1.58,
            "net_income": -25924,
            "net_income_4q": null,
            "revenue": 604726,
            "revenue_4q": null,
            "common_shares": 884022,
            "book_valuer_per_share": 5.08,
            "book_valuer_per_share_4q_avg": 6.16,
            "equity": 449035,
            "current_ratio": 188.85,
            "debt_ratio": 82.16,
            "inventory_turnover_ratio": 0.46,
            "account_receivable_turnover_ratio": 1.6,
            "reinvestment_rate": null,
            "research_to_sale_ratio": null,
            "price_fair": 0,
            "eps_avg_yearly": 0,
            "eps_latest_yearly": 0,
            "eps_growth_yearly": 0
        },
        "20102": {
            "year_quarter": 20102,
            "year": 2010,
            "quarter": 2,
            "eps": 0.1,
            "eps_growth_year": null,
            "eps_4q": -3.47,
            "eps_4q_growth_year": null,
            "roe": 2,
            "roe_4q": -54.769999999999996,
            "gross_profit": 111673,
            "gross_margin": 16.05,
            "gross_margin_4q_avg": 2.53,
            "net_income": 9147,
            "net_income_4q": null,
            "revenue": 695967,
            "revenue_4q": null,
            "common_shares": 884022,
            "book_valuer_per_share": 5.28,
            "book_valuer_per_share_4q_avg": 6.21,
            "equity": 466823,
            "current_ratio": 184.01,
            "debt_ratio": 82.2,
            "inventory_turnover_ratio": 0.52,
            "account_receivable_turnover_ratio": 1.55,
            "reinvestment_rate": null,
            "research_to_sale_ratio": null,
            "price_fair": 0,
            "eps_avg_yearly": 0,
            "eps_latest_yearly": 0,
            "eps_growth_yearly": 0
        },
        "20103": {
            "year_quarter": 20103,
            "year": 2010,
            "quarter": 3,
            "eps": 0.31,
            "eps_growth_year": null,
            "eps_4q": -4.89,
            "eps_4q_growth_year": null,
            "roe": 3.24,
            "roe_4q": -43.31,
            "gross_profit": 97434,
            "gross_margin": 16.4,
            "gross_margin_4q_avg": 5.68,
            "net_income": 15027,
            "net_income_4q": null,
            "revenue": 594003,
            "revenue_4q": null,
            "common_shares": 486212,
            "book_valuer_per_share": 9.46,
            "book_valuer_per_share_4q_avg": 6.31,
            "equity": 459923,
            "current_ratio": 189.58,
            "debt_ratio": 82.01,
            "inventory_turnover_ratio": 0.44,
            "account_receivable_turnover_ratio": 1.25,
            "reinvestment_rate": null,
            "research_to_sale_ratio": null,
            "price_fair": 43.4,
            "eps_avg_yearly": 1.24,
            "eps_latest_yearly": 1.24,
            "eps_growth_yearly": 840
        },
        "20104": {
            "year_quarter": 20104,
            "year": 2010,
            "quarter": 4,
            "eps": 0.14,
            "eps_growth_year": null,
            "eps_4q": 0.1,
            "eps_4q_growth_year": null,
            "roe": 1.55,
            "roe_4q": 1.21,
            "gross_profit": 78077,
            "gross_margin": 11.79,
            "gross_margin_4q_avg": 13.44,
            "net_income": 6762,
            "net_income_4q": null,
            "revenue": 662409,
            "revenue_4q": null,
            "common_shares": 486212,
            "book_valuer_per_share": 8.43,
            "book_valuer_per_share_4q_avg": 7.06,
            "equity": 409923,
            "current_ratio": 327.5,
            "debt_ratio": 83.68,
            "inventory_turnover_ratio": 0.5,
            "account_receivable_turnover_ratio": 1.64,
            "reinvestment_rate": null,
            "research_to_sale_ratio": null,
            "price_fair": 31.5,
            "eps_avg_yearly": 0.9,
            "eps_latest_yearly": 0.56,
            "eps_growth_yearly": 310.32
        },
        "20111": {
            "year_quarter": 20111,
            "year": 2011,
            "quarter": 1,
            "eps": 0.12,
            "eps_growth_year": null,
            "eps_4q": 0.75,
            "eps_4q_growth_year": null,
            "roe": 1.34,
            "roe_4q": 8.13,
            "gross_profit": 81239,
            "gross_margin": 11.39,
            "gross_margin_4q_avg": 13.91,
            "net_income": 5586,
            "net_income_4q": null,
            "revenue": 713313,
            "revenue_4q": null,
            "common_shares": 486212,
            "book_valuer_per_share": 8.69,
            "book_valuer_per_share_4q_avg": 7.97,
            "equity": 422342,
            "current_ratio": 349.24,
            "debt_ratio": 82.84,
            "inventory_turnover_ratio": 0.54,
            "account_receivable_turnover_ratio": 1.96,
            "reinvestment_rate": null,
            "research_to_sale_ratio": null,
            "price_fair": 26.6,
            "eps_avg_yearly": 0.76,
            "eps_latest_yearly": 0.48,
            "eps_growth_yearly": 187.83
        },
        "20112": {
            "year_quarter": 20112,
            "year": 2011,
            "quarter": 2,
            "eps": 0.98,
            "eps_growth_year": 850.22,
            "eps_4q": 1.55,
            "eps_4q_growth_year": null,
            "roe": 10.92,
            "roe_4q": 17.05,
            "gross_profit": 119733,
            "gross_margin": 16.03,
            "gross_margin_4q_avg": 13.9,
            "net_income": 47804,
            "net_income_4q": null,
            "revenue": 747145,
            "revenue_4q": null,
            "common_shares": 486212,
            "book_valuer_per_share": 9.32,
            "book_valuer_per_share_4q_avg": 8.98,
            "equity": 453158,
            "current_ratio": 348.84,
            "debt_ratio": 81.84,
            "inventory_turnover_ratio": 0.55,
            "account_receivable_turnover_ratio": 1.93,
            "reinvestment_rate": null,
            "research_to_sale_ratio": null,
            "price_fair": 54.25,
            "eps_avg_yearly": 1.55,
            "eps_latest_yearly": 3.92,
            "eps_growth_yearly": 857.54
        },
        "20113": {
            "year_quarter": 20113,
            "year": 2011,
            "quarter": 3,
            "eps": 0.34,
            "eps_growth_year": 11.3,
            "eps_4q": 1.58,
            "eps_4q_growth_year": null,
            "roe": 3.37,
            "roe_4q": 17.18,
            "gross_profit": 78786,
            "gross_margin": 13.05,
            "gross_margin_4q_avg": 13.07,
            "net_income": 16727,
            "net_income_4q": null,
            "revenue": 603768,
            "revenue_4q": null,
            "common_shares": 486212,
            "book_valuer_per_share": 11.08,
            "book_valuer_per_share_4q_avg": 9.38,
            "equity": 538773,
            "current_ratio": 425.49,
            "debt_ratio": 79.61,
            "inventory_turnover_ratio": 0.48,
            "account_receivable_turnover_ratio": 1.52,
            "reinvestment_rate": null,
            "research_to_sale_ratio": null,
            "price_fair": 52.92,
            "eps_avg_yearly": 1.51,
            "eps_latest_yearly": 1.36,
            "eps_growth_yearly": 633.79
        },
        "20114": {
            "year_quarter": 20114,
            "year": 2011,
            "quarter": 4,
            "eps": 0.17,
            "eps_growth_year": 22.8,
            "eps_4q": 1.37,
            "eps_4q_growth_year": 1225.81,
            "roe": 1.68,
            "roe_4q": 17.31,
            "gross_profit": 95099,
            "gross_margin": 14.98,
            "gross_margin_4q_avg": 13.86,
            "net_income": 10013,
            "net_income_4q": null,
            "revenue": 635025,
            "revenue_4q": null,
            "common_shares": 586212,
            "book_valuer_per_share": 11.09,
            "book_valuer_per_share_4q_avg": 10.05,
            "equity": 650225,
            "current_ratio": 374.2,
            "debt_ratio": 76.74,
            "inventory_turnover_ratio": 0.48,
            "account_receivable_turnover_ratio": 1.62,
            "reinvestment_rate": null,
            "research_to_sale_ratio": null,
            "price_fair": 48.07,
            "eps_avg_yearly": 1.37,
            "eps_latest_yearly": 0.68,
            "eps_growth_yearly": 494.82
        },
        "20121": {
            "year_quarter": 20121,
            "year": 2012,
            "quarter": 1,
            "eps": 0.06,
            "eps_growth_year": -50,
            "eps_4q": 1.33,
            "eps_4q_growth_year": 76.95,
            "roe": 0.53,
            "roe_4q": 16.5,
            "gross_profit": 86061,
            "gross_margin": 14.58,
            "gross_margin_4q_avg": 14.66,
            "net_income": 3384,
            "net_income_4q": null,
            "revenue": 590149,
            "revenue_4q": null,
            "common_shares": 586304,
            "book_valuer_per_share": 10.86,
            "book_valuer_per_share_4q_avg": 10.59,
            "equity": 636827,
            "current_ratio": 398.53,
            "debt_ratio": 76.05,
            "inventory_turnover_ratio": 0.44,
            "account_receivable_turnover_ratio": 1.58,
            "reinvestment_rate": null,
            "research_to_sale_ratio": null,
            "price_fair": 42.4,
            "eps_avg_yearly": 1.21,
            "eps_latest_yearly": 0.24,
            "eps_growth_yearly": 387.16
        },
        "20122": {
            "year_quarter": 20122,
            "year": 2012,
            "quarter": 2,
            "eps": 0.35,
            "eps_growth_year": -63.98,
            "eps_4q": 0.87,
            "eps_4q_growth_year": -43.87,
            "roe": 3.19,
            "roe_4q": 8.77,
            "gross_profit": 95060,
            "gross_margin": 13.93,
            "gross_margin_4q_avg": 14.14,
            "net_income": 20764,
            "net_income_4q": null,
            "revenue": 682261,
            "revenue_4q": null,
            "common_shares": 586304,
            "book_valuer_per_share": 11.36,
            "book_valuer_per_share_4q_avg": 11.1,
            "equity": 665895,
            "current_ratio": 338.24,
            "debt_ratio": 75.65,
            "inventory_turnover_ratio": 0.49,
            "account_receivable_turnover_ratio": 1.88,
            "reinvestment_rate": null,
            "research_to_sale_ratio": null,
            "price_fair": 43.23,
            "eps_avg_yearly": 1.24,
            "eps_latest_yearly": 1.4,
            "eps_growth_yearly": 580.43
        },
        "20123": {
            "year_quarter": 20123,
            "year": 2012,
            "quarter": 3,
            "eps": 0.6,
            "eps_growth_year": 74.93,
            "eps_4q": 1.18,
            "eps_4q_growth_year": -25.09,
            "roe": 5.21,
            "roe_4q": 10.61,
            "gross_profit": 127158,
            "gross_margin": 15.56,
            "gross_margin_4q_avg": 14.76,
            "net_income": 35280,
            "net_income_4q": null,
            "revenue": 817464,
            "revenue_4q": null,
            "common_shares": 586304,
            "book_valuer_per_share": 11.75,
            "book_valuer_per_share_4q_avg": 11.27,
            "equity": 688901,
            "current_ratio": 270.53,
            "debt_ratio": 74.29,
            "inventory_turnover_ratio": 0.58,
            "account_receivable_turnover_ratio": 2.05,
            "reinvestment_rate": null,
            "research_to_sale_ratio": null,
            "price_fair": 47.76,
            "eps_avg_yearly": 1.36,
            "eps_latest_yearly": 2.4,
            "eps_growth_yearly": 547.69
        },
        "20124": {
            "year_quarter": 20124,
            "year": 2012,
            "quarter": 4,
            "eps": -0.12,
            "eps_growth_year": -168.94,
            "eps_4q": 0.9,
            "eps_4q_growth_year": -34.45,
            "roe": -1.01,
            "roe_4q": 7.920000000000001,
            "gross_profit": 80736,
            "gross_margin": 11.37,
            "gross_margin_4q_avg": 13.86,
            "net_income": -6903,
            "net_income_4q": null,
            "revenue": 709775,
            "revenue_4q": null,
            "common_shares": 586304,
            "book_valuer_per_share": 11.55,
            "book_valuer_per_share_4q_avg": 11.38,
            "equity": 677431,
            "current_ratio": 264.94,
            "debt_ratio": 74.77,
            "inventory_turnover_ratio": 0.56,
            "account_receivable_turnover_ratio": 1.67,
            "reinvestment_rate": null,
            "research_to_sale_ratio": null,
            "price_fair": 47.76,
            "eps_avg_yearly": 1.36,
            "eps_latest_yearly": 2.4,
            "eps_growth_yearly": 547.69
        },
        "20131": {
            "year_quarter": 20131,
            "year": 2013,
            "quarter": 1,
            "eps": 0.35,
            "eps_growth_year": 483.33,
            "eps_4q": 1.18,
            "eps_4q_growth_year": -10.88,
            "roe": 2.95,
            "roe_4q": 10.34,
            "gross_profit": 87305,
            "gross_margin": 13.95,
            "gross_margin_4q_avg": 13.7,
            "net_income": 20308,
            "net_income_4q": null,
            "revenue": 625799,
            "revenue_4q": null,
            "common_shares": 586304,
            "book_valuer_per_share": 11.95,
            "book_valuer_per_share_4q_avg": 11.65,
            "equity": 700579,
            "current_ratio": 269.69,
            "debt_ratio": 74.16,
            "inventory_turnover_ratio": 0.49,
            "account_receivable_turnover_ratio": 1.53,
            "reinvestment_rate": null,
            "research_to_sale_ratio": null,
            "price_fair": 47.76,
            "eps_avg_yearly": 1.36,
            "eps_latest_yearly": 2.4,
            "eps_growth_yearly": 547.69
        },
        "20132": {
            "year_quarter": 20132,
            "year": 2013,
            "quarter": 2,
            "eps": 0.41,
            "eps_growth_year": 15.77,
            "eps_4q": 1.18,
            "eps_4q_growth_year": 36.39,
            "roe": 3.48,
            "roe_4q": 10.629999999999999,
            "gross_profit": 110608,
            "gross_margin": 14.03,
            "gross_margin_4q_avg": 13.73,
            "net_income": 24977,
            "net_income_4q": null,
            "revenue": 788432,
            "revenue_4q": null,
            "common_shares": 586304,
            "book_valuer_per_share": 12.4,
            "book_valuer_per_share_4q_avg": 11.91,
            "equity": 733842,
            "current_ratio": 273.09,
            "debt_ratio": 72.89,
            "inventory_turnover_ratio": 0.59,
            "account_receivable_turnover_ratio": 1.96,
            "reinvestment_rate": null,
            "research_to_sale_ratio": null,
            "price_fair": 48.72,
            "eps_avg_yearly": 1.39,
            "eps_latest_yearly": 1.64,
            "eps_growth_yearly": 499.77
        },
        "20133": {
            "year_quarter": 20133,
            "year": 2013,
            "quarter": 3,
            "eps": 0.41,
            "eps_growth_year": -31.86,
            "eps_4q": 0.96,
            "eps_4q_growth_year": -18.58,
            "roe": 3.36,
            "roe_4q": 8.78,
            "gross_profit": 114362,
            "gross_margin": 16.14,
            "gross_margin_4q_avg": 13.87,
            "net_income": 25580,
            "net_income_4q": null,
            "revenue": 708468,
            "revenue_4q": null,
            "common_shares": 621307,
            "book_valuer_per_share": 11.99,
            "book_valuer_per_share_4q_avg": 11.97,
            "equity": 789474,
            "current_ratio": 300.91,
            "debt_ratio": 70.63,
            "inventory_turnover_ratio": 0.53,
            "account_receivable_turnover_ratio": 1.69,
            "reinvestment_rate": null,
            "research_to_sale_ratio": null,
            "price_fair": 49.51,
            "eps_avg_yearly": 1.41,
            "eps_latest_yearly": 1.64,
            "eps_growth_yearly": 454.34
        },
        "20134": {
            "year_quarter": 20134,
            "year": 2013,
            "quarter": 4,
            "eps": 0.24,
            "eps_growth_year": null,
            "eps_4q": 1.14,
            "eps_4q_growth_year": 26.85,
            "roe": 2.19,
            "roe_4q": 11.98,
            "gross_profit": 115533,
            "gross_margin": 14.09,
            "gross_margin_4q_avg": 14.55,
            "net_income": 18980,
            "net_income_4q": null,
            "revenue": 819961,
            "revenue_4q": null,
            "common_shares": 790634,
            "book_valuer_per_share": 11.95,
            "book_valuer_per_share_4q_avg": 12.07,
            "equity": 944877,
            "current_ratio": 357.53,
            "debt_ratio": 64.81,
            "inventory_turnover_ratio": 0.65,
            "account_receivable_turnover_ratio": 1.82,
            "reinvestment_rate": -398.56,
            "research_to_sale_ratio": null,
            "price_fair": 48.18,
            "eps_avg_yearly": 1.38,
            "eps_latest_yearly": 0.96,
            "eps_growth_yearly": 402.66
        },
        "20141": {
            "year_quarter": 20141,
            "year": 2014,
            "quarter": 1,
            "eps": 0.63,
            "eps_growth_year": 80,
            "eps_4q": 1.5,
            "eps_4q_growth_year": 27.02,
            "roe": 5.07,
            "roe_4q": 14.1,
            "gross_profit": 126371,
            "gross_margin": 19.86,
            "gross_margin_4q_avg": 16.03,
            "net_income": 49418,
            "net_income_4q": null,
            "revenue": 636276,
            "revenue_4q": null,
            "common_shares": 790634,
            "book_valuer_per_share": 12.7,
            "book_valuer_per_share_4q_avg": 12.26,
            "equity": 1004387,
            "current_ratio": 230.95,
            "debt_ratio": 60.98,
            "inventory_turnover_ratio": 0.5,
            "account_receivable_turnover_ratio": 1.58,
            "reinvestment_rate": -274.97,
            "research_to_sale_ratio": null,
            "price_fair": 51.26,
            "eps_avg_yearly": 1.46,
            "eps_latest_yearly": 2.52,
            "eps_growth_yearly": 421.68
        },
        "20142": {
            "year_quarter": 20142,
            "year": 2014,
            "quarter": 2,
            "eps": -0.09,
            "eps_growth_year": -121.95,
            "eps_4q": 0.63,
            "eps_4q_growth_year": -46.48,
            "roe": -0.81,
            "roe_4q": 9.809999999999999,
            "gross_profit": 96803,
            "gross_margin": 15.79,
            "gross_margin_4q_avg": 16.47,
            "net_income": -10661,
            "net_income_4q": null,
            "revenue": 613156,
            "revenue_4q": null,
            "common_shares": 1240634,
            "book_valuer_per_share": 13.25,
            "book_valuer_per_share_4q_avg": 12.47,
            "equity": 1643532,
            "current_ratio": 179.29,
            "debt_ratio": 44.31,
            "inventory_turnover_ratio": 0.5,
            "account_receivable_turnover_ratio": 2,
            "reinvestment_rate": -293.91,
            "research_to_sale_ratio": null,
            "price_fair": 51.26,
            "eps_avg_yearly": 1.46,
            "eps_latest_yearly": 2.52,
            "eps_growth_yearly": 421.68
        },
        "20143": {
            "year_quarter": 20143,
            "year": 2014,
            "quarter": 3,
            "eps": -0.01,
            "eps_growth_year": -102.44,
            "eps_4q": 0.43,
            "eps_4q_growth_year": -55.09,
            "roe": -0.16,
            "roe_4q": 6.290000000000001,
            "gross_profit": 79391,
            "gross_margin": 12.32,
            "gross_margin_4q_avg": 15.52,
            "net_income": -2592,
            "net_income_4q": null,
            "revenue": 644290,
            "revenue_4q": null,
            "common_shares": 1315072,
            "book_valuer_per_share": 12.56,
            "book_valuer_per_share_4q_avg": 12.62,
            "equity": 1672301,
            "current_ratio": 183.84,
            "debt_ratio": 43.85,
            "inventory_turnover_ratio": 0.53,
            "account_receivable_turnover_ratio": 1.87,
            "reinvestment_rate": -293.27,
            "research_to_sale_ratio": null,
            "price_fair": 51.92,
            "eps_avg_yearly": 1.48,
            "eps_latest_yearly": 2.52,
            "eps_growth_yearly": 386.82
        },
        "20144": {
            "year_quarter": 20144,
            "year": 2014,
            "quarter": 4,
            "eps": -0.07,
            "eps_growth_year": -127.19,
            "eps_4q": 0.22,
            "eps_4q_growth_year": -80.33,
            "roe": -0.58,
            "roe_4q": 3.5200000000000005,
            "gross_profit": 63781,
            "gross_margin": 9.24,
            "gross_margin_4q_avg": 14.3,
            "net_income": -9775,
            "net_income_4q": null,
            "revenue": 690490,
            "revenue_4q": null,
            "common_shares": 1315072,
            "book_valuer_per_share": 12.66,
            "book_valuer_per_share_4q_avg": 12.79,
            "equity": 1684820,
            "current_ratio": 179.05,
            "debt_ratio": 44.3,
            "inventory_turnover_ratio": 0.61,
            "account_receivable_turnover_ratio": 1.73,
            "reinvestment_rate": -0.44,
            "research_to_sale_ratio": null,
            "price_fair": 54.85,
            "eps_avg_yearly": 1.57,
            "eps_latest_yearly": 2.52,
            "eps_growth_yearly": 441.93
        },
        "20151": {
            "year_quarter": 20151,
            "year": 2015,
            "quarter": 1,
            "eps": -0.41,
            "eps_growth_year": -165.08,
            "eps_4q": -0.57,
            "eps_4q_growth_year": -137.58,
            "roe": -3.22,
            "roe_4q": -4.7700000000000005,
            "gross_profit": 66118,
            "gross_margin": 10.85,
            "gross_margin_4q_avg": 12.05,
            "net_income": -53660,
            "net_income_4q": null,
            "revenue": 609556,
            "revenue_4q": null,
            "common_shares": 1315072,
            "book_valuer_per_share": 12.42,
            "book_valuer_per_share_4q_avg": 12.72,
            "equity": 1653025,
            "current_ratio": 456.84,
            "debt_ratio": 46.05,
            "inventory_turnover_ratio": 0.54,
            "account_receivable_turnover_ratio": 1.52,
            "reinvestment_rate": -356.03,
            "research_to_sale_ratio": null,
            "price_fair": 58.66,
            "eps_avg_yearly": 1.68,
            "eps_latest_yearly": 2.52,
            "eps_growth_yearly": 491.84
        },
        "20152": {
            "year_quarter": 20152,
            "year": 2015,
            "quarter": 2,
            "eps": -0.42,
            "eps_growth_year": null,
            "eps_4q": -0.87,
            "eps_4q_growth_year": -237.92,
            "roe": -3.49,
            "roe_4q": -7.450000000000001,
            "gross_profit": 53463,
            "gross_margin": 8.6,
            "gross_margin_4q_avg": 10.25,
            "net_income": -56519,
            "net_income_4q": null,
            "revenue": 621820,
            "revenue_4q": null,
            "common_shares": 1315072,
            "book_valuer_per_share": 11.93,
            "book_valuer_per_share_4q_avg": 12.39,
            "equity": 1588367,
            "current_ratio": 307.99,
            "debt_ratio": 51.35,
            "inventory_turnover_ratio": 0.56,
            "account_receivable_turnover_ratio": 1.77,
            "reinvestment_rate": -557.3,
            "research_to_sale_ratio": null,
            "price_fair": 49.93,
            "eps_avg_yearly": 1.43,
            "eps_latest_yearly": 2.52,
            "eps_growth_yearly": 227.97
        },
        "20153": {
            "year_quarter": 20153,
            "year": 2015,
            "quarter": 3,
            "eps": -0.16,
            "eps_growth_year": null,
            "eps_4q": -1.07,
            "eps_4q_growth_year": -346.74,
            "roe": -2.06,
            "roe_4q": -9.350000000000001,
            "gross_profit": 25883,
            "gross_margin": 4.58,
            "gross_margin_4q_avg": 8.32,
            "net_income": -31771,
            "net_income_4q": null,
            "revenue": 565399,
            "revenue_4q": null,
            "common_shares": 1367675,
            "book_valuer_per_share": 11.39,
            "book_valuer_per_share_4q_avg": 12.1,
            "equity": 1498592,
            "current_ratio": 278.34,
            "debt_ratio": 53.16,
            "inventory_turnover_ratio": 0.51,
            "account_receivable_turnover_ratio": 1.66,
            "reinvestment_rate": -931.44,
            "research_to_sale_ratio": null,
            "price_fair": 50.23,
            "eps_avg_yearly": 1.44,
            "eps_latest_yearly": 2.52,
            "eps_growth_yearly": 289.12
        },
        "20154": {
            "year_quarter": 20154,
            "year": 2015,
            "quarter": 4,
            "eps": -2.69,
            "eps_growth_year": null,
            "eps_4q": -3.7,
            "eps_4q_growth_year": -1754.52,
            "roe": -27.21,
            "roe_4q": -35.98,
            "gross_profit": -104087,
            "gross_margin": -15.19,
            "gross_margin_4q_avg": 2.21,
            "net_income": -359293,
            "net_income_4q": null,
            "revenue": 685387,
            "revenue_4q": null,
            "common_shares": 1367675,
            "book_valuer_per_share": 8.72,
            "book_valuer_per_share_4q_avg": 11.12,
            "equity": 1142438,
            "current_ratio": 237.24,
            "debt_ratio": 60.6,
            "inventory_turnover_ratio": 0.78,
            "account_receivable_turnover_ratio": 1.96,
            "reinvestment_rate": null,
            "research_to_sale_ratio": null,
            "price_fair": 54,
            "eps_avg_yearly": 1.54,
            "eps_latest_yearly": 2.52,
            "eps_growth_yearly": 358.99
        },
        "20161": {
            "year_quarter": 20161,
            "year": 2016,
            "quarter": 1,
            "eps": -0.34,
            "eps_growth_year": null,
            "eps_4q": -3.39,
            "eps_4q_growth_year": null,
            "roe": -3.71,
            "roe_4q": -36.470000000000006,
            "gross_profit": 58965,
            "gross_margin": 7.48,
            "gross_margin_4q_avg": 1.37,
            "net_income": -44315,
            "net_income_4q": null,
            "revenue": 788388,
            "revenue_4q": null,
            "common_shares": 1367675,
            "book_valuer_per_share": 8.85,
            "book_valuer_per_share_4q_avg": 10.22,
            "equity": 1245037,
            "current_ratio": 186.01,
            "debt_ratio": 57.79,
            "inventory_turnover_ratio": 0.79,
            "account_receivable_turnover_ratio": 2.64,
            "reinvestment_rate": null,
            "research_to_sale_ratio": null,
            "price_fair": 61.6,
            "eps_avg_yearly": 1.76,
            "eps_latest_yearly": 2.52,
            "eps_growth_yearly": 461.96
        },
        "20162": {
            "year_quarter": 20162,
            "year": 2016,
            "quarter": 2,
            "eps": -0.14,
            "eps_growth_year": null,
            "eps_4q": -2.96,
            "eps_4q_growth_year": null,
            "roe": -1.72,
            "roe_4q": -34.7,
            "gross_profit": 71698,
            "gross_margin": 10.07,
            "gross_margin_4q_avg": 1.74,
            "net_income": -22482,
            "net_income_4q": null,
            "revenue": 711850,
            "revenue_4q": null,
            "common_shares": 1523288,
            "book_valuer_per_share": 9.27,
            "book_valuer_per_share_4q_avg": 9.56,
            "equity": 1374382,
            "current_ratio": 188.24,
            "debt_ratio": 56.05,
            "inventory_turnover_ratio": 0.72,
            "account_receivable_turnover_ratio": 2.46,
            "reinvestment_rate": null,
            "research_to_sale_ratio": null,
            "price_fair": 64.12,
            "eps_avg_yearly": 1.83,
            "eps_latest_yearly": 2.52,
            "eps_growth_yearly": 167.69
        },
        "20163": {
            "year_quarter": 20163,
            "year": 2016,
            "quarter": 3,
            "eps": -0.6,
            "eps_growth_year": null,
            "eps_4q": -3.33,
            "eps_4q_growth_year": null,
            "roe": -6.55,
            "roe_4q": -39.19,
            "gross_profit": 22178,
            "gross_margin": 3.73,
            "gross_margin_4q_avg": 1.52,
            "net_income": -89102,
            "net_income_4q": null,
            "revenue": 595297,
            "revenue_4q": null,
            "common_shares": 1523931,
            "book_valuer_per_share": 8.84,
            "book_valuer_per_share_4q_avg": 8.92,
            "equity": 1345547,
            "current_ratio": 193.81,
            "debt_ratio": 53.93,
            "inventory_turnover_ratio": 0.67,
            "account_receivable_turnover_ratio": 2.21,
            "reinvestment_rate": null,
            "research_to_sale_ratio": null,
            "price_fair": 59.15,
            "eps_avg_yearly": 1.69,
            "eps_latest_yearly": 2.52,
            "eps_growth_yearly": 138.18
        },
        "20164": {
            "year_quarter": 20164,
            "year": 2016,
            "quarter": 4,
            "eps": -0.82,
            "eps_growth_year": null,
            "eps_4q": -1.83,
            "eps_4q_growth_year": null,
            "roe": -9.64,
            "roe_4q": -21.62,
            "gross_profit": -38136,
            "gross_margin": -5.69,
            "gross_margin_4q_avg": 3.9,
            "net_income": -124511,
            "net_income_4q": null,
            "revenue": 669820,
            "revenue_4q": null,
            "common_shares": 1523931,
            "book_valuer_per_share": 8.13,
            "book_valuer_per_share_4q_avg": 8.77,
            "equity": 1237869,
            "current_ratio": 166.53,
            "debt_ratio": 57.01,
            "inventory_turnover_ratio": 0.92,
            "account_receivable_turnover_ratio": 2.69,
            "reinvestment_rate": null,
            "research_to_sale_ratio": null,
            "price_fair": 59.15,
            "eps_avg_yearly": 1.69,
            "eps_latest_yearly": 2.52,
            "eps_growth_yearly": 138.18
        },
        "20171": {
            "year_quarter": 20171,
            "year": 2017,
            "quarter": 1,
            "eps": -0.7,
            "eps_growth_year": null,
            "eps_4q": -2.24,
            "eps_4q_growth_year": null,
            "roe": -9.12,
            "roe_4q": -27.029999999999998,
            "gross_profit": 15343,
            "gross_margin": 2.63,
            "gross_margin_4q_avg": 2.69,
            "net_income": -106856,
            "net_income_4q": null,
            "revenue": 583197,
            "revenue_4q": null,
            "common_shares": 1523931,
            "book_valuer_per_share": 7.26,
            "book_valuer_per_share_4q_avg": 8.38,
            "equity": 1104692,
            "current_ratio": 75.8,
            "debt_ratio": 59.35,
            "inventory_turnover_ratio": 0.86,
            "account_receivable_turnover_ratio": 2.2,
            "reinvestment_rate": null,
            "research_to_sale_ratio": null,
            "price_fair": 59.15,
            "eps_avg_yearly": 1.69,
            "eps_latest_yearly": 2.52,
            "eps_growth_yearly": 138.18
        },
        "20172": {
            "year_quarter": 20172,
            "year": 2017,
            "quarter": 2,
            "eps": -0.37,
            "eps_growth_year": null,
            "eps_4q": -0.48,
            "eps_4q_growth_year": null,
            "roe": -1.18,
            "roe_4q": -26.49,
            "gross_profit": 2204,
            "gross_margin": 0.37,
            "gross_margin_4q_avg": 0.26,
            "net_income": -89260,
            "net_income_4q": null,
            "revenue": 592488,
            "revenue_4q": null,
            "common_shares": 8523931,
            "book_valuer_per_share": 16.47,
            "book_valuer_per_share_4q_avg": 10.18,
            "equity": 14034703,
            "current_ratio": 845.72,
            "debt_ratio": 11.17,
            "inventory_turnover_ratio": 0.94,
            "account_receivable_turnover_ratio": 2.37,
            "reinvestment_rate": null,
            "research_to_sale_ratio": 0.13,
            "price_fair": 59.73,
            "eps_avg_yearly": 1.71,
            "eps_latest_yearly": 2.52,
            "eps_growth_yearly": 161.38
        },
        "20173": {
            "year_quarter": 20173,
            "year": 2017,
            "quarter": 3,
            "eps": 0.11,
            "eps_growth_year": null,
            "eps_4q": -0.27,
            "eps_4q_growth_year": null,
            "roe": 0.67,
            "roe_4q": -19.27,
            "gross_profit": 751657,
            "gross_margin": 19.42,
            "gross_margin_4q_avg": 4.18,
            "net_income": 92901,
            "net_income_4q": null,
            "revenue": 3871054,
            "revenue_4q": null,
            "common_shares": 8523931,
            "book_valuer_per_share": 16.44,
            "book_valuer_per_share_4q_avg": 12.08,
            "equity": 13557933,
            "current_ratio": 145.94,
            "debt_ratio": 47.77,
            "inventory_turnover_ratio": 1.24,
            "account_receivable_turnover_ratio": 2.34,
            "reinvestment_rate": null,
            "research_to_sale_ratio": 0.02,
            "price_fair": 60.9,
            "eps_avg_yearly": 1.74,
            "eps_latest_yearly": 2.52,
            "eps_growth_yearly": 242.07
        },
        "20174": {
            "year_quarter": 20174,
            "year": 2017,
            "quarter": 4,
            "eps": -0.32,
            "eps_growth_year": null,
            "eps_4q": -0.45,
            "eps_4q_growth_year": null,
            "roe": -2.02,
            "roe_4q": -11.649999999999999,
            "gross_profit": 417344,
            "gross_margin": 8.28,
            "gross_margin_4q_avg": 7.68,
            "net_income": -272115,
            "net_income_4q": null,
            "revenue": 5041487,
            "revenue_4q": null,
            "common_shares": 8523931,
            "book_valuer_per_share": 16.15,
            "book_valuer_per_share_4q_avg": 14.08,
            "equity": 13331311,
            "current_ratio": 142,
            "debt_ratio": 47.1,
            "inventory_turnover_ratio": 1.1,
            "account_receivable_turnover_ratio": 1.69,
            "reinvestment_rate": null,
            "research_to_sale_ratio": 0.02,
            "price_fair": 88.2,
            "eps_avg_yearly": 2.52,
            "eps_latest_yearly": 2.52,
            "eps_growth_yearly": 650
        },
        "20181": {
            "year_quarter": 20181,
            "year": 2018,
            "quarter": 1,
            "eps": -0.16,
            "eps_growth_year": null,
            "eps_4q": -0.46,
            "eps_4q_growth_year": null,
            "roe": -0.96,
            "roe_4q": -3.49,
            "gross_profit": 559149,
            "gross_margin": 15.6,
            "gross_margin_4q_avg": 10.92,
            "net_income": -137523,
            "net_income_4q": null,
            "revenue": 3584527,
            "revenue_4q": null,
            "common_shares": 9034349,
            "book_valuer_per_share": 15.96,
            "book_valuer_per_share_4q_avg": 16.26,
            "equity": 15173940,
            "current_ratio": 145.72,
            "debt_ratio": 44.5,
            "inventory_turnover_ratio": 0.74,
            "account_receivable_turnover_ratio": 1.35,
            "reinvestment_rate": null,
            "research_to_sale_ratio": 0.07,
            "price_fair": 0,
            "eps_avg_yearly": 0,
            "eps_latest_yearly": 0,
            "eps_growth_yearly": 0
        },
        "20182": {
            "year_quarter": 20182,
            "year": 2018,
            "quarter": 2,
            "eps": -0.09,
            "eps_growth_year": null,
            "eps_4q": -0.46,
            "eps_4q_growth_year": null,
            "roe": -0.59,
            "roe_4q": -2.9,
            "gross_profit": 613394,
            "gross_margin": 13.22,
            "gross_margin_4q_avg": 14.13,
            "net_income": -89156,
            "net_income_4q": null,
            "revenue": 4640762,
            "revenue_4q": null,
            "common_shares": 9034349,
            "book_valuer_per_share": 16.04,
            "book_valuer_per_share_4q_avg": 16.15,
            "equity": 14944092,
            "current_ratio": 136.53,
            "debt_ratio": 46.43,
            "inventory_turnover_ratio": 0.92,
            "account_receivable_turnover_ratio": 1.76,
            "reinvestment_rate": null,
            "research_to_sale_ratio": 0.06,
            "price_fair": 0,
            "eps_avg_yearly": 0,
            "eps_latest_yearly": 0,
            "eps_growth_yearly": 0
        },
        "20183": {
            "year_quarter": 20183,
            "year": 2018,
            "quarter": 3,
            "eps": 0.05,
            "eps_growth_year": -54.55,
            "eps_4q": -0.54,
            "eps_4q_growth_year": null,
            "roe": 0.18,
            "roe_4q": -3.3899999999999997,
            "gross_profit": 717734,
            "gross_margin": 14.13,
            "gross_margin_4q_avg": 12.81,
            "net_income": 25881,
            "net_income_4q": null,
            "revenue": 5078974,
            "revenue_4q": null,
            "common_shares": 9034349,
            "book_valuer_per_share": 16.13,
            "book_valuer_per_share_4q_avg": 16.07,
            "equity": 14508189,
            "current_ratio": 133.32,
            "debt_ratio": 47.7,
            "inventory_turnover_ratio": 0.98,
            "account_receivable_turnover_ratio": 1.61,
            "reinvestment_rate": null,
            "research_to_sale_ratio": 0.05,
            "price_fair": 0,
            "eps_avg_yearly": 0,
            "eps_latest_yearly": 0,
            "eps_growth_yearly": 0
        },
        "20184": {
            "year_quarter": 20184,
            "year": 2018,
            "quarter": 4,
            "eps": -0.32,
            "eps_growth_year": null,
            "eps_4q": -0.54,
            "eps_4q_growth_year": null,
            "roe": -1.89,
            "roe_4q": -3.26,
            "gross_profit": 488291,
            "gross_margin": 11.92,
            "gross_margin_4q_avg": 13.72,
            "net_income": -270915,
            "net_income_4q": null,
            "revenue": 4098092,
            "revenue_4q": null,
            "common_shares": 9034349,
            "book_valuer_per_share": 15.8,
            "book_valuer_per_share_4q_avg": 15.98,
            "equity": 14227951,
            "current_ratio": 124.56,
            "debt_ratio": 46,
            "inventory_turnover_ratio": 0.88,
            "account_receivable_turnover_ratio": 1.29,
            "reinvestment_rate": null,
            "research_to_sale_ratio": 0.18,
            "price_fair": 0,
            "eps_avg_yearly": 0,
            "eps_latest_yearly": 0,
            "eps_growth_yearly": 0
        },
        "20191": {
            "year_quarter": 20191,
            "year": 2019,
            "quarter": 1,
            "eps": 0.08,
            "eps_growth_year": null,
            "eps_4q": -0.3,
            "eps_4q_growth_year": null,
            "roe": 0.38,
            "roe_4q": -1.92,
            "gross_profit": 382298,
            "gross_margin": 11.61,
            "gross_margin_4q_avg": 12.72,
            "net_income": 53878,
            "net_income_4q": null,
            "revenue": 3293844,
            "revenue_4q": null,
            "common_shares": 9034349,
            "book_valuer_per_share": 15.92,
            "book_valuer_per_share_4q_avg": 15.97,
            "equity": 14316561,
            "current_ratio": 140.86,
            "debt_ratio": 43.39,
            "inventory_turnover_ratio": 0.72,
            "account_receivable_turnover_ratio": 1.22,
            "reinvestment_rate": null,
            "research_to_sale_ratio": 0.09,
            "price_fair": 0,
            "eps_avg_yearly": 0,
            "eps_latest_yearly": 0,
            "eps_growth_yearly": 0
        },
        "20192": {
            "year_quarter": 20192,
            "year": 2019,
            "quarter": 2,
            "eps": 0.04,
            "eps_growth_year": null,
            "eps_4q": -0.16,
            "eps_4q_growth_year": null,
            "roe": 0.67,
            "roe_4q": -0.6599999999999999,
            "gross_profit": 487960,
            "gross_margin": 13.45,
            "gross_margin_4q_avg": 12.78,
            "net_income": 92652,
            "net_income_4q": null,
            "revenue": 3626745,
            "revenue_4q": null,
            "common_shares": 9034349,
            "book_valuer_per_share": 14.56,
            "book_valuer_per_share_4q_avg": 15.6,
            "equity": 13247967,
            "current_ratio": 124.28,
            "debt_ratio": 49.62,
            "inventory_turnover_ratio": 0.76,
            "account_receivable_turnover_ratio": 1.33,
            "reinvestment_rate": null,
            "research_to_sale_ratio": 0.11,
            "price_fair": 0.48,
            "eps_avg_yearly": 0.16,
            "eps_latest_yearly": 0.16,
            "eps_growth_yearly": -200
        },
        "20193": {
            "year_quarter": 20193,
            "year": 2019,
            "quarter": 3,
            "eps": 0.06,
            "eps_growth_year": 20,
            "eps_4q": -0.14,
            "eps_4q_growth_year": null,
            "roe": 0.5,
            "roe_4q": -0.3400000000000001,
            "gross_profit": 705148,
            "gross_margin": 14.02,
            "gross_margin_4q_avg": 12.75,
            "net_income": 66997,
            "net_income_4q": null,
            "revenue": 5031188,
            "revenue_4q": null,
            "common_shares": 9034349,
            "book_valuer_per_share": 14.58,
            "book_valuer_per_share_4q_avg": 15.22,
            "equity": 13581082,
            "current_ratio": 122.1,
            "debt_ratio": 49.55,
            "inventory_turnover_ratio": 1,
            "account_receivable_turnover_ratio": 1.77,
            "reinvestment_rate": null,
            "research_to_sale_ratio": 0.07,
            "price_fair": 0.6,
            "eps_avg_yearly": 0.2,
            "eps_latest_yearly": 0.24,
            "eps_growth_yearly": -0
        },
        "20194": {
            "year_quarter": 20194,
            "year": 2019,
            "quarter": 4,
            "eps": -1.54,
            "eps_growth_year": null,
            "eps_4q": -1.36,
            "eps_4q_growth_year": null,
            "roe": -10.17,
            "roe_4q": -8.62,
            "gross_profit": 904693,
            "gross_margin": 18.22,
            "gross_margin_4q_avg": 14.33,
            "net_income": -1257160,
            "net_income_4q": null,
            "revenue": 4965786,
            "revenue_4q": null,
            "common_shares": 9034349,
            "book_valuer_per_share": 12.95,
            "book_valuer_per_share_4q_avg": 14.5,
            "equity": 11132542,
            "current_ratio": 115.06,
            "debt_ratio": 51.67,
            "inventory_turnover_ratio": 0.92,
            "account_receivable_turnover_ratio": 1.88,
            "reinvestment_rate": null,
            "research_to_sale_ratio": 0.05,
            "price_fair": 0.6,
            "eps_avg_yearly": 0.2,
            "eps_latest_yearly": 0.24,
            "eps_growth_yearly": -0
        },
        "20201": {
            "year_quarter": 20201,
            "year": 2020,
            "quarter": 1,
            "eps": -0.33,
            "eps_growth_year": -512.5,
            "eps_4q": -1.77,
            "eps_4q_growth_year": null,
            "roe": -2.33,
            "roe_4q": -11.33,
            "gross_profit": 372977,
            "gross_margin": 9.68,
            "gross_margin_4q_avg": 13.84,
            "net_income": -256916,
            "net_income_4q": null,
            "revenue": 3851231,
            "revenue_4q": null,
            "common_shares": 9034349,
            "book_valuer_per_share": 12.65,
            "book_valuer_per_share_4q_avg": 13.69,
            "equity": 10948533,
            "current_ratio": 113.24,
            "debt_ratio": 52.8,
            "inventory_turnover_ratio": 0.81,
            "account_receivable_turnover_ratio": 1.67,
            "reinvestment_rate": null,
            "research_to_sale_ratio": 0.1,
            "price_fair": 0.6,
            "eps_avg_yearly": 0.2,
            "eps_latest_yearly": 0.24,
            "eps_growth_yearly": -0
        },
        "20202": {
            "year_quarter": 20202,
            "year": 2020,
            "quarter": 2,
            "eps": -0.12,
            "eps_growth_year": -400,
            "eps_4q": -1.94,
            "eps_4q_growth_year": null,
            "roe": -1.05,
            "roe_4q": -13.05,
            "gross_profit": 716319,
            "gross_margin": 16.61,
            "gross_margin_4q_avg": 14.63,
            "net_income": -115389,
            "net_income_4q": null,
            "revenue": 4312857,
            "revenue_4q": null,
            "common_shares": 8200469,
            "book_valuer_per_share": 12.37,
            "book_valuer_per_share_4q_avg": 13.14,
            "equity": 11054737,
            "current_ratio": 114.73,
            "debt_ratio": 52.14,
            "inventory_turnover_ratio": 0.84,
            "account_receivable_turnover_ratio": 1.62,
            "reinvestment_rate": null,
            "research_to_sale_ratio": 0.06,
            "price_fair": 0.6,
            "eps_avg_yearly": 0.2,
            "eps_latest_yearly": 0.24,
            "eps_growth_yearly": -0
        },
        "20203": {
            "year_quarter": 20203,
            "year": 2020,
            "quarter": 3,
            "eps": 0.04,
            "eps_growth_year": -33.33,
            "eps_4q": -1.95,
            "eps_4q_growth_year": null,
            "roe": 0.34,
            "roe_4q": -13.21,
            "gross_profit": 1327895,
            "gross_margin": 26.8,
            "gross_margin_4q_avg": 17.83,
            "net_income": 36633,
            "net_income_4q": null,
            "revenue": 4954395,
            "revenue_4q": null,
            "common_shares": 8200469,
            "book_valuer_per_share": 12.18,
            "book_valuer_per_share_4q_avg": 12.54,
            "equity": 10652295,
            "current_ratio": 111.37,
            "debt_ratio": 53.82,
            "inventory_turnover_ratio": 0.88,
            "account_receivable_turnover_ratio": 1.39,
            "reinvestment_rate": null,
            "research_to_sale_ratio": 0.04,
            "price_fair": 0.6,
            "eps_avg_yearly": 0.2,
            "eps_latest_yearly": 0.24,
            "eps_growth_yearly": -0
        },
        "20204": {
            "year_quarter": 20204,
            "year": 2020,
            "quarter": 4,
            "eps": 0.27,
            "eps_growth_year": null,
            "eps_4q": -0.14,
            "eps_4q_growth_year": null,
            "roe": 2.29,
            "roe_4q": -0.7500000000000002,
            "gross_profit": 615959,
            "gross_margin": 15.56,
            "gross_margin_4q_avg": 17.16,
            "net_income": 246062,
            "net_income_4q": null,
            "revenue": 3959349,
            "revenue_4q": null,
            "common_shares": 8200469,
            "book_valuer_per_share": 12.38,
            "book_valuer_per_share_4q_avg": 12.4,
            "equity": 10793756,
            "current_ratio": 113.72,
            "debt_ratio": 50.58,
            "inventory_turnover_ratio": 0.82,
            "account_receivable_turnover_ratio": 1.01,
            "reinvestment_rate": null,
            "research_to_sale_ratio": 0.04,
            "price_fair": 17.27,
            "eps_avg_yearly": 0.49,
            "eps_latest_yearly": 1.08,
            "eps_growth_yearly": 766.67
        },
        "20211": {
            "year_quarter": 20211,
            "year": 2021,
            "quarter": 1,
            "eps": -0.32,
            "eps_growth_year": null,
            "eps_4q": -0.13,
            "eps_4q_growth_year": null,
            "roe": -2.33,
            "roe_4q": -0.75,
            "gross_profit": 491748,
            "gross_margin": 11.45,
            "gross_margin_4q_avg": 17.61,
            "net_income": -249792,
            "net_income_4q": null,
            "revenue": 4294612,
            "revenue_4q": null,
            "common_shares": 8189149,
            "book_valuer_per_share": 12.08,
            "book_valuer_per_share_4q_avg": 12.25,
            "equity": 10623252,
            "current_ratio": 114.44,
            "debt_ratio": 51.66,
            "inventory_turnover_ratio": 0.93,
            "account_receivable_turnover_ratio": 1.09,
            "reinvestment_rate": null,
            "research_to_sale_ratio": 0.03,
            "price_fair": 17.27,
            "eps_avg_yearly": 0.49,
            "eps_latest_yearly": 1.08,
            "eps_growth_yearly": 766.67
        },
        "20212": {
            "year_quarter": 20212,
            "year": 2021,
            "quarter": 2,
            "eps": -0.5,
            "eps_growth_year": null,
            "eps_4q": -0.51,
            "eps_4q_growth_year": null,
            "roe": -4.06,
            "roe_4q": -3.76,
            "gross_profit": 487458,
            "gross_margin": 15,
            "gross_margin_4q_avg": 17.2,
            "net_income": -420745,
            "net_income_4q": null,
            "revenue": 3249578,
            "revenue_4q": null,
            "common_shares": 8189149,
            "book_valuer_per_share": 11.5,
            "book_valuer_per_share_4q_avg": 12.04,
            "equity": 10122259,
            "current_ratio": 114.25,
            "debt_ratio": 52.65,
            "inventory_turnover_ratio": 0.62,
            "account_receivable_turnover_ratio": 0.9,
            "reinvestment_rate": null,
            "research_to_sale_ratio": 0.05,
            "price_fair": 17.27,
            "eps_avg_yearly": 0.49,
            "eps_latest_yearly": 1.08,
            "eps_growth_yearly": 766.67
        },
        "20213": {
            "year_quarter": 20213,
            "year": 2021,
            "quarter": 3,
            "eps": 0.17,
            "eps_growth_year": 325,
            "eps_4q": -0.38,
            "eps_4q_growth_year": null,
            "roe": 1.4,
            "roe_4q": -2.7,
            "gross_profit": 1017504,
            "gross_margin": 19.45,
            "gross_margin_4q_avg": 15.37,
            "net_income": 140096,
            "net_income_4q": null,
            "revenue": 5231873,
            "revenue_4q": null,
            "common_shares": 8189149,
            "book_valuer_per_share": 11.45,
            "book_valuer_per_share_4q_avg": 11.85,
            "equity": 9932490,
            "current_ratio": 112.87,
            "debt_ratio": 51.97,
            "inventory_turnover_ratio": 0.96,
            "account_receivable_turnover_ratio": 1.49,
            "reinvestment_rate": null,
            "research_to_sale_ratio": 0.04,
            "price_fair": 17.27,
            "eps_avg_yearly": 0.49,
            "eps_latest_yearly": 1.08,
            "eps_growth_yearly": 766.67
        },
        "20214": {
            "year_quarter": 20214,
            "year": 2021,
            "quarter": 4,
            "eps": -1.66,
            "eps_growth_year": -721.06,
            "eps_4q": -2.31,
            "eps_4q_growth_year": null,
            "roe": -14.95,
            "roe_4q": -19.939999999999998,
            "gross_profit": 199048,
            "gross_margin": 5.36,
            "gross_margin_4q_avg": 12.82,
            "net_income": -1379580,
            "net_income_4q": null,
            "revenue": 3711187,
            "revenue_4q": null,
            "common_shares": 8189149,
            "book_valuer_per_share": 9.68,
            "book_valuer_per_share_4q_avg": 11.18,
            "equity": 8519605,
            "current_ratio": 106.1,
            "debt_ratio": 55.46,
            "inventory_turnover_ratio": 0.85,
            "account_receivable_turnover_ratio": 1.19,
            "reinvestment_rate": null,
            "research_to_sale_ratio": 0.07,
            "price_fair": 17.27,
            "eps_avg_yearly": 0.49,
            "eps_latest_yearly": 1.08,
            "eps_growth_yearly": 766.67
        },
        "20221": {
            "year_quarter": 20221,
            "year": 2022,
            "quarter": 1,
            "eps": -1.05,
            "eps_growth_year": null,
            "eps_4q": -3.03,
            "eps_4q_growth_year": null,
            "roe": -10.59,
            "roe_4q": -28.2,
            "gross_profit": 409555,
            "gross_margin": 10.15,
            "gross_margin_4q_avg": 12.49,
            "net_income": -863437,
            "net_income_4q": null,
            "revenue": 4034053,
            "revenue_4q": null,
            "common_shares": 8189149,
            "book_valuer_per_share": 8.75,
            "book_valuer_per_share_4q_avg": 10.35,
            "equity": 7784276,
            "current_ratio": 98.74,
            "debt_ratio": 59.66,
            "inventory_turnover_ratio": 0.78,
            "account_receivable_turnover_ratio": 1.75,
            "reinvestment_rate": null,
            "research_to_sale_ratio": 0.05,
            "price_fair": 17.27,
            "eps_avg_yearly": 0.49,
            "eps_latest_yearly": 1.08,
            "eps_growth_yearly": 766.67
        },
        "20222": {
            "year_quarter": 20222,
            "year": 2022,
            "quarter": 2,
            "eps": null,
            "eps_growth_year": null,
            "eps_4q": null,
            "eps_4q_growth_year": null,
            "roe": null,
            "roe_4q": -24.14,
            "gross_profit": null,
            "gross_margin": null,
            "gross_margin_4q_avg": 8.74,
            "net_income": null,
            "net_income_4q": null,
            "revenue": null,
            "revenue_4q": null,
            "common_shares": null,
            "book_valuer_per_share": null,
            "book_valuer_per_share_4q_avg": 7.47,
            "equity": null,
            "current_ratio": null,
            "debt_ratio": null,
            "inventory_turnover_ratio": null,
            "account_receivable_turnover_ratio": null,
            "reinvestment_rate": null,
            "research_to_sale_ratio": null,
            "price_fair": 17.27,
            "eps_avg_yearly": 0.49,
            "eps_latest_yearly": 1.08,
            "eps_growth_yearly": 766.67
        },
        "20223": {
            "year_quarter": 20223,
            "year": 2022,
            "quarter": 3,
            "eps": -0.31,
            "eps_growth_year": -282.35,
            "eps_4q": null,
            "eps_4q_growth_year": null,
            "roe": -4.33,
            "roe_4q": -29.869999999999997,
            "gross_profit": 778584,
            "gross_margin": 15.84,
            "gross_margin_4q_avg": 7.84,
            "net_income": -246569,
            "net_income_4q": null,
            "revenue": 4915534,
            "revenue_4q": null,
            "common_shares": 8189149,
            "book_valuer_per_share": 6.11,
            "book_valuer_per_share_4q_avg": 6.14,
            "equity": 5698683,
            "current_ratio": 89.25,
            "debt_ratio": 69.53,
            "inventory_turnover_ratio": 0.8,
            "account_receivable_turnover_ratio": 1.87,
            "reinvestment_rate": null,
            "research_to_sale_ratio": 0,
            "price_fair": 17.27,
            "eps_avg_yearly": 0.49,
            "eps_latest_yearly": 1.08,
            "eps_growth_yearly": 766.67
        },
        "20224": {
            "year_quarter": 20224,
            "year": 2022,
            "quarter": 4,
            "eps": -1.36,
            "eps_growth_year": null,
            "eps_4q": null,
            "eps_4q_growth_year": null,
            "roe": -22.01,
            "roe_4q": -36.93000000000001,
            "gross_profit": 322328,
            "gross_margin": 8.84,
            "gross_margin_4q_avg": 8.71,
            "net_income": -1127774,
            "net_income_4q": null,
            "revenue": 3647487,
            "revenue_4q": null,
            "common_shares": 8189149,
            "book_valuer_per_share": 4.78,
            "book_valuer_per_share_4q_avg": 4.91,
            "equity": 4548278,
            "current_ratio": 92.08,
            "debt_ratio": 70.05,
            "inventory_turnover_ratio": 0.71,
            "account_receivable_turnover_ratio": 1.65,
            "reinvestment_rate": null,
            "research_to_sale_ratio": 0.1,
            "price_fair": 17.27,
            "eps_avg_yearly": 0.49,
            "eps_latest_yearly": 1.08,
            "eps_growth_yearly": 766.67
        },
        "20231": {
            "year_quarter": 20231,
            "year": 2023,
            "quarter": 1,
            "eps": -0.66,
            "eps_growth_year": null,
            "eps_4q": null,
            "eps_4q_growth_year": null,
            "roe": -12.7,
            "roe_4q": -39.04,
            "gross_profit": 170606,
            "gross_margin": 5.35,
            "gross_margin_4q_avg": 7.51,
            "net_income": -541891,
            "net_income_4q": null,
            "revenue": 3188894,
            "revenue_4q": null,
            "common_shares": 8189149,
            "book_valuer_per_share": 4.1,
            "book_valuer_per_share_4q_avg": 3.75,
            "equity": 3987490,
            "current_ratio": 84.28,
            "debt_ratio": 70.32,
            "inventory_turnover_ratio": 0.79,
            "account_receivable_turnover_ratio": 2.19,
            "reinvestment_rate": null,
            "research_to_sale_ratio": 0,
            "price_fair": 17.27,
            "eps_avg_yearly": 0.49,
            "eps_latest_yearly": 1.08,
            "eps_growth_yearly": 766.67
        },
        "20232": {
            "year_quarter": 20232,
            "year": 2023,
            "quarter": 2,
            "eps": -0.03,
            "eps_growth_year": null,
            "eps_4q": -2.36,
            "eps_4q_growth_year": null,
            "roe": -1.23,
            "roe_4q": -40.269999999999996,
            "gross_profit": 671407,
            "gross_margin": 19,
            "gross_margin_4q_avg": 12.26,
            "net_income": -48847,
            "net_income_4q": null,
            "revenue": 3533546,
            "revenue_4q": null,
            "common_shares": 8189149,
            "book_valuer_per_share": 4.12,
            "book_valuer_per_share_4q_avg": 4.78,
            "equity": 3971165,
            "current_ratio": 87.23,
            "debt_ratio": 72.07,
            "inventory_turnover_ratio": 0.8,
            "account_receivable_turnover_ratio": 2.37,
            "reinvestment_rate": null,
            "research_to_sale_ratio": 0,
            "price_fair": 23.1,
            "eps_avg_yearly": 0.66,
            "eps_latest_yearly": 1.08,
            "eps_growth_yearly": 1250
        },
        "20233": {
            "year_quarter": 20233,
            "year": 2023,
            "quarter": 3,
            "eps": -0.01,
            "eps_growth_year": null,
            "eps_4q": -2,
            "eps_4q_growth_year": null,
            "roe": 0.6,
            "roe_4q": -35.34,
            "gross_profit": 636065,
            "gross_margin": 16.62,
            "gross_margin_4q_avg": 12.45,
            "net_income": 24521,
            "net_income_4q": null,
            "revenue": 3826213,
            "revenue_4q": null,
            "common_shares": 8456149,
            "book_valuer_per_share": 4.45,
            "book_valuer_per_share_4q_avg": 4.36,
            "equity": 4171266,
            "current_ratio": 89.66,
            "debt_ratio": 68.49,
            "inventory_turnover_ratio": 1.02,
            "account_receivable_turnover_ratio": 1.87,
            "reinvestment_rate": null,
            "research_to_sale_ratio": 0,
            "price_fair": 37.8,
            "eps_avg_yearly": 1.08,
            "eps_latest_yearly": 1.08,
            "eps_growth_yearly": 2300
        }
    },
    "months": {
        "2001-06": {
            "month": "2001-06",
            "price": "16.56",
            "revenue": 141525
        },
        "2001-07": {
            "month": "2001-07",
            "price": "13.61",
            "revenue": 120200
        },
        "2001-08": {
            "month": "2001-08",
            "price": "12.69",
            "revenue": 122363
        },
        "2001-09": {
            "month": "2001-09",
            "price": "10.42",
            "revenue": 120500
        },
        "2001-10": {
            "month": "2001-10",
            "price": "9.64",
            "revenue": 130729
        },
        "2001-11": {
            "month": "2001-11",
            "price": "8.57",
            "revenue": 151554
        },
        "2001-12": {
            "month": "2001-12",
            "price": "13.49",
            "revenue": 217887
        },
        "2002-01": {
            "month": "2002-01",
            "price": "17.63",
            "revenue": 218335
        },
        "2002-02": {
            "month": "2002-02",
            "price": "17.92",
            "revenue": 200286
        },
        "2002-03": {
            "month": "2002-03",
            "price": "19.78",
            "revenue": 254256
        },
        "2002-04": {
            "month": "2002-04",
            "price": "24.27",
            "revenue": 235425
        },
        "2002-05": {
            "month": "2002-05",
            "price": "18.95",
            "revenue": 265297
        },
        "2002-06": {
            "month": "2002-06",
            "price": "16.27",
            "revenue": 283298
        },
        "2002-07": {
            "month": "2002-07",
            "price": "14.63",
            "revenue": 250234
        },
        "2002-08": {
            "month": "2002-08",
            "price": "13.85",
            "revenue": 208548
        },
        "2002-09": {
            "month": "2002-09",
            "price": "12.36",
            "revenue": 201141
        },
        "2002-10": {
            "month": "2002-10",
            "price": "11.69",
            "revenue": 247139
        },
        "2002-11": {
            "month": "2002-11",
            "price": "13.01",
            "revenue": 269074
        },
        "2002-12": {
            "month": "2002-12",
            "price": "13.45",
            "revenue": 364306
        },
        "2003-01": {
            "month": "2003-01",
            "price": "14.55",
            "revenue": 310364
        },
        "2003-02": {
            "month": "2003-02",
            "price": "14.14",
            "revenue": 231244
        },
        "2003-03": {
            "month": "2003-03",
            "price": "11.92",
            "revenue": 271720
        },
        "2003-04": {
            "month": "2003-04",
            "price": "11.70",
            "revenue": 248369
        },
        "2003-05": {
            "month": "2003-05",
            "price": "11.24",
            "revenue": 242446
        },
        "2003-06": {
            "month": "2003-06",
            "price": "12.94",
            "revenue": 317329
        },
        "2003-07": {
            "month": "2003-07",
            "price": "12.67",
            "revenue": 255647
        },
        "2003-08": {
            "month": "2003-08",
            "price": "11.97",
            "revenue": 214666
        },
        "2003-09": {
            "month": "2003-09",
            "price": "12.03",
            "revenue": 156342
        },
        "2003-10": {
            "month": "2003-10",
            "price": "14.34",
            "revenue": 225862
        },
        "2003-11": {
            "month": "2003-11",
            "price": "16.22",
            "revenue": 225438
        },
        "2003-12": {
            "month": "2003-12",
            "price": "16.53",
            "revenue": 307103
        },
        "2004-01": {
            "month": "2004-01",
            "price": "17.33",
            "revenue": 260133
        },
        "2004-02": {
            "month": "2004-02",
            "price": "17.35",
            "revenue": 234537
        },
        "2004-03": {
            "month": "2004-03",
            "price": "15.63",
            "revenue": 273821
        },
        "2004-04": {
            "month": "2004-04",
            "price": "14.19",
            "revenue": 270720
        },
        "2004-05": {
            "month": "2004-05",
            "price": "12.20",
            "revenue": 250388
        },
        "2004-06": {
            "month": "2004-06",
            "price": "12.17",
            "revenue": 272959
        },
        "2004-07": {
            "month": "2004-07",
            "price": "11.46",
            "revenue": 259364
        },
        "2004-08": {
            "month": "2004-08",
            "price": "10.85",
            "revenue": 230894
        },
        "2004-09": {
            "month": "2004-09",
            "price": "11.69",
            "revenue": 200062
        },
        "2004-10": {
            "month": "2004-10",
            "price": "11.44",
            "revenue": 250496
        },
        "2004-11": {
            "month": "2004-11",
            "price": "11.77",
            "revenue": 301377
        },
        "2004-12": {
            "month": "2004-12",
            "price": "11.63",
            "revenue": 406471
        },
        "2005-01": {
            "month": "2005-01",
            "price": "10.76",
            "revenue": 286123
        },
        "2005-02": {
            "month": "2005-02",
            "price": "10.54",
            "revenue": 281709
        },
        "2005-03": {
            "month": "2005-03",
            "price": "10.48",
            "revenue": 335255
        },
        "2005-04": {
            "month": "2005-04",
            "price": "10.23",
            "revenue": 234564
        },
        "2005-05": {
            "month": "2005-05",
            "price": "10.11",
            "revenue": 284857
        },
        "2005-06": {
            "month": "2005-06",
            "price": "10.10",
            "revenue": 285464
        },
        "2005-07": {
            "month": "2005-07",
            "price": "10.14",
            "revenue": 258572
        },
        "2005-08": {
            "month": "2005-08",
            "price": "8.56",
            "revenue": 259837
        },
        "2005-09": {
            "month": "2005-09",
            "price": "8.20",
            "revenue": 244264
        },
        "2005-10": {
            "month": "2005-10",
            "price": "8.04",
            "revenue": 183759
        },
        "2005-11": {
            "month": "2005-11",
            "price": "7.11",
            "revenue": 304337
        },
        "2005-12": {
            "month": "2005-12",
            "price": "7.55",
            "revenue": 315531
        },
        "2006-01": {
            "month": "2006-01",
            "price": "7.16",
            "revenue": 352171
        },
        "2006-02": {
            "month": "2006-02",
            "price": "7.09",
            "revenue": 281269
        },
        "2006-03": {
            "month": "2006-03",
            "price": "6.92",
            "revenue": 347051
        },
        "2006-04": {
            "month": "2006-04",
            "price": "6.93",
            "revenue": 285046
        },
        "2006-05": {
            "month": "2006-05",
            "price": "7.13",
            "revenue": 274486
        },
        "2006-06": {
            "month": "2006-06",
            "price": "6.74",
            "revenue": 310281
        },
        "2006-07": {
            "month": "2006-07",
            "price": "6.90",
            "revenue": 378307
        },
        "2006-08": {
            "month": "2006-08",
            "price": "6.61",
            "revenue": 231547
        },
        "2006-09": {
            "month": "2006-09",
            "price": "6.42",
            "revenue": 204287
        },
        "2006-10": {
            "month": "2006-10",
            "price": "6.26",
            "revenue": 108894
        },
        "2006-11": {
            "month": "2006-11",
            "price": "6.76",
            "revenue": 130573
        },
        "2006-12": {
            "month": "2006-12",
            "price": "7.03",
            "revenue": 170229
        },
        "2007-01": {
            "month": "2007-01",
            "price": "6.95",
            "revenue": 256078
        },
        "2007-02": {
            "month": "2007-02",
            "price": "6.80",
            "revenue": 212129
        },
        "2007-03": {
            "month": "2007-03",
            "price": "6.49",
            "revenue": 176978
        },
        "2007-04": {
            "month": "2007-04",
            "price": "6.68",
            "revenue": 173280
        },
        "2007-05": {
            "month": "2007-05",
            "price": "6.74",
            "revenue": 150332
        },
        "2007-06": {
            "month": "2007-06",
            "price": "6.78",
            "revenue": 192708
        },
        "2007-07": {
            "month": "2007-07",
            "price": "8.14",
            "revenue": 130616
        },
        "2007-08": {
            "month": "2007-08",
            "price": "7.18",
            "revenue": 153385
        },
        "2007-09": {
            "month": "2007-09",
            "price": "6.73",
            "revenue": 106154
        },
        "2007-10": {
            "month": "2007-10",
            "price": "6.72",
            "revenue": 117759
        },
        "2007-11": {
            "month": "2007-11",
            "price": "5.50",
            "revenue": 121594
        },
        "2007-12": {
            "month": "2007-12",
            "price": "4.67",
            "revenue": 207036
        },
        "2008-01": {
            "month": "2008-01",
            "price": "4.46",
            "revenue": 260823
        },
        "2008-02": {
            "month": "2008-02",
            "price": "4.45",
            "revenue": 154414
        },
        "2008-03": {
            "month": "2008-03",
            "price": "5.18",
            "revenue": 213428
        },
        "2008-04": {
            "month": "2008-04",
            "price": "5.51",
            "revenue": 200205
        },
        "2008-05": {
            "month": "2008-05",
            "price": "4.99",
            "revenue": 197011
        },
        "2008-06": {
            "month": "2008-06",
            "price": "4.32",
            "revenue": 329196
        },
        "2008-07": {
            "month": "2008-07",
            "price": "3.87",
            "revenue": 252660
        },
        "2008-08": {
            "month": "2008-08",
            "price": "4.26",
            "revenue": 190934
        },
        "2008-09": {
            "month": "2008-09",
            "price": "2.65",
            "revenue": 119441
        },
        "2008-10": {
            "month": "2008-10",
            "price": "1.97",
            "revenue": 158316
        },
        "2008-11": {
            "month": "2008-11",
            "price": "1.20",
            "revenue": 206079
        },
        "2008-12": {
            "month": "2008-12",
            "price": "1.80",
            "revenue": 202755
        },
        "2009-01": {
            "month": "2009-01",
            "price": "1.83",
            "revenue": 245949
        },
        "2009-02": {
            "month": "2009-02",
            "price": "1.48",
            "revenue": 202907
        },
        "2009-03": {
            "month": "2009-03",
            "price": "1.66",
            "revenue": 163485
        },
        "2009-04": {
            "month": "2009-04",
            "price": "2.09",
            "revenue": 262896
        },
        "2009-05": {
            "month": "2009-05",
            "price": "2.33",
            "revenue": 247219
        },
        "2009-06": {
            "month": "2009-06",
            "price": "2.91",
            "revenue": 149442
        },
        "2009-07": {
            "month": "2009-07",
            "price": "2.94",
            "revenue": 146318
        },
        "2009-08": {
            "month": "2009-08",
            "price": "2.93",
            "revenue": 184225
        },
        "2009-09": {
            "month": "2009-09",
            "price": "2.91",
            "revenue": 142661
        },
        "2009-10": {
            "month": "2009-10",
            "price": "3.10",
            "revenue": 165596
        },
        "2009-11": {
            "month": "2009-11",
            "price": "5.92",
            "revenue": 167738
        },
        "2009-12": {
            "month": "2009-12",
            "price": "5.82",
            "revenue": 240499
        },
        "2010-01": {
            "month": "2010-01",
            "price": "6.34",
            "revenue": 260848
        },
        "2010-02": {
            "month": "2010-02",
            "price": "5.76",
            "revenue": 196852
        },
        "2010-03": {
            "month": "2010-03",
            "price": "5.90",
            "revenue": 130444
        },
        "2010-04": {
            "month": "2010-04",
            "price": "6.08",
            "revenue": 208290
        },
        "2010-05": {
            "month": "2010-05",
            "price": "5.33",
            "revenue": 193047
        },
        "2010-06": {
            "month": "2010-06",
            "price": "4.86",
            "revenue": 238317
        },
        "2010-07": {
            "month": "2010-07",
            "price": "4.68",
            "revenue": 224008
        },
        "2010-08": {
            "month": "2010-08",
            "price": "5.19",
            "revenue": 204816
        },
        "2010-09": {
            "month": "2010-09",
            "price": "4.92",
            "revenue": 184303
        },
        "2010-10": {
            "month": "2010-10",
            "price": "4.98",
            "revenue": 252777
        },
        "2010-11": {
            "month": "2010-11",
            "price": "4.91",
            "revenue": 178750
        },
        "2010-12": {
            "month": "2010-12",
            "price": "8.24",
            "revenue": 252320
        },
        "2011-01": {
            "month": "2011-01",
            "price": "8.56",
            "revenue": 293967
        },
        "2011-02": {
            "month": "2011-02",
            "price": "11.30",
            "revenue": 246376
        },
        "2011-03": {
            "month": "2011-03",
            "price": "12.17",
            "revenue": 173043
        },
        "2011-04": {
            "month": "2011-04",
            "price": "11.90",
            "revenue": 243238
        },
        "2011-05": {
            "month": "2011-05",
            "price": "11.15",
            "revenue": 295602
        },
        "2011-06": {
            "month": "2011-06",
            "price": "10.52",
            "revenue": 204393
        },
        "2011-07": {
            "month": "2011-07",
            "price": "10.49",
            "revenue": 226394
        },
        "2011-08": {
            "month": "2011-08",
            "price": "11.06",
            "revenue": 172538
        },
        "2011-09": {
            "month": "2011-09",
            "price": "10.88",
            "revenue": 178814
        },
        "2011-10": {
            "month": "2011-10",
            "price": "10.78",
            "revenue": 185957
        },
        "2011-11": {
            "month": "2011-11",
            "price": "10.44",
            "revenue": 210230
        },
        "2011-12": {
            "month": "2011-12",
            "price": "8.80",
            "revenue": 245217
        },
        "2012-01": {
            "month": "2012-01",
            "price": "8.69",
            "revenue": 236655
        },
        "2012-02": {
            "month": "2012-02",
            "price": "9.79",
            "revenue": 175220
        },
        "2012-03": {
            "month": "2012-03",
            "price": "9.56",
            "revenue": 169016
        },
        "2012-04": {
            "month": "2012-04",
            "price": "8.36",
            "revenue": 143886
        },
        "2012-05": {
            "month": "2012-05",
            "price": "7.13",
            "revenue": 262257
        },
        "2012-06": {
            "month": "2012-06",
            "price": "6.42",
            "revenue": 259403
        },
        "2012-07": {
            "month": "2012-07",
            "price": "6.61",
            "revenue": 352549
        },
        "2012-08": {
            "month": "2012-08",
            "price": "7.64",
            "revenue": 235602
        },
        "2012-09": {
            "month": "2012-09",
            "price": "8.56",
            "revenue": 228586
        },
        "2012-10": {
            "month": "2012-10",
            "price": "8.95",
            "revenue": 198229
        },
        "2012-11": {
            "month": "2012-11",
            "price": "9.36",
            "revenue": 215077
        },
        "2012-12": {
            "month": "2012-12",
            "price": "9.28",
            "revenue": 296416
        },
        "2013-01": {
            "month": "2013-01",
            "price": "9.76",
            "revenue": 226479
        },
        "2013-02": {
            "month": "2013-02",
            "price": "10.44",
            "revenue": 163973
        },
        "2013-03": {
            "month": "2013-03",
            "price": "10.05",
            "revenue": 236074
        },
        "2013-04": {
            "month": "2013-04",
            "price": "9.67",
            "revenue": 225452
        },
        "2013-05": {
            "month": "2013-05",
            "price": "10.32",
            "revenue": 303715
        },
        "2013-06": {
            "month": "2013-06",
            "price": "12.65",
            "revenue": 259665
        },
        "2013-07": {
            "month": "2013-07",
            "price": "12.35",
            "revenue": 231318
        },
        "2013-08": {
            "month": "2013-08",
            "price": "12.87",
            "revenue": 222617
        },
        "2013-09": {
            "month": "2013-09",
            "price": "13.30",
            "revenue": 253159
        },
        "2013-10": {
            "month": "2013-10",
            "price": "15.86",
            "revenue": 201311
        },
        "2013-11": {
            "month": "2013-11",
            "price": "14.80",
            "revenue": 288780
        },
        "2013-12": {
            "month": "2013-12",
            "price": "14.47",
            "revenue": 329320
        },
        "2014-01": {
            "month": "2014-01",
            "price": "14.24",
            "revenue": 218529
        },
        "2014-02": {
            "month": "2014-02",
            "price": "15.29",
            "revenue": 261454
        },
        "2014-03": {
            "month": "2014-03",
            "price": "18.14",
            "revenue": 156991
        },
        "2014-04": {
            "month": "2014-04",
            "price": "18.76",
            "revenue": 198126
        },
        "2014-05": {
            "month": "2014-05",
            "price": "19.75",
            "revenue": 199604
        },
        "2014-06": {
            "month": "2014-06",
            "price": "21.84",
            "revenue": 217214
        },
        "2014-07": {
            "month": "2014-07",
            "price": "19.71",
            "revenue": 285496
        },
        "2014-08": {
            "month": "2014-08",
            "price": "18.11",
            "revenue": 241666
        },
        "2014-09": {
            "month": "2014-09",
            "price": "17.33",
            "revenue": 111930
        },
        "2014-10": {
            "month": "2014-10",
            "price": "14.99",
            "revenue": 266628
        },
        "2014-11": {
            "month": "2014-11",
            "price": "14.09",
            "revenue": 185842
        },
        "2014-12": {
            "month": "2014-12",
            "price": "15.84",
            "revenue": 230742
        },
        "2015-01": {
            "month": "2015-01",
            "price": "18.14",
            "revenue": 238074
        },
        "2015-02": {
            "month": "2015-02",
            "price": "17.11",
            "revenue": 151621
        },
        "2015-03": {
            "month": "2015-03",
            "price": "17.37",
            "revenue": 213189
        },
        "2015-04": {
            "month": "2015-04",
            "price": "16.86",
            "revenue": 186302
        },
        "2015-05": {
            "month": "2015-05",
            "price": "16.88",
            "revenue": 198492
        },
        "2015-06": {
            "month": "2015-06",
            "price": "15.42",
            "revenue": 224588
        },
        "2015-07": {
            "month": "2015-07",
            "price": "15.00",
            "revenue": 232136
        },
        "2015-08": {
            "month": "2015-08",
            "price": "14.97",
            "revenue": 194435
        },
        "2015-09": {
            "month": "2015-09",
            "price": "17.32",
            "revenue": 135895
        },
        "2015-10": {
            "month": "2015-10",
            "price": "18.03",
            "revenue": 164299
        },
        "2015-11": {
            "month": "2015-11",
            "price": "18.63",
            "revenue": 252691
        },
        "2015-12": {
            "month": "2015-12",
            "price": "19.84",
            "revenue": 240960
        },
        "2016-01": {
            "month": "2016-01",
            "price": "18.42",
            "revenue": 324836
        },
        "2016-02": {
            "month": "2016-02",
            "price": "19.73",
            "revenue": 271082
        },
        "2016-03": {
            "month": "2016-03",
            "price": "24.31",
            "revenue": 188584
        },
        "2016-04": {
            "month": "2016-04",
            "price": "22.56",
            "revenue": 146342
        },
        "2016-05": {
            "month": "2016-05",
            "price": "21.73",
            "revenue": 268074
        },
        "2016-06": {
            "month": "2016-06",
            "price": "21.07",
            "revenue": 281105
        },
        "2016-07": {
            "month": "2016-07",
            "price": "21.40",
            "revenue": 264246
        },
        "2016-08": {
            "month": "2016-08",
            "price": "20.14",
            "revenue": 217618
        },
        "2016-09": {
            "month": "2016-09",
            "price": "19.33",
            "revenue": 128062
        },
        "2016-10": {
            "month": "2016-10",
            "price": "19.05",
            "revenue": 224367
        },
        "2016-11": {
            "month": "2016-11",
            "price": "17.98",
            "revenue": 168968
        },
        "2016-12": {
            "month": "2016-12",
            "price": "17.53",
            "revenue": 278622
        },
        "2017-01": {
            "month": "2017-01",
            "price": "18.91",
            "revenue": 214370
        },
        "2017-02": {
            "month": "2017-02",
            "price": "19.68",
            "revenue": 206526
        },
        "2017-03": {
            "month": "2017-03",
            "price": "20.07",
            "revenue": 163245
        },
        "2017-04": {
            "month": "2017-04",
            "price": "18.59",
            "revenue": 157426
        },
        "2017-05": {
            "month": "2017-05",
            "price": "19.06",
            "revenue": 194366
        },
        "2017-06": {
            "month": "2017-06",
            "price": "19.53",
            "revenue": 240621
        },
        "2017-07": {
            "month": "2017-07",
            "price": "18.36",
            "revenue": 314158
        },
        "2017-08": {
            "month": "2017-08",
            "price": "18.73",
            "revenue": 2194935
        },
        "2017-09": {
            "month": "2017-09",
            "price": "20.31",
            "revenue": 1340888
        },
        "2017-10": {
            "month": "2017-10",
            "price": "19.55",
            "revenue": 1408963
        },
        "2017-11": {
            "month": "2017-11",
            "price": "18.91",
            "revenue": 1633713
        },
        "2017-12": {
            "month": "2017-12",
            "price": "17.76",
            "revenue": 1815509
        },
        "2018-01": {
            "month": "2018-01",
            "price": "17.90",
            "revenue": 1135198
        },
        "2018-02": {
            "month": "2018-02",
            "price": "17.57",
            "revenue": 1236203
        },
        "2018-03": {
            "month": "2018-03",
            "price": "16.58",
            "revenue": 1231888
        },
        "2018-04": {
            "month": "2018-04",
            "price": "14.85",
            "revenue": 1099403
        },
        "2018-05": {
            "month": "2018-05",
            "price": "15.65",
            "revenue": 1401729
        },
        "2018-06": {
            "month": "2018-06",
            "price": "15.02",
            "revenue": 2127398
        },
        "2018-07": {
            "month": "2018-07",
            "price": "14.90",
            "revenue": 1608749
        },
        "2018-08": {
            "month": "2018-08",
            "price": "14.18",
            "revenue": 1723612
        },
        "2018-09": {
            "month": "2018-09",
            "price": "13.72",
            "revenue": 1742213
        },
        "2018-10": {
            "month": "2018-10",
            "price": "13.50",
            "revenue": 1199538
        },
        "2018-11": {
            "month": "2018-11",
            "price": "13.52",
            "revenue": 1352066
        },
        "2018-12": {
            "month": "2018-12",
            "price": "13.63",
            "revenue": 1592830
        },
        "2019-01": {
            "month": "2019-01",
            "price": "14.41",
            "revenue": 1082296
        },
        "2019-02": {
            "month": "2019-02",
            "price": "14.96",
            "revenue": 1245413
        },
        "2019-03": {
            "month": "2019-03",
            "price": "14.81",
            "revenue": 959703
        },
        "2019-04": {
            "month": "2019-04",
            "price": "14.02",
            "revenue": 878159
        },
        "2019-05": {
            "month": "2019-05",
            "price": "14.28",
            "revenue": 1171338
        },
        "2019-06": {
            "month": "2019-06",
            "price": "14.05",
            "revenue": 1461298
        },
        "2019-07": {
            "month": "2019-07",
            "price": "14.07",
            "revenue": 1686240
        },
        "2019-08": {
            "month": "2019-08",
            "price": "11.14",
            "revenue": 1788205
        },
        "2019-09": {
            "month": "2019-09",
            "price": "12.10",
            "revenue": 1721438
        },
        "2019-10": {
            "month": "2019-10",
            "price": "11.32",
            "revenue": 1342812
        },
        "2019-11": {
            "month": "2019-11",
            "price": "11.53",
            "revenue": 1587441
        },
        "2019-12": {
            "month": "2019-12",
            "price": "11.92",
            "revenue": 1929909
        },
        "2020-01": {
            "month": "2020-01",
            "price": "11.54",
            "revenue": 1327928
        },
        "2020-02": {
            "month": "2020-02",
            "price": "10.34",
            "revenue": 1329222
        },
        "2020-03": {
            "month": "2020-03",
            "price": "9.05",
            "revenue": 1251347
        },
        "2020-04": {
            "month": "2020-04",
            "price": "8.64",
            "revenue": 924101
        },
        "2020-05": {
            "month": "2020-05",
            "price": "8.76",
            "revenue": 1153962
        },
        "2020-06": {
            "month": "2020-06",
            "price": "11.72",
            "revenue": 2164325
        },
        "2020-07": {
            "month": "2020-07",
            "price": "13.89",
            "revenue": 1692605
        },
        "2020-08": {
            "month": "2020-08",
            "price": "13.32",
            "revenue": 2034369
        },
        "2020-09": {
            "month": "2020-09",
            "price": "12.74",
            "revenue": 1588651
        },
        "2020-10": {
            "month": "2020-10",
            "price": "11.91",
            "revenue": 1621854
        },
        "2020-11": {
            "month": "2020-11",
            "price": "11.31",
            "revenue": 1198668
        },
        "2020-12": {
            "month": "2020-12",
            "price": "11.28",
            "revenue": 1544865
        },
        "2021-01": {
            "month": "2021-01",
            "price": "9.96",
            "revenue": 1223675
        },
        "2021-02": {
            "month": "2021-02",
            "price": "9.88",
            "revenue": 1670267
        },
        "2021-03": {
            "month": "2021-03",
            "price": "9.89",
            "revenue": 1382808
        },
        "2021-04": {
            "month": "2021-04",
            "price": "10.77",
            "revenue": 1295215
        },
        "2021-05": {
            "month": "2021-05",
            "price": "10.00",
            "revenue": 929443
        },
        "2021-06": {
            "month": "2021-06",
            "price": "9.46",
            "revenue": 1058692
        },
        "2021-07": {
            "month": "2021-07",
            "price": "8.97",
            "revenue": 1936302
        },
        "2021-08": {
            "month": "2021-08",
            "price": "8.38",
            "revenue": 1493036
        },
        "2021-09": {
            "month": "2021-09",
            "price": "7.97",
            "revenue": 1841650
        },
        "2021-10": {
            "month": "2021-10",
            "price": "8.22",
            "revenue": 1108176
        },
        "2021-11": {
            "month": "2021-11",
            "price": "7.79",
            "revenue": 1170913
        },
        "2021-12": {
            "month": "2021-12",
            "price": "6.99",
            "revenue": 1288430
        },
        "2022-01": {
            "month": "2022-01",
            "price": "6.78",
            "revenue": 1331669
        },
        "2022-02": {
            "month": "2022-02",
            "price": "6.78",
            "revenue": 1352164
        },
        "2022-03": {
            "month": "2022-03",
            "price": "6.26",
            "revenue": 1311446
        },
        "2022-04": {
            "month": "2022-04",
            "price": "5.38",
            "revenue": 1608847
        },
        "2022-05": {
            "month": "2022-05",
            "price": "4.79",
            "revenue": 1502095
        },
        "2022-06": {
            "month": "2022-06",
            "price": "5.07",
            "revenue": 1463842
        },
        "2022-07": {
            "month": "2022-07",
            "price": "4.47",
            "revenue": 1778776
        },
        "2022-08": {
            "month": "2022-08",
            "price": "3.03",
            "revenue": 1311522
        },
        "2023-06": {
            "month": "2023-06",
            "price": "3.83",
            "revenue": 1215501
        },
        "2023-07": {
            "month": "2023-07",
            "price": "4.48",
            "revenue": 1496561
        },
        "2023-08": {
            "month": "2023-08",
            "price": "3.87",
            "revenue": 1426186
        },
        "2023-09": {
            "month": "2023-09",
            "price": "3.92",
            "revenue": 1085047
        },
        "2023-10": {
            "month": "2023-10",
            "price": "3.51",
            "revenue": 1027454
        },
        "2023-11": {
            "month": "2023-11",
            "price": "3.75",
            "revenue": 844145
        },
        "2023-12": {
            "month": "2023-12",
            "price": "3.69",
            "revenue": 1025945
        }
    }
}
