{
    "summary": {
        "stock_name": "三圓",
        "stock_id": "4416",
        "category": "建材營造",
        "main_business": "委託營造廠商興建商業大樓、國民住宅出租出售業務。<br>室內裝潢設計工程承攬及有關裝潢材料之進出口買賣。",
        "website_url": "http://www.shanyuan.com.tw",
        "ceo": "白昌明",
        "pe_ratio": -67,
        "report_year_from": 2001,
        "report_year_to": 2023,
        "age": 23,
        "eps_negative_percentage": 43,
        "eps_growth_avg": {
            "last_all": 15.89,
            "last_2y": -100,
            "last_4y": -100,
            "last_8y": -38.56,
            "last_12y": 12.83,
            "last_16y": 18.77,
            "last_20y": 15.89,
            "at_2006_last_3y": 0,
            "at_2007_last_3y": 26.7,
            "at_2008_last_3y": 45.39,
            "at_2009_last_3y": 56.4,
            "at_2010_last_3y": 29.18,
            "at_2011_last_3y": 34.15,
            "at_2012_last_3y": 70.13,
            "at_2013_last_3y": 24.15,
            "at_2014_last_3y": 51.37,
            "at_2015_last_3y": 47.45,
            "at_2016_last_3y": -2.55,
            "at_2017_last_3y": 28.11,
            "at_2018_last_3y": -7.84,
            "at_2019_last_3y": -100,
            "at_2020_last_3y": null,
            "at_2021_last_3y": null,
            "at_2022_last_3y": -100,
            "at_2023_last_3y": -100,
            "at_2024_last_3y": -100,
            "at_2006_last_all": 0,
            "at_2007_last_all": 26.7,
            "at_2008_last_all": 9.04,
            "at_2009_last_all": 25.12,
            "at_2010_last_all": 19.45,
            "at_2011_last_all": 30.96,
            "at_2012_last_all": 39.59,
            "at_2013_last_all": 24.69,
            "at_2014_last_all": 32.22,
            "at_2015_last_all": 36.96,
            "at_2016_last_all": 25.54,
            "at_2017_last_all": 25.54,
            "at_2018_last_all": 25.54,
            "at_2019_last_all": 25.54,
            "at_2020_last_all": 25.54,
            "at_2021_last_all": 25.54,
            "at_2022_last_all": 15.89,
            "at_2023_last_all": 15.89,
            "at_2024_last_all": 15.89
        },
        "latest_eps": -1.45,
        "latest_price": 96.8,
        "latest_roe": -4.83,
        "latest_gross_margin": 57.98,
        "latest_equity": 1655198,
        "latest_revenue": 25328,
        "latest_gross_profit": 14685,
        "latest_net_income": -8768,
        "latest_debt_ratio": 88.42,
        "latest_current_ratio": 111.08,
        "latest_account_receivable_turnover_ratio": 3.81,
        "latest_inventory_turnover_ratio": 0,
        "latest_reinvestment_rate": -2.98,
        "latest_research_to_sale_ratio": null
    },
    "eps_dividends": {
        "1999": {
            "cash": 1.43,
            "stock": 0,
            "eps": 0
        },
        "2000": {
            "cash": 0,
            "stock": 1,
            "eps": 0
        },
        "2001": {
            "cash": 0,
            "stock": 0,
            "eps": -1.1
        },
        "2002": {
            "cash": 0,
            "stock": 0,
            "eps": -0.26
        },
        "2003": {
            "cash": 0,
            "stock": 0,
            "eps": 0.35
        },
        "2004": {
            "cash": 0,
            "stock": 0,
            "eps": -1.24
        },
        "2005": {
            "cash": 0,
            "stock": 0,
            "eps": 1
        },
        "2006": {
            "cash": 0,
            "stock": 0,
            "eps": 2.06
        },
        "2007": {
            "cash": 0.5,
            "stock": 0.95,
            "eps": 3.71
        },
        "2008": {
            "cash": 2.75,
            "stock": 0,
            "eps": 2.08
        },
        "2009": {
            "cash": 1.8,
            "stock": 0,
            "eps": 3.94
        },
        "2010": {
            "cash": 3.6,
            "stock": 0,
            "eps": 3.59
        },
        "2011": {
            "cash": 3.2,
            "stock": 0,
            "eps": 7.28
        },
        "2012": {
            "cash": 4.5,
            "stock": 0,
            "eps": 21.16
        },
        "2013": {
            "cash": 12,
            "stock": 0,
            "eps": 1.16
        },
        "2014": {
            "cash": 4.5,
            "stock": 0,
            "eps": 8.87
        },
        "2015": {
            "cash": 4.5,
            "stock": 0,
            "eps": 16.35
        },
        "2016": {
            "cash": 4.5,
            "stock": 0,
            "eps": -0.95
        },
        "2017": {
            "cash": 2,
            "stock": 0,
            "eps": -0.91
        },
        "2018": {
            "cash": 2,
            "stock": 0,
            "eps": -2.18
        },
        "2019": {
            "cash": 2,
            "stock": 0,
            "eps": -3.25
        },
        "2020": {
            "cash": 1,
            "stock": 0,
            "eps": -1.95
        },
        "2021": {
            "cash": 0,
            "stock": 0,
            "eps": 17.35
        },
        "2022": {
            "cash": 5,
            "stock": 0,
            "eps": -4.71
        },
        "2023": {
            "cash": 2,
            "stock": 0,
            "eps": -0.22
        }
    },
    "dividends": {
        "1999-04-30": {
            "cash": 1.43,
            "stock": 0
        },
        "2000-04-07": {
            "cash": 0,
            "stock": 1
        },
        "2007-04-03": {
            "cash": 0.5,
            "stock": 0.95
        },
        "2008-03-25": {
            "cash": 2.75,
            "stock": 0
        },
        "2009-03-20": {
            "cash": 1.8,
            "stock": 0
        },
        "2010-03-15": {
            "cash": 3.6,
            "stock": 0
        },
        "2011-03-11": {
            "cash": 3.2,
            "stock": 0
        },
        "2012-06-06": {
            "cash": 4.5,
            "stock": 0
        },
        "2013-06-13": {
            "cash": 12,
            "stock": 0
        },
        "2014-09-18": {
            "cash": 4.5,
            "stock": 0
        },
        "2015-08-18": {
            "cash": 4.5,
            "stock": 0
        },
        "2016-08-19": {
            "cash": 4.5,
            "stock": 0
        },
        "2017-08-16": {
            "cash": 2,
            "stock": 0
        },
        "2018-10-03": {
            "cash": 2,
            "stock": 0
        },
        "2019-10-02": {
            "cash": 2,
            "stock": 0
        },
        "2020-09-25": {
            "cash": 1,
            "stock": 0
        },
        "2022-08-30": {
            "cash": 5,
            "stock": 0
        },
        "2023-09-25": {
            "cash": 2,
            "stock": 0
        }
    },
    "prices": {
        "200101": "7.10",
        "200102": "5.37",
        "200103": "5.55",
        "200104": "4.69",
        "200105": "3.87",
        "200106": "3.76",
        "200107": "3.44",
        "200108": "2.75",
        "200109": "1.99",
        "200110": "1.63",
        "200111": "1.74",
        "200112": "2.75",
        "200201": "4.27",
        "200202": "4.08",
        "200203": "3.95",
        "200204": "5.26",
        "200205": "4.28",
        "200206": "5.05",
        "200207": "4.83",
        "200208": "4.53",
        "200209": "4.00",
        "200210": "3.56",
        "200211": "3.88",
        "200212": "4.39",
        "200301": "5.01",
        "200302": "6.11",
        "200303": "5.82",
        "200304": "5.49",
        "200305": "6.05",
        "200306": "8.20",
        "200307": "8.71",
        "200308": "7.89",
        "200309": "9.29",
        "200310": "9.65",
        "200311": "8.48",
        "200312": "8.11",
        "200401": "8.44",
        "200402": "8.49",
        "200403": "7.62",
        "200404": "8.45",
        "200405": "8.78",
        "200406": "8.78",
        "200407": "9.03",
        "200408": "9.06",
        "200409": "11.31",
        "200410": "12.13",
        "200411": "11.04",
        "200412": "11.36",
        "200501": "11.72",
        "200502": "11.14",
        "200503": "11.57",
        "200504": "11.78",
        "200505": "13.04",
        "200506": "12.88",
        "200507": "17.04",
        "200508": "18.57",
        "200509": "21.02",
        "200510": "23.40",
        "200511": "23.78",
        "200512": "28.66",
        "200601": "34.62",
        "200602": "37.94",
        "200603": "46.39",
        "200604": "46.55",
        "200605": "50.01",
        "200606": "50.16",
        "200607": "64.34",
        "200608": "74.62",
        "200609": "73.55",
        "200610": "72.15",
        "200611": "70.03",
        "200612": "71.42",
        "200701": "70.36",
        "200702": "71.05",
        "200703": "71.91",
        "200704": "92.98",
        "200705": "86.23",
        "200706": "82.85",
        "200707": "86.37",
        "200708": "84.53",
        "200709": "80.11",
        "200710": "81.37",
        "200711": "80.98",
        "200712": "81.52",
        "200801": "85.88",
        "200802": "92.28",
        "200803": "86.47",
        "200804": "85.99",
        "200805": "77.76",
        "200806": "71.25",
        "200807": "72.30",
        "200808": "69.79",
        "200809": "67.71",
        "200810": "55.79",
        "200811": "49.53",
        "200812": "42.92",
        "200901": "43.23",
        "200902": "42.40",
        "200903": "42.84",
        "200904": "45.89",
        "200905": "52.09",
        "200906": "68.90",
        "200907": "72.67",
        "200908": "67.88",
        "200909": "67.19",
        "200910": "67.64",
        "200911": "68.27",
        "200912": "67.83",
        "201001": "79.48",
        "201002": "87.30",
        "201003": "87.39",
        "201004": "84.70",
        "201005": "82.68",
        "201006": "83.18",
        "201007": "84.41",
        "201008": "79.19",
        "201009": "78.74",
        "201010": "85.28",
        "201011": "85.25",
        "201012": "87.48",
        "201101": "85.57",
        "201102": "83.70",
        "201103": "79.77",
        "201104": "78.38",
        "201105": "77.39",
        "201106": "77.89",
        "201107": "75.99",
        "201108": "71.89",
        "201109": "66.23",
        "201110": "67.16",
        "201111": "68.44",
        "201112": "70.73",
        "201201": "70.53",
        "201202": "75.06",
        "201203": "74.01",
        "201204": "72.96",
        "201205": "72.06",
        "201206": "70.38",
        "201207": "72.00",
        "201208": "78.95",
        "201209": "133.68",
        "201210": "122.66",
        "201211": "115.45",
        "201212": "117.40",
        "201301": "115.95",
        "201302": "113.81",
        "201303": "127.19",
        "201304": "142.12",
        "201305": "135.64",
        "201306": "134.61",
        "201307": "115.78",
        "201308": "101.07",
        "201309": "109.51",
        "201310": "127.41",
        "201311": "118.85",
        "201312": "131.80",
        "201401": "133.94",
        "201402": "133.59",
        "201403": "139.02",
        "201404": "132.88",
        "201405": "127.69",
        "201406": "125.91",
        "201407": "123.10",
        "201408": "123.75",
        "201409": "114.89",
        "201410": "103.71",
        "201411": "104.06",
        "201412": "103.39",
        "201501": "102.92",
        "201502": "101.40",
        "201503": "102.04",
        "201504": "104.21",
        "201505": "101.22",
        "201506": "99.38",
        "201507": "98.06",
        "201508": "94.88",
        "201509": "91.40",
        "201510": "93.17",
        "201511": "91.75",
        "201512": "91.82",
        "201601": "85.94",
        "201602": "80.75",
        "201603": "80.77",
        "201604": "86.63",
        "201605": "82.93",
        "201606": "81.16",
        "201607": "80.40",
        "201608": "78.68",
        "201609": "77.46",
        "201610": "76.86",
        "201611": "75.35",
        "201612": "73.94",
        "201701": "73.63",
        "201702": "75.66",
        "201703": "94.52",
        "201704": "82.29",
        "201705": "78.39",
        "201706": "81.36",
        "201707": "80.24",
        "201708": "80.00",
        "201709": "83.77",
        "201710": "80.06",
        "201711": "80.95",
        "201712": "80.60",
        "201801": "79.53",
        "201802": "79.79",
        "201803": "80.64",
        "201804": "79.03",
        "201805": "79.15",
        "201806": "81.56",
        "201807": "81.51",
        "201808": "81.11",
        "201809": "78.40",
        "201810": "76.33",
        "201811": "74.87",
        "201812": "74.38",
        "201901": "73.32",
        "201902": "70.86",
        "201903": "70.00",
        "201904": "69.75",
        "201905": "71.25",
        "201906": "70.92",
        "201907": "70.89",
        "201908": "70.95",
        "201909": "72.20",
        "201910": "73.94",
        "201911": "76.61",
        "201912": "79.02",
        "202001": "86.00",
        "202002": "82.09",
        "202003": "77.34",
        "202004": "75.55",
        "202005": "79.38",
        "202006": "80.29",
        "202007": "81.64",
        "202008": "80.74",
        "202009": "79.55",
        "202010": "81.44",
        "202011": "81.41",
        "202012": "81.69",
        "202101": "94.96",
        "202102": "102.38",
        "202103": "103.14",
        "202104": "101.14",
        "202105": "97.42",
        "202106": "100.23",
        "202107": "100.65",
        "202108": "110.14",
        "202109": "108.62",
        "202110": "107.85",
        "202111": "111.34",
        "202112": "113.29",
        "202201": "113.31",
        "202202": "114.47",
        "202203": "111.11",
        "202204": "98.37",
        "202205": "94.08",
        "202206": "90.16",
        "202207": "82.59",
        "202208": "78.06",
        "202209": "79.81",
        "202210": "79.13",
        "202211": "75.46",
        "202212": "78.19",
        "202301": "79.51",
        "202302": "86.14",
        "202303": "87.18",
        "202304": "86.78",
        "202305": "86.61",
        "202306": "86.35",
        "202307": "81.92",
        "202308": "77.86",
        "202309": "79.54",
        "202310": "78.74",
        "202311": "80.32",
        "202312": "85.76"
    },
    "quarters": {
        "20011": {
            "year_quarter": 20011,
            "year": 2001,
            "quarter": 1,
            "eps": -0.16,
            "eps_growth_year": -633.33,
            "eps_4q": -1.12,
            "eps_4q_growth_year": -200.38,
            "roe": -1.54,
            "roe_4q": -1.54,
            "gross_profit": 3027,
            "gross_margin": 4.81,
            "gross_margin_4q_avg": 4.81,
            "net_income": -7097,
            "net_income_4q": null,
            "revenue": 62958,
            "revenue_4q": null,
            "common_shares": 435600,
            "book_valuer_per_share": 10.48,
            "book_valuer_per_share_4q_avg": 10.48,
            "equity": 456329,
            "current_ratio": 88.91,
            "debt_ratio": 51.01,
            "inventory_turnover_ratio": 0.35,
            "account_receivable_turnover_ratio": null,
            "reinvestment_rate": null,
            "research_to_sale_ratio": null,
            "price_fair": 0,
            "eps_avg_yearly": 0,
            "eps_latest_yearly": 0,
            "eps_growth_yearly": 0
        },
        "20012": {
            "year_quarter": 20012,
            "year": 2001,
            "quarter": 2,
            "eps": -0.12,
            "eps_growth_year": -175,
            "eps_4q": -1.42,
            "eps_4q_growth_year": -408.19,
            "roe": -1.17,
            "roe_4q": -2.71,
            "gross_profit": 21207,
            "gross_margin": 13.03,
            "gross_margin_4q_avg": 8.92,
            "net_income": -5306,
            "net_income_4q": null,
            "revenue": 162809,
            "revenue_4q": null,
            "common_shares": 435600,
            "book_valuer_per_share": 10.35,
            "book_valuer_per_share_4q_avg": 10.42,
            "equity": 451024,
            "current_ratio": 89.24,
            "debt_ratio": 54.4,
            "inventory_turnover_ratio": 0.82,
            "account_receivable_turnover_ratio": null,
            "reinvestment_rate": null,
            "research_to_sale_ratio": null,
            "price_fair": 0,
            "eps_avg_yearly": 0,
            "eps_latest_yearly": 0,
            "eps_growth_yearly": 0
        },
        "20013": {
            "year_quarter": 20013,
            "year": 2001,
            "quarter": 3,
            "eps": -0.22,
            "eps_growth_year": null,
            "eps_4q": -1.07,
            "eps_4q_growth_year": null,
            "roe": -2.12,
            "roe_4q": -4.83,
            "gross_profit": 10926,
            "gross_margin": 9.73,
            "gross_margin_4q_avg": 9.19,
            "net_income": -9466,
            "net_income_4q": null,
            "revenue": 112345,
            "revenue_4q": null,
            "common_shares": 435600,
            "book_valuer_per_share": 10.14,
            "book_valuer_per_share_4q_avg": 10.32,
            "equity": 441558,
            "current_ratio": 84.82,
            "debt_ratio": 52.97,
            "inventory_turnover_ratio": 0.63,
            "account_receivable_turnover_ratio": null,
            "reinvestment_rate": null,
            "research_to_sale_ratio": null,
            "price_fair": 0,
            "eps_avg_yearly": 0,
            "eps_latest_yearly": 0,
            "eps_growth_yearly": 0
        },
        "20014": {
            "year_quarter": 20014,
            "year": 2001,
            "quarter": 4,
            "eps": -0.6,
            "eps_growth_year": null,
            "eps_4q": -1.1,
            "eps_4q_growth_year": null,
            "roe": -6.06,
            "roe_4q": -10.89,
            "gross_profit": -3609,
            "gross_margin": -6.07,
            "gross_margin_4q_avg": 5.38,
            "net_income": -25952,
            "net_income_4q": null,
            "revenue": 59454,
            "revenue_4q": null,
            "common_shares": 435600,
            "book_valuer_per_share": 9.54,
            "book_valuer_per_share_4q_avg": 10.13,
            "equity": 415471,
            "current_ratio": 77.31,
            "debt_ratio": 51.15,
            "inventory_turnover_ratio": 0.39,
            "account_receivable_turnover_ratio": null,
            "reinvestment_rate": null,
            "research_to_sale_ratio": null,
            "price_fair": 0,
            "eps_avg_yearly": 0,
            "eps_latest_yearly": 0,
            "eps_growth_yearly": 0
        },
        "20021": {
            "year_quarter": 20021,
            "year": 2002,
            "quarter": 1,
            "eps": -0.14,
            "eps_growth_year": null,
            "eps_4q": -1.04,
            "eps_4q_growth_year": null,
            "roe": -1.53,
            "roe_4q": -10.88,
            "gross_profit": 4474,
            "gross_margin": 9.14,
            "gross_margin_4q_avg": 6.46,
            "net_income": -6310,
            "net_income_4q": null,
            "revenue": 48968,
            "revenue_4q": null,
            "common_shares": 435600,
            "book_valuer_per_share": 9.39,
            "book_valuer_per_share_4q_avg": 9.86,
            "equity": 409161,
            "current_ratio": 80.17,
            "debt_ratio": 54.25,
            "inventory_turnover_ratio": 0.23,
            "account_receivable_turnover_ratio": null,
            "reinvestment_rate": null,
            "research_to_sale_ratio": null,
            "price_fair": 0,
            "eps_avg_yearly": 0,
            "eps_latest_yearly": 0,
            "eps_growth_yearly": 0
        },
        "20022": {
            "year_quarter": 20022,
            "year": 2002,
            "quarter": 2,
            "eps": 0.46,
            "eps_growth_year": null,
            "eps_4q": -0.51,
            "eps_4q_growth_year": null,
            "roe": 4.74,
            "roe_4q": -4.97,
            "gross_profit": 40047,
            "gross_margin": 20.74,
            "gross_margin_4q_avg": 8.39,
            "net_income": 19881,
            "net_income_4q": null,
            "revenue": 193109,
            "revenue_4q": null,
            "common_shares": 435600,
            "book_valuer_per_share": 9.85,
            "book_valuer_per_share_4q_avg": 9.73,
            "equity": 429042,
            "current_ratio": 88.49,
            "debt_ratio": 55.97,
            "inventory_turnover_ratio": 0.69,
            "account_receivable_turnover_ratio": null,
            "reinvestment_rate": null,
            "research_to_sale_ratio": null,
            "price_fair": 0,
            "eps_avg_yearly": 0,
            "eps_latest_yearly": 0,
            "eps_growth_yearly": 0
        },
        "20023": {
            "year_quarter": 20023,
            "year": 2002,
            "quarter": 3,
            "eps": 0.04,
            "eps_growth_year": null,
            "eps_4q": -0.24,
            "eps_4q_growth_year": null,
            "roe": 0.42,
            "roe_4q": -2.4299999999999997,
            "gross_profit": 25602,
            "gross_margin": 16.49,
            "gross_margin_4q_avg": 10.08,
            "net_income": 1788,
            "net_income_4q": null,
            "revenue": 155301,
            "revenue_4q": null,
            "common_shares": 435600,
            "book_valuer_per_share": 9.89,
            "book_valuer_per_share_4q_avg": 9.67,
            "equity": 430830,
            "current_ratio": 87.46,
            "debt_ratio": 51.12,
            "inventory_turnover_ratio": 0.65,
            "account_receivable_turnover_ratio": null,
            "reinvestment_rate": null,
            "research_to_sale_ratio": null,
            "price_fair": 0.48,
            "eps_avg_yearly": 0.16,
            "eps_latest_yearly": 0.16,
            "eps_growth_yearly": -365.22
        },
        "20024": {
            "year_quarter": 20024,
            "year": 2002,
            "quarter": 4,
            "eps": -0.62,
            "eps_growth_year": null,
            "eps_4q": -0.27,
            "eps_4q_growth_year": null,
            "roe": -6.26,
            "roe_4q": -2.63,
            "gross_profit": -12140,
            "gross_margin": -20.54,
            "gross_margin_4q_avg": 6.46,
            "net_income": -27192,
            "net_income_4q": null,
            "revenue": 59099,
            "revenue_4q": null,
            "common_shares": 435600,
            "book_valuer_per_share": 10.04,
            "book_valuer_per_share_4q_avg": 9.79,
            "equity": 437310,
            "current_ratio": 79.02,
            "debt_ratio": 49.26,
            "inventory_turnover_ratio": 0.39,
            "account_receivable_turnover_ratio": null,
            "reinvestment_rate": null,
            "research_to_sale_ratio": null,
            "price_fair": 0.48,
            "eps_avg_yearly": 0.16,
            "eps_latest_yearly": 0.16,
            "eps_growth_yearly": -365.22
        },
        "20031": {
            "year_quarter": 20031,
            "year": 2003,
            "quarter": 1,
            "eps": -0.15,
            "eps_growth_year": null,
            "eps_4q": -0.27,
            "eps_4q_growth_year": null,
            "roe": -1.55,
            "roe_4q": -2.6499999999999995,
            "gross_profit": 5989,
            "gross_margin": 7.95,
            "gross_margin_4q_avg": 6.16,
            "net_income": -6743,
            "net_income_4q": null,
            "revenue": 75335,
            "revenue_4q": null,
            "common_shares": 435600,
            "book_valuer_per_share": 9.88,
            "book_valuer_per_share_4q_avg": 9.92,
            "equity": 430568,
            "current_ratio": 81.47,
            "debt_ratio": 51.72,
            "inventory_turnover_ratio": 0.36,
            "account_receivable_turnover_ratio": null,
            "reinvestment_rate": null,
            "research_to_sale_ratio": null,
            "price_fair": 0.48,
            "eps_avg_yearly": 0.16,
            "eps_latest_yearly": 0.16,
            "eps_growth_yearly": -365.22
        },
        "20032": {
            "year_quarter": 20032,
            "year": 2003,
            "quarter": 2,
            "eps": 0.8,
            "eps_growth_year": 73.91,
            "eps_4q": 0.06,
            "eps_4q_growth_year": null,
            "roe": 7.75,
            "roe_4q": 0.3600000000000004,
            "gross_profit": 55931,
            "gross_margin": 25.35,
            "gross_margin_4q_avg": 7.31,
            "net_income": 34730,
            "net_income_4q": null,
            "revenue": 220595,
            "revenue_4q": null,
            "common_shares": 435600,
            "book_valuer_per_share": 10.68,
            "book_valuer_per_share_4q_avg": 10.12,
            "equity": 465297,
            "current_ratio": 94.35,
            "debt_ratio": 52.76,
            "inventory_turnover_ratio": 0.82,
            "account_receivable_turnover_ratio": null,
            "reinvestment_rate": null,
            "research_to_sale_ratio": null,
            "price_fair": 0.48,
            "eps_avg_yearly": 0.16,
            "eps_latest_yearly": 0.16,
            "eps_growth_yearly": -365.22
        },
        "20033": {
            "year_quarter": 20033,
            "year": 2003,
            "quarter": 3,
            "eps": 0.03,
            "eps_growth_year": -25,
            "eps_4q": 0.05,
            "eps_4q_growth_year": null,
            "roe": 0.3,
            "roe_4q": 0.2400000000000011,
            "gross_profit": 16662,
            "gross_margin": 6.87,
            "gross_margin_4q_avg": 4.91,
            "net_income": 1383,
            "net_income_4q": null,
            "revenue": 242553,
            "revenue_4q": null,
            "common_shares": 435600,
            "book_valuer_per_share": 10.71,
            "book_valuer_per_share_4q_avg": 10.33,
            "equity": 466680,
            "current_ratio": 95.03,
            "debt_ratio": 48.4,
            "inventory_turnover_ratio": 1.26,
            "account_receivable_turnover_ratio": null,
            "reinvestment_rate": null,
            "research_to_sale_ratio": null,
            "price_fair": 0.42,
            "eps_avg_yearly": 0.14,
            "eps_latest_yearly": 0.12,
            "eps_growth_yearly": -375.11
        },
        "20034": {
            "year_quarter": 20034,
            "year": 2003,
            "quarter": 4,
            "eps": -0.33,
            "eps_growth_year": null,
            "eps_4q": 0.35,
            "eps_4q_growth_year": null,
            "roe": -3.09,
            "roe_4q": 3.41,
            "gross_profit": -1224,
            "gross_margin": -0.6,
            "gross_margin_4q_avg": 9.89,
            "net_income": -14197,
            "net_income_4q": null,
            "revenue": 203759,
            "revenue_4q": null,
            "common_shares": 435600,
            "book_valuer_per_share": 10.39,
            "book_valuer_per_share_4q_avg": 10.42,
            "equity": 452483,
            "current_ratio": 87.16,
            "debt_ratio": 44.26,
            "inventory_turnover_ratio": 1.36,
            "account_receivable_turnover_ratio": null,
            "reinvestment_rate": null,
            "research_to_sale_ratio": null,
            "price_fair": 0.42,
            "eps_avg_yearly": 0.14,
            "eps_latest_yearly": 0.12,
            "eps_growth_yearly": -375.11
        },
        "20041": {
            "year_quarter": 20041,
            "year": 2004,
            "quarter": 1,
            "eps": -0.15,
            "eps_growth_year": null,
            "eps_4q": 0.36,
            "eps_4q_growth_year": null,
            "roe": -1.43,
            "roe_4q": 3.5300000000000002,
            "gross_profit": 6309,
            "gross_margin": 4.54,
            "gross_margin_4q_avg": 9.04,
            "net_income": -6444,
            "net_income_4q": null,
            "revenue": 139067,
            "revenue_4q": null,
            "common_shares": 435600,
            "book_valuer_per_share": 10.24,
            "book_valuer_per_share_4q_avg": 10.51,
            "equity": 446039,
            "current_ratio": 82.48,
            "debt_ratio": 47.26,
            "inventory_turnover_ratio": 0.8,
            "account_receivable_turnover_ratio": null,
            "reinvestment_rate": null,
            "research_to_sale_ratio": null,
            "price_fair": 0.42,
            "eps_avg_yearly": 0.14,
            "eps_latest_yearly": 0.12,
            "eps_growth_yearly": -375.11
        },
        "20042": {
            "year_quarter": 20042,
            "year": 2004,
            "quarter": 2,
            "eps": 0.24,
            "eps_growth_year": -70,
            "eps_4q": -0.21,
            "eps_4q_growth_year": -452.35,
            "roe": 2.28,
            "roe_4q": -1.9400000000000002,
            "gross_profit": 27294,
            "gross_margin": 13.09,
            "gross_margin_4q_avg": 5.98,
            "net_income": 10279,
            "net_income_4q": null,
            "revenue": 208497,
            "revenue_4q": null,
            "common_shares": 435600,
            "book_valuer_per_share": 10.48,
            "book_valuer_per_share_4q_avg": 10.46,
            "equity": 456506,
            "current_ratio": 91.91,
            "debt_ratio": 47.99,
            "inventory_turnover_ratio": 1.09,
            "account_receivable_turnover_ratio": null,
            "reinvestment_rate": null,
            "research_to_sale_ratio": null,
            "price_fair": 0.42,
            "eps_avg_yearly": 0.14,
            "eps_latest_yearly": 0.12,
            "eps_growth_yearly": -375.11
        },
        "20043": {
            "year_quarter": 20043,
            "year": 2004,
            "quarter": 3,
            "eps": -0.31,
            "eps_growth_year": -1133.33,
            "eps_4q": -0.54,
            "eps_4q_growth_year": -1252.38,
            "roe": -2.97,
            "roe_4q": -5.21,
            "gross_profit": 249,
            "gross_margin": 0.22,
            "gross_margin_4q_avg": 4.31,
            "net_income": -13354,
            "net_income_4q": null,
            "revenue": 111602,
            "revenue_4q": null,
            "common_shares": 435600,
            "book_valuer_per_share": 10.17,
            "book_valuer_per_share_4q_avg": 10.32,
            "equity": 443152,
            "current_ratio": 89.05,
            "debt_ratio": 46.58,
            "inventory_turnover_ratio": 0.83,
            "account_receivable_turnover_ratio": null,
            "reinvestment_rate": null,
            "research_to_sale_ratio": null,
            "price_fair": 0.42,
            "eps_avg_yearly": 0.14,
            "eps_latest_yearly": 0.12,
            "eps_growth_yearly": -375.11
        },
        "20044": {
            "year_quarter": 20044,
            "year": 2004,
            "quarter": 4,
            "eps": -1.02,
            "eps_growth_year": null,
            "eps_4q": -1.24,
            "eps_4q_growth_year": -454.29,
            "roe": -10.6,
            "roe_4q": -12.72,
            "gross_profit": -13422,
            "gross_margin": -11.46,
            "gross_margin_4q_avg": 1.6,
            "net_income": -44606,
            "net_income_4q": null,
            "revenue": 117147,
            "revenue_4q": null,
            "common_shares": 435600,
            "book_valuer_per_share": 9.15,
            "book_valuer_per_share_4q_avg": 10.01,
            "equity": 398552,
            "current_ratio": 129.52,
            "debt_ratio": 56.42,
            "inventory_turnover_ratio": 0.67,
            "account_receivable_turnover_ratio": null,
            "reinvestment_rate": null,
            "research_to_sale_ratio": null,
            "price_fair": 0.42,
            "eps_avg_yearly": 0.14,
            "eps_latest_yearly": 0.12,
            "eps_growth_yearly": -375.11
        },
        "20051": {
            "year_quarter": 20051,
            "year": 2005,
            "quarter": 1,
            "eps": -0.96,
            "eps_growth_year": null,
            "eps_4q": -2.06,
            "eps_4q_growth_year": -671.93,
            "roe": -11.02,
            "roe_4q": -22.309999999999995,
            "gross_profit": 16385,
            "gross_margin": 9.23,
            "gross_margin_4q_avg": 2.77,
            "net_income": -41620,
            "net_income_4q": null,
            "revenue": 177592,
            "revenue_4q": null,
            "common_shares": 435600,
            "book_valuer_per_share": 8.19,
            "book_valuer_per_share_4q_avg": 9.5,
            "equity": 356738,
            "current_ratio": 174.27,
            "debt_ratio": 69.22,
            "inventory_turnover_ratio": 0.39,
            "account_receivable_turnover_ratio": null,
            "reinvestment_rate": null,
            "research_to_sale_ratio": null,
            "price_fair": 0.42,
            "eps_avg_yearly": 0.14,
            "eps_latest_yearly": 0.12,
            "eps_growth_yearly": -375.11
        },
        "20052": {
            "year_quarter": 20052,
            "year": 2005,
            "quarter": 2,
            "eps": 0.6,
            "eps_growth_year": 150,
            "eps_4q": -1.68,
            "eps_4q_growth_year": null,
            "roe": 7.07,
            "roe_4q": -17.52,
            "gross_profit": 57354,
            "gross_margin": 26.16,
            "gross_margin_4q_avg": 6.04,
            "net_income": 26158,
            "net_income_4q": null,
            "revenue": 219220,
            "revenue_4q": null,
            "common_shares": 435600,
            "book_valuer_per_share": 8.79,
            "book_valuer_per_share_4q_avg": 9.08,
            "equity": 382896,
            "current_ratio": 122.84,
            "debt_ratio": 69.17,
            "inventory_turnover_ratio": 0.27,
            "account_receivable_turnover_ratio": null,
            "reinvestment_rate": null,
            "research_to_sale_ratio": null,
            "price_fair": 0.42,
            "eps_avg_yearly": 0.14,
            "eps_latest_yearly": 0.12,
            "eps_growth_yearly": -375.11
        },
        "20053": {
            "year_quarter": 20053,
            "year": 2005,
            "quarter": 3,
            "eps": 0.71,
            "eps_growth_year": null,
            "eps_4q": -0.66,
            "eps_4q_growth_year": null,
            "roe": 7.8,
            "roe_4q": -6.749999999999998,
            "gross_profit": 49012,
            "gross_margin": 26.17,
            "gross_margin_4q_avg": 12.53,
            "net_income": 31066,
            "net_income_4q": null,
            "revenue": 187293,
            "revenue_4q": null,
            "common_shares": 435600,
            "book_valuer_per_share": 9.5,
            "book_valuer_per_share_4q_avg": 8.91,
            "equity": 413962,
            "current_ratio": 124.41,
            "debt_ratio": 68.92,
            "inventory_turnover_ratio": 0.19,
            "account_receivable_turnover_ratio": null,
            "reinvestment_rate": null,
            "research_to_sale_ratio": null,
            "price_fair": 3.12,
            "eps_avg_yearly": 1.04,
            "eps_latest_yearly": 2.84,
            "eps_growth_yearly": -225.63
        },
        "20054": {
            "year_quarter": 20054,
            "year": 2005,
            "quarter": 4,
            "eps": 0.65,
            "eps_growth_year": null,
            "eps_4q": 1.01,
            "eps_4q_growth_year": null,
            "roe": 6.54,
            "roe_4q": 10.39,
            "gross_profit": 58282,
            "gross_margin": 19.45,
            "gross_margin_4q_avg": 20.25,
            "net_income": 28503,
            "net_income_4q": null,
            "revenue": 299643,
            "revenue_4q": null,
            "common_shares": 435600,
            "book_valuer_per_share": 10.51,
            "book_valuer_per_share_4q_avg": 9.25,
            "equity": 457978,
            "current_ratio": 124.22,
            "debt_ratio": 68.91,
            "inventory_turnover_ratio": 0.29,
            "account_receivable_turnover_ratio": null,
            "reinvestment_rate": null,
            "research_to_sale_ratio": null,
            "price_fair": 4.29,
            "eps_avg_yearly": 1.43,
            "eps_latest_yearly": 2.6,
            "eps_growth_yearly": -177.67
        },
        "20061": {
            "year_quarter": 20061,
            "year": 2006,
            "quarter": 1,
            "eps": -0.24,
            "eps_growth_year": null,
            "eps_4q": 1.72,
            "eps_4q_growth_year": null,
            "roe": -2.32,
            "roe_4q": 19.09,
            "gross_profit": 15094,
            "gross_margin": 17.67,
            "gross_margin_4q_avg": 22.36,
            "net_income": -10485,
            "net_income_4q": null,
            "revenue": 85441,
            "revenue_4q": null,
            "common_shares": 435600,
            "book_valuer_per_share": 10.27,
            "book_valuer_per_share_4q_avg": 9.77,
            "equity": 447493,
            "current_ratio": 127.18,
            "debt_ratio": 68.18,
            "inventory_turnover_ratio": 0.08,
            "account_receivable_turnover_ratio": null,
            "reinvestment_rate": null,
            "research_to_sale_ratio": null,
            "price_fair": 4.29,
            "eps_avg_yearly": 1.43,
            "eps_latest_yearly": 2.6,
            "eps_growth_yearly": -177.67
        },
        "20062": {
            "year_quarter": 20062,
            "year": 2006,
            "quarter": 2,
            "eps": 0.35,
            "eps_growth_year": -41.67,
            "eps_4q": 1.48,
            "eps_4q_growth_year": null,
            "roe": 3.34,
            "roe_4q": 15.36,
            "gross_profit": 35242,
            "gross_margin": 23.57,
            "gross_margin_4q_avg": 21.72,
            "net_income": 15200,
            "net_income_4q": null,
            "revenue": 149536,
            "revenue_4q": null,
            "common_shares": 435600,
            "book_valuer_per_share": 10.62,
            "book_valuer_per_share_4q_avg": 10.23,
            "equity": 462693,
            "current_ratio": 137.95,
            "debt_ratio": 61.37,
            "inventory_turnover_ratio": 0.14,
            "account_receivable_turnover_ratio": null,
            "reinvestment_rate": null,
            "research_to_sale_ratio": null,
            "price_fair": 4.29,
            "eps_avg_yearly": 1.43,
            "eps_latest_yearly": 2.6,
            "eps_growth_yearly": -177.67
        },
        "20063": {
            "year_quarter": 20063,
            "year": 2006,
            "quarter": 3,
            "eps": 0.9,
            "eps_growth_year": 26.76,
            "eps_4q": 1.65,
            "eps_4q_growth_year": null,
            "roe": 7.19,
            "roe_4q": 14.75,
            "gross_profit": 67285,
            "gross_margin": 24.99,
            "gross_margin_4q_avg": 21.42,
            "net_income": 39737,
            "net_income_4q": null,
            "revenue": 269250,
            "revenue_4q": null,
            "common_shares": 463600,
            "book_valuer_per_share": 13.86,
            "book_valuer_per_share_4q_avg": 11.32,
            "equity": 642430,
            "current_ratio": 171.41,
            "debt_ratio": 51.36,
            "inventory_turnover_ratio": 0.27,
            "account_receivable_turnover_ratio": null,
            "reinvestment_rate": -2055.47,
            "research_to_sale_ratio": null,
            "price_fair": 80.15,
            "eps_avg_yearly": 2.29,
            "eps_latest_yearly": 3.6,
            "eps_growth_yearly": 70.78
        },
        "20064": {
            "year_quarter": 20064,
            "year": 2006,
            "quarter": 4,
            "eps": 1.05,
            "eps_growth_year": 61.54,
            "eps_4q": 2.04,
            "eps_4q_growth_year": 103.3,
            "roe": 7.05,
            "roe_4q": 15.259999999999998,
            "gross_profit": 93525,
            "gross_margin": 22.44,
            "gross_margin_4q_avg": 22.17,
            "net_income": 46915,
            "net_income_4q": null,
            "revenue": 416798,
            "revenue_4q": null,
            "common_shares": 463600,
            "book_valuer_per_share": 14.87,
            "book_valuer_per_share_4q_avg": 12.41,
            "equity": 689345,
            "current_ratio": 136.63,
            "debt_ratio": 66.91,
            "inventory_turnover_ratio": 0.37,
            "account_receivable_turnover_ratio": null,
            "reinvestment_rate": -525.09,
            "research_to_sale_ratio": null,
            "price_fair": 93.52,
            "eps_avg_yearly": 2.67,
            "eps_latest_yearly": 4.2,
            "eps_growth_yearly": 69.95
        },
        "20071": {
            "year_quarter": 20071,
            "year": 2007,
            "quarter": 1,
            "eps": 0.02,
            "eps_growth_year": null,
            "eps_4q": 2.79,
            "eps_4q_growth_year": 62.08,
            "roe": 0.11,
            "roe_4q": 17.69,
            "gross_profit": 7436,
            "gross_margin": 20.46,
            "gross_margin_4q_avg": 22.87,
            "net_income": 735,
            "net_income_4q": null,
            "revenue": 36346,
            "revenue_4q": null,
            "common_shares": 463600,
            "book_valuer_per_share": 14.88,
            "book_valuer_per_share_4q_avg": 13.56,
            "equity": 690004,
            "current_ratio": 133.2,
            "debt_ratio": 68.56,
            "inventory_turnover_ratio": 0.03,
            "account_receivable_turnover_ratio": null,
            "reinvestment_rate": -478.59,
            "research_to_sale_ratio": null,
            "price_fair": 6.72,
            "eps_avg_yearly": 2.24,
            "eps_latest_yearly": 0.08,
            "eps_growth_yearly": -7.1
        },
        "20072": {
            "year_quarter": 20072,
            "year": 2007,
            "quarter": 2,
            "eps": -0.01,
            "eps_growth_year": -102.86,
            "eps_4q": 1.87,
            "eps_4q_growth_year": 26.62,
            "roe": -0.07,
            "roe_4q": 14.280000000000001,
            "gross_profit": 7072,
            "gross_margin": 21.17,
            "gross_margin_4q_avg": 22.27,
            "net_income": -494,
            "net_income_4q": null,
            "revenue": 33404,
            "revenue_4q": null,
            "common_shares": 463600,
            "book_valuer_per_share": 14.34,
            "book_valuer_per_share_4q_avg": 14.49,
            "equity": 664992,
            "current_ratio": 126.62,
            "debt_ratio": 72.63,
            "inventory_turnover_ratio": 0.02,
            "account_receivable_turnover_ratio": null,
            "reinvestment_rate": -710.25,
            "research_to_sale_ratio": null,
            "price_fair": 6.72,
            "eps_avg_yearly": 2.24,
            "eps_latest_yearly": 0.08,
            "eps_growth_yearly": -7.1
        },
        "20073": {
            "year_quarter": 20073,
            "year": 2007,
            "quarter": 3,
            "eps": 1.98,
            "eps_growth_year": 120,
            "eps_4q": 2.91,
            "eps_4q_growth_year": 76.05,
            "roe": 14.05,
            "roe_4q": 21.14,
            "gross_profit": 179748,
            "gross_margin": 25.59,
            "gross_margin_4q_avg": 22.42,
            "net_income": 100516,
            "net_income_4q": null,
            "revenue": 702485,
            "revenue_4q": null,
            "common_shares": 463600,
            "book_valuer_per_share": 16.51,
            "book_valuer_per_share_4q_avg": 15.15,
            "equity": 765509,
            "current_ratio": 124.34,
            "debt_ratio": 74.59,
            "inventory_turnover_ratio": 0.36,
            "account_receivable_turnover_ratio": null,
            "reinvestment_rate": -276.86,
            "research_to_sale_ratio": null,
            "price_fair": 93.24,
            "eps_avg_yearly": 2.66,
            "eps_latest_yearly": 0.08,
            "eps_growth_yearly": 68.48
        },
        "20074": {
            "year_quarter": 20074,
            "year": 2007,
            "quarter": 4,
            "eps": 1.72,
            "eps_growth_year": 63.81,
            "eps_4q": 3.66,
            "eps_4q_growth_year": 79.22,
            "roe": 7.95,
            "roe_4q": 22.04,
            "gross_profit": 197358,
            "gross_margin": 19.94,
            "gross_margin_4q_avg": 21.79,
            "net_income": 89105,
            "net_income_4q": null,
            "revenue": 989542,
            "revenue_4q": null,
            "common_shares": 600000,
            "book_valuer_per_share": 24.58,
            "book_valuer_per_share_4q_avg": 17.58,
            "equity": 1474761,
            "current_ratio": 115.7,
            "debt_ratio": 73.06,
            "inventory_turnover_ratio": 0.34,
            "account_receivable_turnover_ratio": null,
            "reinvestment_rate": 285.31,
            "research_to_sale_ratio": null,
            "price_fair": 117.83,
            "eps_avg_yearly": 3.37,
            "eps_latest_yearly": 6.88,
            "eps_growth_yearly": 48.31
        },
        "20081": {
            "year_quarter": 20081,
            "year": 2008,
            "quarter": 1,
            "eps": 0.45,
            "eps_growth_year": 2150,
            "eps_4q": 3.6,
            "eps_4q_growth_year": 29.09,
            "roe": 1.81,
            "roe_4q": 23.740000000000002,
            "gross_profit": 66994,
            "gross_margin": 24.12,
            "gross_margin_4q_avg": 22.71,
            "net_income": 26989,
            "net_income_4q": null,
            "revenue": 277737,
            "revenue_4q": null,
            "common_shares": 600000,
            "book_valuer_per_share": 25.03,
            "book_valuer_per_share_4q_avg": 20.12,
            "equity": 1501750,
            "current_ratio": 116.67,
            "debt_ratio": 71.94,
            "inventory_turnover_ratio": 0.07,
            "account_receivable_turnover_ratio": null,
            "reinvestment_rate": 255.96,
            "research_to_sale_ratio": null,
            "price_fair": 9.43,
            "eps_avg_yearly": 3.14,
            "eps_latest_yearly": 1.8,
            "eps_growth_yearly": -0.78
        },
        "20082": {
            "year_quarter": 20082,
            "year": 2008,
            "quarter": 2,
            "eps": -0.05,
            "eps_growth_year": null,
            "eps_4q": 3.56,
            "eps_4q_growth_year": 90.05,
            "roe": -0.2,
            "roe_4q": 23.61,
            "gross_profit": 14690,
            "gross_margin": 24.28,
            "gross_margin_4q_avg": 23.48,
            "net_income": -2882,
            "net_income_4q": null,
            "revenue": 60509,
            "revenue_4q": null,
            "common_shares": 600000,
            "book_valuer_per_share": 22.13,
            "book_valuer_per_share_4q_avg": 22.06,
            "equity": 1327811,
            "current_ratio": 108.86,
            "debt_ratio": 72.8,
            "inventory_turnover_ratio": 0.02,
            "account_receivable_turnover_ratio": null,
            "reinvestment_rate": 269.65,
            "research_to_sale_ratio": null,
            "price_fair": 9.43,
            "eps_avg_yearly": 3.14,
            "eps_latest_yearly": 1.8,
            "eps_growth_yearly": -0.78
        },
        "20083": {
            "year_quarter": 20083,
            "year": 2008,
            "quarter": 3,
            "eps": 0.38,
            "eps_growth_year": -80.81,
            "eps_4q": 2.27,
            "eps_4q_growth_year": -21.82,
            "roe": 1.7,
            "roe_4q": 11.26,
            "gross_profit": 60857,
            "gross_margin": 25.79,
            "gross_margin_4q_avg": 23.53,
            "net_income": 22713,
            "net_income_4q": null,
            "revenue": 235985,
            "revenue_4q": null,
            "common_shares": 600000,
            "book_valuer_per_share": 22.51,
            "book_valuer_per_share_4q_avg": 23.56,
            "equity": 1350524,
            "current_ratio": 109.22,
            "debt_ratio": 73.11,
            "inventory_turnover_ratio": 0.07,
            "account_receivable_turnover_ratio": null,
            "reinvestment_rate": 241.95,
            "research_to_sale_ratio": null,
            "price_fair": 9.43,
            "eps_avg_yearly": 3.14,
            "eps_latest_yearly": 1.8,
            "eps_growth_yearly": -0.78
        },
        "20084": {
            "year_quarter": 20084,
            "year": 2008,
            "quarter": 4,
            "eps": 1.3,
            "eps_growth_year": -24.42,
            "eps_4q": 2.08,
            "eps_4q_growth_year": -43.17,
            "roe": 5.6,
            "roe_4q": 8.91,
            "gross_profit": 168020,
            "gross_margin": 23.97,
            "gross_margin_4q_avg": 24.54,
            "net_income": 77763,
            "net_income_4q": null,
            "revenue": 700861,
            "revenue_4q": null,
            "common_shares": 600000,
            "book_valuer_per_share": 23.8,
            "book_valuer_per_share_4q_avg": 23.37,
            "equity": 1428287,
            "current_ratio": 108.98,
            "debt_ratio": 76.1,
            "inventory_turnover_ratio": 0.18,
            "account_receivable_turnover_ratio": 358.59,
            "reinvestment_rate": 179.08,
            "research_to_sale_ratio": null,
            "price_fair": 119,
            "eps_avg_yearly": 3.4,
            "eps_latest_yearly": 5.2,
            "eps_growth_yearly": 120.37
        },
        "20091": {
            "year_quarter": 20091,
            "year": 2009,
            "quarter": 1,
            "eps": 0.37,
            "eps_growth_year": -17.78,
            "eps_4q": 2.01,
            "eps_4q_growth_year": -44.19,
            "roe": 1.53,
            "roe_4q": 8.63,
            "gross_profit": 63145,
            "gross_margin": 22.33,
            "gross_margin_4q_avg": 24.09,
            "net_income": 22006,
            "net_income_4q": null,
            "revenue": 282721,
            "revenue_4q": null,
            "common_shares": 600000,
            "book_valuer_per_share": 24.17,
            "book_valuer_per_share_4q_avg": 23.15,
            "equity": 1450293,
            "current_ratio": 108.84,
            "debt_ratio": 76.99,
            "inventory_turnover_ratio": 0.06,
            "account_receivable_turnover_ratio": 106.87,
            "reinvestment_rate": 172.29,
            "research_to_sale_ratio": null,
            "price_fair": 111.53,
            "eps_avg_yearly": 3.19,
            "eps_latest_yearly": 1.48,
            "eps_growth_yearly": 75.2
        },
        "20092": {
            "year_quarter": 20092,
            "year": 2009,
            "quarter": 2,
            "eps": 0.96,
            "eps_growth_year": null,
            "eps_4q": 3,
            "eps_4q_growth_year": -15.87,
            "roe": 4.05,
            "roe_4q": 12.879999999999999,
            "gross_profit": 109480,
            "gross_margin": 22.29,
            "gross_margin_4q_avg": 23.6,
            "net_income": 57725,
            "net_income_4q": null,
            "revenue": 491186,
            "revenue_4q": null,
            "common_shares": 600000,
            "book_valuer_per_share": 23.33,
            "book_valuer_per_share_4q_avg": 23.45,
            "equity": 1400018,
            "current_ratio": 105.13,
            "debt_ratio": 79.56,
            "inventory_turnover_ratio": 0.1,
            "account_receivable_turnover_ratio": 581.63,
            "reinvestment_rate": 280.47,
            "research_to_sale_ratio": null,
            "price_fair": 113.82,
            "eps_avg_yearly": 3.25,
            "eps_latest_yearly": 3.84,
            "eps_growth_yearly": 131.46
        },
        "20093": {
            "year_quarter": 20093,
            "year": 2009,
            "quarter": 3,
            "eps": 0.86,
            "eps_growth_year": 126.32,
            "eps_4q": 3.47,
            "eps_4q_growth_year": 52.7,
            "roe": 3.64,
            "roe_4q": 14.819999999999999,
            "gross_profit": 104273,
            "gross_margin": 22.94,
            "gross_margin_4q_avg": 22.88,
            "net_income": 51846,
            "net_income_4q": null,
            "revenue": 454477,
            "revenue_4q": null,
            "common_shares": 600000,
            "book_valuer_per_share": 24.2,
            "book_valuer_per_share_4q_avg": 23.88,
            "equity": 1451865,
            "current_ratio": 105.85,
            "debt_ratio": 80.3,
            "inventory_turnover_ratio": 0.08,
            "account_receivable_turnover_ratio": 1492.54,
            "reinvestment_rate": 269.49,
            "research_to_sale_ratio": null,
            "price_fair": 115.92,
            "eps_avg_yearly": 3.31,
            "eps_latest_yearly": 3.44,
            "eps_growth_yearly": 119.96
        },
        "20094": {
            "year_quarter": 20094,
            "year": 2009,
            "quarter": 4,
            "eps": 1.75,
            "eps_growth_year": 34.62,
            "eps_4q": 3.94,
            "eps_4q_growth_year": 89.08,
            "roe": 6.96,
            "roe_4q": 16.18,
            "gross_profit": 206854,
            "gross_margin": 23.09,
            "gross_margin_4q_avg": 22.66,
            "net_income": 104708,
            "net_income_4q": null,
            "revenue": 895743,
            "revenue_4q": null,
            "common_shares": 600000,
            "book_valuer_per_share": 25.94,
            "book_valuer_per_share_4q_avg": 24.41,
            "equity": 1556572,
            "current_ratio": 106.82,
            "debt_ratio": 80.92,
            "inventory_turnover_ratio": 0.13,
            "account_receivable_turnover_ratio": 2211.71,
            "reinvestment_rate": 236.93,
            "research_to_sale_ratio": null,
            "price_fair": 131.32,
            "eps_avg_yearly": 3.75,
            "eps_latest_yearly": 7,
            "eps_growth_yearly": 164.74
        },
        "20101": {
            "year_quarter": 20101,
            "year": 2010,
            "quarter": 1,
            "eps": 0.25,
            "eps_growth_year": -32.43,
            "eps_4q": 3.82,
            "eps_4q_growth_year": 89.8,
            "roe": 0.94,
            "roe_4q": 15.59,
            "gross_profit": 51736,
            "gross_margin": 23.68,
            "gross_margin_4q_avg": 23,
            "net_income": 14729,
            "net_income_4q": null,
            "revenue": 218453,
            "revenue_4q": null,
            "common_shares": 600000,
            "book_valuer_per_share": 26.19,
            "book_valuer_per_share_4q_avg": 24.92,
            "equity": 1571301,
            "current_ratio": 106.67,
            "debt_ratio": 81.65,
            "inventory_turnover_ratio": 0.03,
            "account_receivable_turnover_ratio": 382.58,
            "reinvestment_rate": 227.26,
            "research_to_sale_ratio": null,
            "price_fair": 122.56,
            "eps_avg_yearly": 3.5,
            "eps_latest_yearly": 1,
            "eps_growth_yearly": 118.59
        },
        "20102": {
            "year_quarter": 20102,
            "year": 2010,
            "quarter": 2,
            "eps": 0.9,
            "eps_growth_year": -6.59,
            "eps_4q": 3.75,
            "eps_4q_growth_year": 25.18,
            "roe": 3.61,
            "roe_4q": 15.15,
            "gross_profit": 94300,
            "gross_margin": 23.98,
            "gross_margin_4q_avg": 23.42,
            "net_income": 53803,
            "net_income_4q": null,
            "revenue": 393179,
            "revenue_4q": null,
            "common_shares": 600000,
            "book_valuer_per_share": 23.49,
            "book_valuer_per_share_4q_avg": 24.96,
            "equity": 1409104,
            "current_ratio": 103.45,
            "debt_ratio": 85.14,
            "inventory_turnover_ratio": 0.05,
            "account_receivable_turnover_ratio": 478.32,
            "reinvestment_rate": 214.3,
            "research_to_sale_ratio": null,
            "price_fair": 122.85,
            "eps_avg_yearly": 3.51,
            "eps_latest_yearly": 3.6,
            "eps_growth_yearly": 195.38
        },
        "20103": {
            "year_quarter": 20103,
            "year": 2010,
            "quarter": 3,
            "eps": 0.72,
            "eps_growth_year": -15.98,
            "eps_4q": 3.61,
            "eps_4q_growth_year": 3.96,
            "roe": 3.03,
            "roe_4q": 14.54,
            "gross_profit": 93980,
            "gross_margin": 23.45,
            "gross_margin_4q_avg": 23.55,
            "net_income": 43355,
            "net_income_4q": null,
            "revenue": 400835,
            "revenue_4q": null,
            "common_shares": 600000,
            "book_valuer_per_share": 24.21,
            "book_valuer_per_share_4q_avg": 24.96,
            "equity": 1452459,
            "current_ratio": 103.69,
            "debt_ratio": 85.8,
            "inventory_turnover_ratio": 0.04,
            "account_receivable_turnover_ratio": 27.37,
            "reinvestment_rate": 212.65,
            "research_to_sale_ratio": null,
            "price_fair": 120.75,
            "eps_avg_yearly": 3.45,
            "eps_latest_yearly": 2.88,
            "eps_growth_yearly": 136.33
        },
        "20104": {
            "year_quarter": 20104,
            "year": 2010,
            "quarter": 4,
            "eps": 1.72,
            "eps_growth_year": -1.9,
            "eps_4q": 3.58,
            "eps_4q_growth_year": -9.05,
            "roe": 6.85,
            "roe_4q": 14.429999999999998,
            "gross_profit": 206968,
            "gross_margin": 29.23,
            "gross_margin_4q_avg": 25.09,
            "net_income": 103006,
            "net_income_4q": null,
            "revenue": 707984,
            "revenue_4q": null,
            "common_shares": 600000,
            "book_valuer_per_share": 25.92,
            "book_valuer_per_share_4q_avg": 24.95,
            "equity": 1555465,
            "current_ratio": 104.47,
            "debt_ratio": 86.14,
            "inventory_turnover_ratio": 0.06,
            "account_receivable_turnover_ratio": 29.17,
            "reinvestment_rate": 196.66,
            "research_to_sale_ratio": null,
            "price_fair": 128.57,
            "eps_avg_yearly": 3.67,
            "eps_latest_yearly": 6.88,
            "eps_growth_yearly": 177.07
        },
        "20111": {
            "year_quarter": 20111,
            "year": 2011,
            "quarter": 1,
            "eps": 2.87,
            "eps_growth_year": 1048,
            "eps_4q": 6.21,
            "eps_4q_growth_year": 62.63,
            "roe": 10.49,
            "roe_4q": 23.98,
            "gross_profit": 285383,
            "gross_margin": 31.02,
            "gross_margin_4q_avg": 26.92,
            "net_income": 172280,
            "net_income_4q": null,
            "revenue": 920094,
            "revenue_4q": null,
            "common_shares": 600000,
            "book_valuer_per_share": 28.8,
            "book_valuer_per_share_4q_avg": 25.61,
            "equity": 1727745,
            "current_ratio": 105.54,
            "debt_ratio": 86.48,
            "inventory_turnover_ratio": 0.07,
            "account_receivable_turnover_ratio": 30.19,
            "reinvestment_rate": 160.23,
            "research_to_sale_ratio": null,
            "price_fair": 161.82,
            "eps_avg_yearly": 4.62,
            "eps_latest_yearly": 11.48,
            "eps_growth_yearly": 232.05
        },
        "20112": {
            "year_quarter": 20112,
            "year": 2011,
            "quarter": 2,
            "eps": -0.61,
            "eps_growth_year": -168.3,
            "eps_4q": 4.7,
            "eps_4q_growth_year": 25.24,
            "roe": -2.28,
            "roe_4q": 18.09,
            "gross_profit": 12579,
            "gross_margin": 51.54,
            "gross_margin_4q_avg": 33.81,
            "net_income": -36749,
            "net_income_4q": null,
            "revenue": 24408,
            "revenue_4q": null,
            "common_shares": 600000,
            "book_valuer_per_share": 24.98,
            "book_valuer_per_share_4q_avg": 25.98,
            "equity": 1498996,
            "current_ratio": 105.37,
            "debt_ratio": 82.86,
            "inventory_turnover_ratio": 0,
            "account_receivable_turnover_ratio": 1.13,
            "reinvestment_rate": 166.22,
            "research_to_sale_ratio": null,
            "price_fair": 161.82,
            "eps_avg_yearly": 4.62,
            "eps_latest_yearly": 11.48,
            "eps_growth_yearly": 232.05
        },
        "20113": {
            "year_quarter": 20113,
            "year": 2011,
            "quarter": 3,
            "eps": 2.75,
            "eps_growth_year": 280.73,
            "eps_4q": 6.73,
            "eps_4q_growth_year": 86.34,
            "roe": 10.44,
            "roe_4q": 25.5,
            "gross_profit": 253466,
            "gross_margin": 53.75,
            "gross_margin_4q_avg": 41.39,
            "net_income": 165066,
            "net_income_4q": null,
            "revenue": 471586,
            "revenue_4q": null,
            "common_shares": 600000,
            "book_valuer_per_share": 27.73,
            "book_valuer_per_share_4q_avg": 26.86,
            "equity": 1664062,
            "current_ratio": 111.36,
            "debt_ratio": 75.84,
            "inventory_turnover_ratio": 0.04,
            "account_receivable_turnover_ratio": 9.28,
            "reinvestment_rate": 153.21,
            "research_to_sale_ratio": null,
            "price_fair": 161.82,
            "eps_avg_yearly": 4.62,
            "eps_latest_yearly": 11.48,
            "eps_growth_yearly": 232.05
        },
        "20114": {
            "year_quarter": 20114,
            "year": 2011,
            "quarter": 4,
            "eps": 2.27,
            "eps_growth_year": 32.22,
            "eps_4q": 7.28,
            "eps_4q_growth_year": 103.26,
            "roe": 7.86,
            "roe_4q": 26.509999999999998,
            "gross_profit": 201932,
            "gross_margin": 51.61,
            "gross_margin_4q_avg": 46.98,
            "net_income": 136191,
            "net_income_4q": null,
            "revenue": 391230,
            "revenue_4q": null,
            "common_shares": 600000,
            "book_valuer_per_share": 30,
            "book_valuer_per_share_4q_avg": 27.88,
            "equity": 1800253,
            "current_ratio": 116.12,
            "debt_ratio": 72.35,
            "inventory_turnover_ratio": 0.05,
            "account_receivable_turnover_ratio": 5.87,
            "reinvestment_rate": 24.71,
            "research_to_sale_ratio": null,
            "price_fair": 168.23,
            "eps_avg_yearly": 4.81,
            "eps_latest_yearly": 9.08,
            "eps_growth_yearly": 230.61
        },
        "20121": {
            "year_quarter": 20121,
            "year": 2012,
            "quarter": 1,
            "eps": 1.49,
            "eps_growth_year": -48.08,
            "eps_4q": 5.89,
            "eps_4q_growth_year": -5.04,
            "roe": 4.83,
            "roe_4q": 20.85,
            "gross_profit": 141328,
            "gross_margin": 52.27,
            "gross_margin_4q_avg": 52.29,
            "net_income": 89169,
            "net_income_4q": null,
            "revenue": 270361,
            "revenue_4q": null,
            "common_shares": 600000,
            "book_valuer_per_share": 31.49,
            "book_valuer_per_share_4q_avg": 28.55,
            "equity": 1889422,
            "current_ratio": 117.38,
            "debt_ratio": 72.3,
            "inventory_turnover_ratio": 0.03,
            "account_receivable_turnover_ratio": 2.5,
            "reinvestment_rate": 23.16,
            "research_to_sale_ratio": null,
            "price_fair": 180.37,
            "eps_avg_yearly": 5.15,
            "eps_latest_yearly": 5.96,
            "eps_growth_yearly": 243.77
        },
        "20122": {
            "year_quarter": 20122,
            "year": 2012,
            "quarter": 2,
            "eps": 13.55,
            "eps_growth_year": null,
            "eps_4q": 20.06,
            "eps_4q_growth_year": 326.91,
            "roe": 37.62,
            "roe_4q": 60.74999999999999,
            "gross_profit": 1181606,
            "gross_margin": 46.85,
            "gross_margin_4q_avg": 51.12,
            "net_income": 812997,
            "net_income_4q": null,
            "revenue": 2522121,
            "revenue_4q": null,
            "common_shares": 600000,
            "book_valuer_per_share": 40.54,
            "book_valuer_per_share_4q_avg": 32.44,
            "equity": 2432419,
            "current_ratio": 122,
            "debt_ratio": 63.85,
            "inventory_turnover_ratio": 0.39,
            "account_receivable_turnover_ratio": 12.92,
            "reinvestment_rate": 38.64,
            "research_to_sale_ratio": null,
            "price_fair": 312.42,
            "eps_avg_yearly": 8.93,
            "eps_latest_yearly": 54.2,
            "eps_growth_yearly": 474.07
        },
        "20123": {
            "year_quarter": 20123,
            "year": 2012,
            "quarter": 3,
            "eps": 4.31,
            "eps_growth_year": 56.69,
            "eps_4q": 21.62,
            "eps_4q_growth_year": 221.36,
            "roe": 10.1,
            "roe_4q": 60.41,
            "gross_profit": 364091,
            "gross_margin": 51.3,
            "gross_margin_4q_avg": 50.51,
            "net_income": 258648,
            "net_income_4q": null,
            "revenue": 709694,
            "revenue_4q": null,
            "common_shares": 600000,
            "book_valuer_per_share": 44.85,
            "book_valuer_per_share_4q_avg": 36.72,
            "equity": 2691067,
            "current_ratio": 133.36,
            "debt_ratio": 57.58,
            "inventory_turnover_ratio": 0.13,
            "account_receivable_turnover_ratio": 5.51,
            "reinvestment_rate": 34.37,
            "research_to_sale_ratio": null,
            "price_fair": 333.2,
            "eps_avg_yearly": 9.52,
            "eps_latest_yearly": 17.24,
            "eps_growth_yearly": 420.72
        },
        "20124": {
            "year_quarter": 20124,
            "year": 2012,
            "quarter": 4,
            "eps": 1.81,
            "eps_growth_year": -20.25,
            "eps_4q": 21.16,
            "eps_4q_growth_year": 190.63,
            "roe": 3.96,
            "roe_4q": 56.50999999999999,
            "gross_profit": 170674,
            "gross_margin": 43.07,
            "gross_margin_4q_avg": 48.37,
            "net_income": 108617,
            "net_income_4q": null,
            "revenue": 396275,
            "revenue_4q": null,
            "common_shares": 600000,
            "book_valuer_per_share": 46.66,
            "book_valuer_per_share_4q_avg": 40.89,
            "equity": 2799684,
            "current_ratio": 137.66,
            "debt_ratio": 52.67,
            "inventory_turnover_ratio": 0.09,
            "account_receivable_turnover_ratio": 6.09,
            "reinvestment_rate": 42.97,
            "research_to_sale_ratio": null,
            "price_fair": 338.3,
            "eps_avg_yearly": 9.67,
            "eps_latest_yearly": 7.24,
            "eps_growth_yearly": 334.97
        },
        "20131": {
            "year_quarter": 20131,
            "year": 2013,
            "quarter": 1,
            "eps": 0.49,
            "eps_growth_year": -67.11,
            "eps_4q": 20.16,
            "eps_4q_growth_year": 242,
            "roe": 1.06,
            "roe_4q": 52.739999999999995,
            "gross_profit": 60182,
            "gross_margin": 61.76,
            "gross_margin_4q_avg": 50.75,
            "net_income": 29297,
            "net_income_4q": null,
            "revenue": 97438,
            "revenue_4q": null,
            "common_shares": 600000,
            "book_valuer_per_share": 45.65,
            "book_valuer_per_share_4q_avg": 44.43,
            "equity": 2739245,
            "current_ratio": 124.95,
            "debt_ratio": 54.95,
            "inventory_turnover_ratio": 0.01,
            "account_receivable_turnover_ratio": 0.99,
            "reinvestment_rate": -56.02,
            "research_to_sale_ratio": null,
            "price_fair": 339.5,
            "eps_avg_yearly": 9.7,
            "eps_latest_yearly": 1.96,
            "eps_growth_yearly": 334.58
        },
        "20132": {
            "year_quarter": 20132,
            "year": 2013,
            "quarter": 2,
            "eps": 0.32,
            "eps_growth_year": -97.64,
            "eps_4q": 6.93,
            "eps_4q_growth_year": -65.46,
            "roe": 0.8,
            "roe_4q": 15.92,
            "gross_profit": 98986,
            "gross_margin": 43.92,
            "gross_margin_4q_avg": 50.01,
            "net_income": 19159,
            "net_income_4q": null,
            "revenue": 225400,
            "revenue_4q": null,
            "common_shares": 600000,
            "book_valuer_per_share": 33.98,
            "book_valuer_per_share_4q_avg": 42.79,
            "equity": 2038572,
            "current_ratio": 83.92,
            "debt_ratio": 67.95,
            "inventory_turnover_ratio": 0.05,
            "account_receivable_turnover_ratio": 2.52,
            "reinvestment_rate": -72.03,
            "research_to_sale_ratio": null,
            "price_fair": 333.1,
            "eps_avg_yearly": 9.52,
            "eps_latest_yearly": 1.28,
            "eps_growth_yearly": 279.11
        },
        "20133": {
            "year_quarter": 20133,
            "year": 2013,
            "quarter": 3,
            "eps": -0.03,
            "eps_growth_year": -100.7,
            "eps_4q": 2.59,
            "eps_4q_growth_year": -88.02,
            "roe": -0.09,
            "roe_4q": 5.73,
            "gross_profit": 27420,
            "gross_margin": 50.61,
            "gross_margin_4q_avg": 49.84,
            "net_income": -1746,
            "net_income_4q": null,
            "revenue": 54182,
            "revenue_4q": null,
            "common_shares": 600000,
            "book_valuer_per_share": 33.92,
            "book_valuer_per_share_4q_avg": 40.05,
            "equity": 2034975,
            "current_ratio": 97.09,
            "debt_ratio": 67.76,
            "inventory_turnover_ratio": 0.01,
            "account_receivable_turnover_ratio": 0.82,
            "reinvestment_rate": -73.7,
            "research_to_sale_ratio": null,
            "price_fair": 349.46,
            "eps_avg_yearly": 9.98,
            "eps_latest_yearly": 1.28,
            "eps_growth_yearly": 303.78
        },
        "20134": {
            "year_quarter": 20134,
            "year": 2013,
            "quarter": 4,
            "eps": 0.38,
            "eps_growth_year": -79.02,
            "eps_4q": 1.16,
            "eps_4q_growth_year": -94.53,
            "roe": 1.09,
            "roe_4q": 2.8600000000000003,
            "gross_profit": 60122,
            "gross_margin": 46.8,
            "gross_margin_4q_avg": 50.77,
            "net_income": 22788,
            "net_income_4q": null,
            "revenue": 128469,
            "revenue_4q": null,
            "common_shares": 600000,
            "book_valuer_per_share": 35.81,
            "book_valuer_per_share_4q_avg": 37.34,
            "equity": 2148307,
            "current_ratio": 100.7,
            "debt_ratio": 69.34,
            "inventory_turnover_ratio": 0.03,
            "account_receivable_turnover_ratio": 2.81,
            "reinvestment_rate": -76.27,
            "research_to_sale_ratio": null,
            "price_fair": 358.17,
            "eps_avg_yearly": 10.23,
            "eps_latest_yearly": 1.28,
            "eps_growth_yearly": 294.6
        },
        "20141": {
            "year_quarter": 20141,
            "year": 2014,
            "quarter": 1,
            "eps": 0.83,
            "eps_growth_year": 69.39,
            "eps_4q": 1.6,
            "eps_4q_growth_year": -92.06,
            "roe": 2.11,
            "roe_4q": 3.91,
            "gross_profit": 40222,
            "gross_margin": 46.33,
            "gross_margin_4q_avg": 46.92,
            "net_income": 50918,
            "net_income_4q": null,
            "revenue": 86825,
            "revenue_4q": null,
            "common_shares": 600149,
            "book_valuer_per_share": 29.01,
            "book_valuer_per_share_4q_avg": 33.18,
            "equity": 2675265,
            "current_ratio": 106.45,
            "debt_ratio": 69.72,
            "inventory_turnover_ratio": 0.01,
            "account_receivable_turnover_ratio": 6.45,
            "reinvestment_rate": -62.34,
            "research_to_sale_ratio": null,
            "price_fair": 364.93,
            "eps_avg_yearly": 10.43,
            "eps_latest_yearly": 3.32,
            "eps_growth_yearly": 362.64
        },
        "20142": {
            "year_quarter": 20142,
            "year": 2014,
            "quarter": 2,
            "eps": 5.96,
            "eps_growth_year": 1762.5,
            "eps_4q": 7.22,
            "eps_4q_growth_year": 4.15,
            "roe": 12.19,
            "roe_4q": 15.299999999999999,
            "gross_profit": 460976,
            "gross_margin": 22.98,
            "gross_margin_4q_avg": 41.68,
            "net_income": 333170,
            "net_income_4q": null,
            "revenue": 2005624,
            "revenue_4q": null,
            "common_shares": 600156,
            "book_valuer_per_share": 29.84,
            "book_valuer_per_share_4q_avg": 32.15,
            "equity": 2792048,
            "current_ratio": 114.29,
            "debt_ratio": 60.71,
            "inventory_turnover_ratio": 0.46,
            "account_receivable_turnover_ratio": 429.38,
            "reinvestment_rate": -54.85,
            "research_to_sale_ratio": null,
            "price_fair": 423.97,
            "eps_avg_yearly": 12.11,
            "eps_latest_yearly": 23.84,
            "eps_growth_yearly": 482
        },
        "20143": {
            "year_quarter": 20143,
            "year": 2014,
            "quarter": 3,
            "eps": 2.27,
            "eps_growth_year": null,
            "eps_4q": 9.52,
            "eps_4q_growth_year": 267.75,
            "roe": 4.35,
            "roe_4q": 19.74,
            "gross_profit": 213587,
            "gross_margin": 24.07,
            "gross_margin_4q_avg": 35.05,
            "net_income": 125527,
            "net_income_4q": null,
            "revenue": 887509,
            "revenue_4q": null,
            "common_shares": 600156,
            "book_valuer_per_share": 32.69,
            "book_valuer_per_share_4q_avg": 31.84,
            "equity": 2978369,
            "current_ratio": 127.47,
            "debt_ratio": 54.97,
            "inventory_turnover_ratio": 0.26,
            "account_receivable_turnover_ratio": 149.45,
            "reinvestment_rate": -53.12,
            "research_to_sale_ratio": null,
            "price_fair": 442.05,
            "eps_avg_yearly": 12.63,
            "eps_latest_yearly": 9.08,
            "eps_growth_yearly": 468.03
        },
        "20144": {
            "year_quarter": 20144,
            "year": 2014,
            "quarter": 4,
            "eps": -0.19,
            "eps_growth_year": -150.48,
            "eps_4q": 8.92,
            "eps_4q_growth_year": 670.29,
            "roe": -0.46,
            "roe_4q": 18.189999999999998,
            "gross_profit": 45449,
            "gross_margin": 31.18,
            "gross_margin_4q_avg": 31.14,
            "net_income": -14846,
            "net_income_4q": null,
            "revenue": 145772,
            "revenue_4q": null,
            "common_shares": 600156,
            "book_valuer_per_share": 33.04,
            "book_valuer_per_share_4q_avg": 31.15,
            "equity": 3427702,
            "current_ratio": 145.77,
            "debt_ratio": 51.19,
            "inventory_turnover_ratio": 0.04,
            "account_receivable_turnover_ratio": 13.86,
            "reinvestment_rate": -55.32,
            "research_to_sale_ratio": null,
            "price_fair": 460.35,
            "eps_avg_yearly": 13.15,
            "eps_latest_yearly": 9.08,
            "eps_growth_yearly": 460.07
        },
        "20151": {
            "year_quarter": 20151,
            "year": 2015,
            "quarter": 1,
            "eps": 0.9,
            "eps_growth_year": 8.43,
            "eps_4q": 8.94,
            "eps_4q_growth_year": 458.5,
            "roe": 1.44,
            "roe_4q": 17.52,
            "gross_profit": 96963,
            "gross_margin": 21.13,
            "gross_margin_4q_avg": 24.84,
            "net_income": 49519,
            "net_income_4q": null,
            "revenue": 458814,
            "revenue_4q": null,
            "common_shares": 600156,
            "book_valuer_per_share": 33.7,
            "book_valuer_per_share_4q_avg": 32.32,
            "equity": 3449069,
            "current_ratio": 167.47,
            "debt_ratio": 50.17,
            "inventory_turnover_ratio": 0.12,
            "account_receivable_turnover_ratio": 46.57,
            "reinvestment_rate": -58.57,
            "research_to_sale_ratio": null,
            "price_fair": 466.2,
            "eps_avg_yearly": 13.32,
            "eps_latest_yearly": 9.08,
            "eps_growth_yearly": 479.34
        },
        "20152": {
            "year_quarter": 20152,
            "year": 2015,
            "quarter": 2,
            "eps": 15.42,
            "eps_growth_year": 158.72,
            "eps_4q": 18.41,
            "eps_4q_growth_year": 155.09,
            "roe": 23.08,
            "roe_4q": 28.409999999999997,
            "gross_profit": 994767,
            "gross_margin": 80.38,
            "gross_margin_4q_avg": 39.19,
            "net_income": 859111,
            "net_income_4q": null,
            "revenue": 1237566,
            "revenue_4q": null,
            "common_shares": 600156,
            "book_valuer_per_share": 43.94,
            "book_valuer_per_share_4q_avg": 35.84,
            "equity": 3996589,
            "current_ratio": 232.08,
            "debt_ratio": 42.66,
            "inventory_turnover_ratio": 0.08,
            "account_receivable_turnover_ratio": 204.15,
            "reinvestment_rate": -41.5,
            "research_to_sale_ratio": null,
            "price_fair": 620.07,
            "eps_avg_yearly": 17.72,
            "eps_latest_yearly": 61.68,
            "eps_growth_yearly": 1022.43
        },
        "20153": {
            "year_quarter": 20153,
            "year": 2015,
            "quarter": 3,
            "eps": 0.03,
            "eps_growth_year": -98.68,
            "eps_4q": 16.1,
            "eps_4q_growth_year": 69.11,
            "roe": -0.09,
            "roe_4q": 23.97,
            "gross_profit": 13367,
            "gross_margin": 53.76,
            "gross_margin_4q_avg": 46.61,
            "net_income": -3679,
            "net_income_4q": null,
            "revenue": 24862,
            "revenue_4q": null,
            "common_shares": 600156,
            "book_valuer_per_share": 44.8,
            "book_valuer_per_share_4q_avg": 38.87,
            "equity": 4106054,
            "current_ratio": 241.64,
            "debt_ratio": 41.84,
            "inventory_turnover_ratio": 0,
            "account_receivable_turnover_ratio": 4.33,
            "reinvestment_rate": -43.71,
            "research_to_sale_ratio": null,
            "price_fair": 568.75,
            "eps_avg_yearly": 16.25,
            "eps_latest_yearly": 0.12,
            "eps_growth_yearly": 903.96
        },
        "20154": {
            "year_quarter": 20154,
            "year": 2015,
            "quarter": 4,
            "eps": -0,
            "eps_growth_year": null,
            "eps_4q": 16.29,
            "eps_4q_growth_year": 82.59,
            "roe": -0.05,
            "roe_4q": 24.38,
            "gross_profit": 10844,
            "gross_margin": 43.69,
            "gross_margin_4q_avg": 49.74,
            "net_income": -2090,
            "net_income_4q": null,
            "revenue": 24818,
            "revenue_4q": null,
            "common_shares": 600156,
            "book_valuer_per_share": 44.16,
            "book_valuer_per_share_4q_avg": 41.65,
            "equity": 4012374,
            "current_ratio": 236.88,
            "debt_ratio": 42.25,
            "inventory_turnover_ratio": 0,
            "account_receivable_turnover_ratio": 5.35,
            "reinvestment_rate": -46.01,
            "research_to_sale_ratio": null,
            "price_fair": 591.56,
            "eps_avg_yearly": 16.9,
            "eps_latest_yearly": 0.12,
            "eps_growth_yearly": 992.48
        },
        "20161": {
            "year_quarter": 20161,
            "year": 2016,
            "quarter": 1,
            "eps": -0.09,
            "eps_growth_year": -110,
            "eps_4q": 15.3,
            "eps_4q_growth_year": 71.05,
            "roe": -0.17,
            "roe_4q": 22.77,
            "gross_profit": 12451,
            "gross_margin": 50.87,
            "gross_margin_4q_avg": 57.18,
            "net_income": -6776,
            "net_income_4q": null,
            "revenue": 24475,
            "revenue_4q": null,
            "common_shares": 600156,
            "book_valuer_per_share": 44.08,
            "book_valuer_per_share_4q_avg": 44.25,
            "equity": 3998655,
            "current_ratio": 216.6,
            "debt_ratio": 43.72,
            "inventory_turnover_ratio": 0,
            "account_receivable_turnover_ratio": 5.28,
            "reinvestment_rate": -47.36,
            "research_to_sale_ratio": null,
            "price_fair": 629.86,
            "eps_avg_yearly": 18,
            "eps_latest_yearly": 0.12,
            "eps_growth_yearly": 1105.47
        },
        "20162": {
            "year_quarter": 20162,
            "year": 2016,
            "quarter": 2,
            "eps": -0.74,
            "eps_growth_year": -104.8,
            "eps_4q": -0.87,
            "eps_4q_growth_year": -104.72,
            "roe": -1.15,
            "roe_4q": -1.46,
            "gross_profit": 12602,
            "gross_margin": 52.31,
            "gross_margin_4q_avg": 50.16,
            "net_income": -44041,
            "net_income_4q": null,
            "revenue": 24090,
            "revenue_4q": null,
            "common_shares": 600156,
            "book_valuer_per_share": 38.11,
            "book_valuer_per_share_4q_avg": 42.79,
            "equity": 3651533,
            "current_ratio": 150.7,
            "debt_ratio": 57.01,
            "inventory_turnover_ratio": 0,
            "account_receivable_turnover_ratio": 5.58,
            "reinvestment_rate": -97.42,
            "research_to_sale_ratio": null,
            "price_fair": 489.07,
            "eps_avg_yearly": 13.97,
            "eps_latest_yearly": 0.12,
            "eps_growth_yearly": 868.57
        },
        "20163": {
            "year_quarter": 20163,
            "year": 2016,
            "quarter": 3,
            "eps": -0.33,
            "eps_growth_year": -1200,
            "eps_4q": -1.16,
            "eps_4q_growth_year": -107.2,
            "roe": -1,
            "roe_4q": -2.3699999999999997,
            "gross_profit": 12436,
            "gross_margin": 52.1,
            "gross_margin_4q_avg": 49.74,
            "net_income": -35805,
            "net_income_4q": null,
            "revenue": 23870,
            "revenue_4q": null,
            "common_shares": 600156,
            "book_valuer_per_share": 37.5,
            "book_valuer_per_share_4q_avg": 40.96,
            "equity": 3525959,
            "current_ratio": 133.39,
            "debt_ratio": 58.91,
            "inventory_turnover_ratio": 0,
            "account_receivable_turnover_ratio": 6.32,
            "reinvestment_rate": -114.95,
            "research_to_sale_ratio": null,
            "price_fair": 474.78,
            "eps_avg_yearly": 13.57,
            "eps_latest_yearly": 0.12,
            "eps_growth_yearly": 1011.24
        },
        "20164": {
            "year_quarter": 20164,
            "year": 2016,
            "quarter": 4,
            "eps": 0.21,
            "eps_growth_year": null,
            "eps_4q": -0.94,
            "eps_4q_growth_year": -105.79,
            "roe": 0.7,
            "roe_4q": -1.6199999999999999,
            "gross_profit": -41972,
            "gross_margin": -98.33,
            "gross_margin_4q_avg": 14.24,
            "net_income": 24488,
            "net_income_4q": null,
            "revenue": 42686,
            "revenue_4q": null,
            "common_shares": 600156,
            "book_valuer_per_share": 36.13,
            "book_valuer_per_share_4q_avg": 38.96,
            "equity": 3438231,
            "current_ratio": 181.03,
            "debt_ratio": 60.73,
            "inventory_turnover_ratio": 0.02,
            "account_receivable_turnover_ratio": 12.1,
            "reinvestment_rate": -135.72,
            "research_to_sale_ratio": null,
            "price_fair": 506.4,
            "eps_avg_yearly": 14.47,
            "eps_latest_yearly": 0.12,
            "eps_growth_yearly": 1188.85
        },
        "20171": {
            "year_quarter": 20171,
            "year": 2017,
            "quarter": 1,
            "eps": -0.2,
            "eps_growth_year": null,
            "eps_4q": -1.05,
            "eps_4q_growth_year": -106.87,
            "roe": -0.43,
            "roe_4q": -1.88,
            "gross_profit": 10544,
            "gross_margin": 56.23,
            "gross_margin_4q_avg": 15.58,
            "net_income": -14782,
            "net_income_4q": null,
            "revenue": 18750,
            "revenue_4q": null,
            "common_shares": 600156,
            "book_valuer_per_share": 35.81,
            "book_valuer_per_share_4q_avg": 36.89,
            "equity": 3424494,
            "current_ratio": 243.21,
            "debt_ratio": 61.55,
            "inventory_turnover_ratio": 0,
            "account_receivable_turnover_ratio": 5.37,
            "reinvestment_rate": 16.65,
            "research_to_sale_ratio": null,
            "price_fair": 579.37,
            "eps_avg_yearly": 16.55,
            "eps_latest_yearly": 0.12,
            "eps_growth_yearly": 1435.61
        },
        "20172": {
            "year_quarter": 20172,
            "year": 2017,
            "quarter": 2,
            "eps": 0.34,
            "eps_growth_year": null,
            "eps_4q": -0.65,
            "eps_4q_growth_year": null,
            "roe": -0.67,
            "roe_4q": -1.4000000000000001,
            "gross_profit": -5184,
            "gross_margin": -53.14,
            "gross_margin_4q_avg": -10.79,
            "net_income": -23188,
            "net_income_4q": null,
            "revenue": 9756,
            "revenue_4q": null,
            "common_shares": 600156,
            "book_valuer_per_share": 33.38,
            "book_valuer_per_share_4q_avg": 35.71,
            "equity": 3504025,
            "current_ratio": 297.15,
            "debt_ratio": 65.35,
            "inventory_turnover_ratio": 0,
            "account_receivable_turnover_ratio": 2.86,
            "reinvestment_rate": 17.17,
            "research_to_sale_ratio": null,
            "price_fair": 686.28,
            "eps_avg_yearly": 19.61,
            "eps_latest_yearly": 0.12,
            "eps_growth_yearly": 1750.49
        },
        "20173": {
            "year_quarter": 20173,
            "year": 2017,
            "quarter": 3,
            "eps": -0.81,
            "eps_growth_year": null,
            "eps_4q": -1.13,
            "eps_4q_growth_year": null,
            "roe": -1.37,
            "roe_4q": -1.7700000000000002,
            "gross_profit": 5023,
            "gross_margin": 37.27,
            "gross_margin_4q_avg": -14.49,
            "net_income": -48996,
            "net_income_4q": null,
            "revenue": 13479,
            "revenue_4q": null,
            "common_shares": 600156,
            "book_valuer_per_share": 33.26,
            "book_valuer_per_share_4q_avg": 34.65,
            "equity": 3638604,
            "current_ratio": 328.3,
            "debt_ratio": 66.96,
            "inventory_turnover_ratio": 0,
            "account_receivable_turnover_ratio": 4.28,
            "reinvestment_rate": 17.11,
            "research_to_sale_ratio": null,
            "price_fair": 686.28,
            "eps_avg_yearly": 19.61,
            "eps_latest_yearly": 0.12,
            "eps_growth_yearly": 1750.49
        },
        "20174": {
            "year_quarter": 20174,
            "year": 2017,
            "quarter": 4,
            "eps": -0.24,
            "eps_growth_year": -212.43,
            "eps_4q": -1.58,
            "eps_4q_growth_year": null,
            "roe": -0.49,
            "roe_4q": -2.9600000000000004,
            "gross_profit": -494,
            "gross_margin": -3.29,
            "gross_margin_4q_avg": 9.27,
            "net_income": -17740,
            "net_income_4q": null,
            "revenue": 15028,
            "revenue_4q": null,
            "common_shares": 600156,
            "book_valuer_per_share": 33.31,
            "book_valuer_per_share_4q_avg": 33.94,
            "equity": 3642596,
            "current_ratio": 211.05,
            "debt_ratio": 71.42,
            "inventory_turnover_ratio": 0,
            "account_receivable_turnover_ratio": 3.66,
            "reinvestment_rate": 19.69,
            "research_to_sale_ratio": null,
            "price_fair": 686.28,
            "eps_avg_yearly": 19.61,
            "eps_latest_yearly": 0.12,
            "eps_growth_yearly": 1750.49
        },
        "20181": {
            "year_quarter": 20181,
            "year": 2018,
            "quarter": 1,
            "eps": -0.95,
            "eps_growth_year": null,
            "eps_4q": -2.34,
            "eps_4q_growth_year": null,
            "roe": -2.97,
            "roe_4q": -5.5,
            "gross_profit": 3601,
            "gross_margin": 24.01,
            "gross_margin_4q_avg": 1.21,
            "net_income": -106782,
            "net_income_4q": null,
            "revenue": 14995,
            "revenue_4q": null,
            "common_shares": 600156,
            "book_valuer_per_share": 32.13,
            "book_valuer_per_share_4q_avg": 33.02,
            "equity": 3554942,
            "current_ratio": 167.09,
            "debt_ratio": 72.28,
            "inventory_turnover_ratio": 0.01,
            "account_receivable_turnover_ratio": 3.68,
            "reinvestment_rate": -9.3,
            "research_to_sale_ratio": null,
            "price_fair": 828.8,
            "eps_avg_yearly": 23.68,
            "eps_latest_yearly": 0.12,
            "eps_growth_yearly": 2069.69
        },
        "20182": {
            "year_quarter": 20182,
            "year": 2018,
            "quarter": 2,
            "eps": -0.37,
            "eps_growth_year": -208.82,
            "eps_4q": -2.37,
            "eps_4q_growth_year": null,
            "roe": -0.83,
            "roe_4q": -5.66,
            "gross_profit": 5210,
            "gross_margin": 30.88,
            "gross_margin_4q_avg": 22.22,
            "net_income": -28998,
            "net_income_4q": null,
            "revenue": 16874,
            "revenue_4q": null,
            "common_shares": 600156,
            "book_valuer_per_share": 29.95,
            "book_valuer_per_share_4q_avg": 32.16,
            "equity": 3404256,
            "current_ratio": 168.51,
            "debt_ratio": 75.04,
            "inventory_turnover_ratio": 0.01,
            "account_receivable_turnover_ratio": 5.67,
            "reinvestment_rate": -12,
            "research_to_sale_ratio": null,
            "price_fair": 826.93,
            "eps_avg_yearly": 23.63,
            "eps_latest_yearly": 0.12,
            "eps_growth_yearly": 1935.49
        },
        "20183": {
            "year_quarter": 20183,
            "year": 2018,
            "quarter": 3,
            "eps": -0.41,
            "eps_growth_year": null,
            "eps_4q": -1.97,
            "eps_4q_growth_year": null,
            "roe": -0.98,
            "roe_4q": -5.2700000000000005,
            "gross_profit": 6181,
            "gross_margin": 35.25,
            "gross_margin_4q_avg": 21.71,
            "net_income": -32569,
            "net_income_4q": null,
            "revenue": 17535,
            "revenue_4q": null,
            "common_shares": 600156,
            "book_valuer_per_share": 28.9,
            "book_valuer_per_share_4q_avg": 31.07,
            "equity": 3276557,
            "current_ratio": 200.12,
            "debt_ratio": 77.26,
            "inventory_turnover_ratio": 0,
            "account_receivable_turnover_ratio": 6.02,
            "reinvestment_rate": -13.23,
            "research_to_sale_ratio": null,
            "price_fair": 1081.5,
            "eps_avg_yearly": 30.9,
            "eps_latest_yearly": 0.12,
            "eps_growth_yearly": 3027.06
        },
        "20184": {
            "year_quarter": 20184,
            "year": 2018,
            "quarter": 4,
            "eps": -0.45,
            "eps_growth_year": null,
            "eps_4q": -2.18,
            "eps_4q_growth_year": null,
            "roe": -0.75,
            "roe_4q": -5.53,
            "gross_profit": 7734,
            "gross_margin": 41.31,
            "gross_margin_4q_avg": 32.86,
            "net_income": -24593,
            "net_income_4q": null,
            "revenue": 18722,
            "revenue_4q": null,
            "common_shares": 600156,
            "book_valuer_per_share": 28.88,
            "book_valuer_per_share_4q_avg": 29.97,
            "equity": 3289032,
            "current_ratio": 201.9,
            "debt_ratio": 77.74,
            "inventory_turnover_ratio": 0,
            "account_receivable_turnover_ratio": 6.5,
            "reinvestment_rate": -14.1,
            "research_to_sale_ratio": null,
            "price_fair": 1081.5,
            "eps_avg_yearly": 30.9,
            "eps_latest_yearly": 0.12,
            "eps_growth_yearly": 3027.06
        },
        "20191": {
            "year_quarter": 20191,
            "year": 2019,
            "quarter": 1,
            "eps": -0.32,
            "eps_growth_year": null,
            "eps_4q": -1.55,
            "eps_4q_growth_year": null,
            "roe": -0.66,
            "roe_4q": -3.22,
            "gross_profit": 7347,
            "gross_margin": 37.21,
            "gross_margin_4q_avg": 36.16,
            "net_income": -21643,
            "net_income_4q": null,
            "revenue": 19744,
            "revenue_4q": null,
            "common_shares": 600156,
            "book_valuer_per_share": 28.42,
            "book_valuer_per_share_4q_avg": 29.04,
            "equity": 3291683,
            "current_ratio": 205.47,
            "debt_ratio": 78.26,
            "inventory_turnover_ratio": 0,
            "account_receivable_turnover_ratio": 6.32,
            "reinvestment_rate": -14.21,
            "research_to_sale_ratio": null,
            "price_fair": 1081.5,
            "eps_avg_yearly": 30.9,
            "eps_latest_yearly": 0.12,
            "eps_growth_yearly": 3027.06
        },
        "20192": {
            "year_quarter": 20192,
            "year": 2019,
            "quarter": 2,
            "eps": -0.36,
            "eps_growth_year": null,
            "eps_4q": -1.54,
            "eps_4q_growth_year": null,
            "roe": -0.91,
            "roe_4q": -3.3000000000000003,
            "gross_profit": 11478,
            "gross_margin": 50.44,
            "gross_margin_4q_avg": 41.05,
            "net_income": -29050,
            "net_income_4q": null,
            "revenue": 22754,
            "revenue_4q": null,
            "common_shares": 600156,
            "book_valuer_per_share": 25.82,
            "book_valuer_per_share_4q_avg": 28.01,
            "equity": 3123708,
            "current_ratio": 193.15,
            "debt_ratio": 79.94,
            "inventory_turnover_ratio": 0,
            "account_receivable_turnover_ratio": 5.02,
            "reinvestment_rate": null,
            "research_to_sale_ratio": null,
            "price_fair": 0.36,
            "eps_avg_yearly": 0.12,
            "eps_latest_yearly": 0.12,
            "eps_growth_yearly": -399.22
        },
        "20193": {
            "year_quarter": 20193,
            "year": 2019,
            "quarter": 3,
            "eps": -0.33,
            "eps_growth_year": null,
            "eps_4q": -1.47,
            "eps_4q_growth_year": null,
            "roe": -0.84,
            "roe_4q": -3.16,
            "gross_profit": 12117,
            "gross_margin": 51.48,
            "gross_margin_4q_avg": 45.11,
            "net_income": -25831,
            "net_income_4q": null,
            "revenue": 23539,
            "revenue_4q": null,
            "common_shares": 600156,
            "book_valuer_per_share": 25.13,
            "book_valuer_per_share_4q_avg": 27.06,
            "equity": 3014620,
            "current_ratio": 190.28,
            "debt_ratio": 80.6,
            "inventory_turnover_ratio": 0,
            "account_receivable_turnover_ratio": 4.24,
            "reinvestment_rate": null,
            "research_to_sale_ratio": null,
            "price_fair": 0,
            "eps_avg_yearly": 0,
            "eps_latest_yearly": 0,
            "eps_growth_yearly": 0
        },
        "20194": {
            "year_quarter": 20194,
            "year": 2019,
            "quarter": 4,
            "eps": -2.24,
            "eps_growth_year": null,
            "eps_4q": -3.26,
            "eps_4q_growth_year": null,
            "roe": -6.07,
            "roe_4q": -8.48,
            "gross_profit": 12299,
            "gross_margin": 53.24,
            "gross_margin_4q_avg": 48.09,
            "net_income": -132881,
            "net_income_4q": null,
            "revenue": 23101,
            "revenue_4q": null,
            "common_shares": 600156,
            "book_valuer_per_share": 24.38,
            "book_valuer_per_share_4q_avg": 25.94,
            "equity": 1360633,
            "current_ratio": 227.21,
            "debt_ratio": 86.3,
            "inventory_turnover_ratio": 0,
            "account_receivable_turnover_ratio": 4.36,
            "reinvestment_rate": null,
            "research_to_sale_ratio": null,
            "price_fair": 0,
            "eps_avg_yearly": 0,
            "eps_latest_yearly": 0,
            "eps_growth_yearly": 0
        },
        "20201": {
            "year_quarter": 20201,
            "year": 2020,
            "quarter": 1,
            "eps": -0.4,
            "eps_growth_year": null,
            "eps_4q": -3.33,
            "eps_4q_growth_year": null,
            "roe": -1.68,
            "roe_4q": -9.5,
            "gross_profit": 12058,
            "gross_margin": 52.03,
            "gross_margin_4q_avg": 51.8,
            "net_income": -22382,
            "net_income_4q": null,
            "revenue": 23176,
            "revenue_4q": null,
            "common_shares": 600156,
            "book_valuer_per_share": 23.46,
            "book_valuer_per_share_4q_avg": 24.7,
            "equity": 1309162,
            "current_ratio": 223.56,
            "debt_ratio": 87.13,
            "inventory_turnover_ratio": 0,
            "account_receivable_turnover_ratio": 3.82,
            "reinvestment_rate": null,
            "research_to_sale_ratio": null,
            "price_fair": 0,
            "eps_avg_yearly": 0,
            "eps_latest_yearly": 0,
            "eps_growth_yearly": 0
        },
        "20202": {
            "year_quarter": 20202,
            "year": 2020,
            "quarter": 2,
            "eps": -0.24,
            "eps_growth_year": null,
            "eps_4q": -3.22,
            "eps_4q_growth_year": null,
            "roe": -1.07,
            "roe_4q": -9.66,
            "gross_profit": 12112,
            "gross_margin": 52.77,
            "gross_margin_4q_avg": 52.38,
            "net_income": -13581,
            "net_income_4q": null,
            "revenue": 22953,
            "revenue_4q": null,
            "common_shares": 600156,
            "book_valuer_per_share": 22.01,
            "book_valuer_per_share_4q_avg": 23.75,
            "equity": 1228329,
            "current_ratio": 207.56,
            "debt_ratio": 88.14,
            "inventory_turnover_ratio": 0,
            "account_receivable_turnover_ratio": 3.26,
            "reinvestment_rate": null,
            "research_to_sale_ratio": null,
            "price_fair": 0,
            "eps_avg_yearly": 0,
            "eps_latest_yearly": 0,
            "eps_growth_yearly": 0
        },
        "20203": {
            "year_quarter": 20203,
            "year": 2020,
            "quarter": 3,
            "eps": -0.74,
            "eps_growth_year": null,
            "eps_4q": -3.62,
            "eps_4q_growth_year": null,
            "roe": -3.4,
            "roe_4q": -12.219999999999999,
            "gross_profit": 12052,
            "gross_margin": 18.04,
            "gross_margin_4q_avg": 44.02,
            "net_income": -41120,
            "net_income_4q": null,
            "revenue": 66819,
            "revenue_4q": null,
            "common_shares": 600156,
            "book_valuer_per_share": 21.32,
            "book_valuer_per_share_4q_avg": 22.79,
            "equity": 1189846,
            "current_ratio": 105.92,
            "debt_ratio": 88.73,
            "inventory_turnover_ratio": 0.01,
            "account_receivable_turnover_ratio": 11.56,
            "reinvestment_rate": null,
            "research_to_sale_ratio": null,
            "price_fair": 0,
            "eps_avg_yearly": 0,
            "eps_latest_yearly": 0,
            "eps_growth_yearly": 0
        },
        "20204": {
            "year_quarter": 20204,
            "year": 2020,
            "quarter": 4,
            "eps": -0.57,
            "eps_growth_year": null,
            "eps_4q": -1.95,
            "eps_4q_growth_year": null,
            "roe": -2.68,
            "roe_4q": -8.83,
            "gross_profit": 11212,
            "gross_margin": 49.16,
            "gross_margin_4q_avg": 43,
            "net_income": -31755,
            "net_income_4q": null,
            "revenue": 22805,
            "revenue_4q": null,
            "common_shares": 600156,
            "book_valuer_per_share": 21.14,
            "book_valuer_per_share_4q_avg": 21.98,
            "equity": 1179461,
            "current_ratio": 123.75,
            "debt_ratio": 89.1,
            "inventory_turnover_ratio": 0,
            "account_receivable_turnover_ratio": 5.12,
            "reinvestment_rate": null,
            "research_to_sale_ratio": null,
            "price_fair": 0,
            "eps_avg_yearly": 0,
            "eps_latest_yearly": 0,
            "eps_growth_yearly": 0
        },
        "20211": {
            "year_quarter": 20211,
            "year": 2021,
            "quarter": 1,
            "eps": -0.53,
            "eps_growth_year": null,
            "eps_4q": -2.06,
            "eps_4q_growth_year": null,
            "roe": -2.49,
            "roe_4q": -9.64,
            "gross_profit": 12586,
            "gross_margin": 53,
            "gross_margin_4q_avg": 43.24,
            "net_income": -29371,
            "net_income_4q": null,
            "revenue": 23745,
            "revenue_4q": null,
            "common_shares": 600156,
            "book_valuer_per_share": 21,
            "book_valuer_per_share_4q_avg": 21.37,
            "equity": 1179854,
            "current_ratio": 120.75,
            "debt_ratio": 89.56,
            "inventory_turnover_ratio": 0,
            "account_receivable_turnover_ratio": 5.49,
            "reinvestment_rate": null,
            "research_to_sale_ratio": null,
            "price_fair": 0,
            "eps_avg_yearly": 0,
            "eps_latest_yearly": 0,
            "eps_growth_yearly": 0
        },
        "20212": {
            "year_quarter": 20212,
            "year": 2021,
            "quarter": 2,
            "eps": -0.52,
            "eps_growth_year": null,
            "eps_4q": -2.34,
            "eps_4q_growth_year": null,
            "roe": -2.54,
            "roe_4q": -11.110000000000001,
            "gross_profit": 12187,
            "gross_margin": 52.76,
            "gross_margin_4q_avg": 43.24,
            "net_income": -29461,
            "net_income_4q": null,
            "revenue": 23101,
            "revenue_4q": null,
            "common_shares": 603931,
            "book_valuer_per_share": 20.32,
            "book_valuer_per_share_4q_avg": 20.95,
            "equity": 1141560,
            "current_ratio": 118.74,
            "debt_ratio": 90.36,
            "inventory_turnover_ratio": 0,
            "account_receivable_turnover_ratio": 6.03,
            "reinvestment_rate": null,
            "research_to_sale_ratio": null,
            "price_fair": 0,
            "eps_avg_yearly": 0,
            "eps_latest_yearly": 0,
            "eps_growth_yearly": 0
        },
        "20213": {
            "year_quarter": 20213,
            "year": 2021,
            "quarter": 3,
            "eps": 20.17,
            "eps_growth_year": null,
            "eps_4q": 18.47,
            "eps_4q_growth_year": null,
            "roe": 65.66,
            "roe_4q": 57.949999999999996,
            "gross_profit": 10568,
            "gross_margin": 49.52,
            "gross_margin_4q_avg": 51.11,
            "net_income": 1137208,
            "net_income_4q": null,
            "revenue": 21339,
            "revenue_4q": null,
            "common_shares": 603931,
            "book_valuer_per_share": 40.98,
            "book_valuer_per_share_4q_avg": 25.86,
            "equity": 2322544,
            "current_ratio": 109.39,
            "debt_ratio": 81.63,
            "inventory_turnover_ratio": 0,
            "account_receivable_turnover_ratio": 6.2,
            "reinvestment_rate": -9.05,
            "research_to_sale_ratio": null,
            "price_fair": 0,
            "eps_avg_yearly": 0,
            "eps_latest_yearly": 0,
            "eps_growth_yearly": 0
        },
        "20214": {
            "year_quarter": 20214,
            "year": 2021,
            "quarter": 4,
            "eps": -1.77,
            "eps_growth_year": null,
            "eps_4q": 17.09,
            "eps_4q_growth_year": null,
            "roe": -4.4,
            "roe_4q": 56.23,
            "gross_profit": 12160,
            "gross_margin": 52.54,
            "gross_margin_4q_avg": 51.96,
            "net_income": -100938,
            "net_income_4q": null,
            "revenue": 23143,
            "revenue_4q": null,
            "common_shares": 608913,
            "book_valuer_per_share": 39.55,
            "book_valuer_per_share_4q_avg": 30.46,
            "equity": 2261940,
            "current_ratio": 105.33,
            "debt_ratio": 81.96,
            "inventory_turnover_ratio": 0,
            "account_receivable_turnover_ratio": 6.64,
            "reinvestment_rate": -15.01,
            "research_to_sale_ratio": null,
            "price_fair": 0,
            "eps_avg_yearly": 0,
            "eps_latest_yearly": 0,
            "eps_growth_yearly": 0
        },
        "20221": {
            "year_quarter": 20221,
            "year": 2022,
            "quarter": 1,
            "eps": -0.72,
            "eps_growth_year": null,
            "eps_4q": 16.85,
            "eps_4q_growth_year": null,
            "roe": -1.82,
            "roe_4q": 56.9,
            "gross_profit": 12469,
            "gross_margin": 53.19,
            "gross_margin_4q_avg": 52,
            "net_income": -40955,
            "net_income_4q": null,
            "revenue": 23441,
            "revenue_4q": null,
            "common_shares": 614023,
            "book_valuer_per_share": 39,
            "book_valuer_per_share_4q_avg": 34.96,
            "equity": 2235740,
            "current_ratio": 110.43,
            "debt_ratio": 83.46,
            "inventory_turnover_ratio": 0,
            "account_receivable_turnover_ratio": 5.13,
            "reinvestment_rate": 4.21,
            "research_to_sale_ratio": null,
            "price_fair": 0,
            "eps_avg_yearly": 0,
            "eps_latest_yearly": 0,
            "eps_growth_yearly": 0
        },
        "20222": {
            "year_quarter": 20222,
            "year": 2022,
            "quarter": 2,
            "eps": -0.65,
            "eps_growth_year": null,
            "eps_4q": 16.62,
            "eps_4q_growth_year": null,
            "roe": -1.8,
            "roe_4q": 57.64,
            "gross_profit": 12706,
            "gross_margin": 53.9,
            "gross_margin_4q_avg": 52.29,
            "net_income": -37325,
            "net_income_4q": null,
            "revenue": 23572,
            "revenue_4q": null,
            "common_shares": 615393,
            "book_valuer_per_share": 33.26,
            "book_valuer_per_share_4q_avg": 38.2,
            "equity": 1917592,
            "current_ratio": 117.69,
            "debt_ratio": 86.4,
            "inventory_turnover_ratio": 0,
            "account_receivable_turnover_ratio": 4.81,
            "reinvestment_rate": 3.68,
            "research_to_sale_ratio": null,
            "price_fair": 0,
            "eps_avg_yearly": 0,
            "eps_latest_yearly": 0,
            "eps_growth_yearly": 0
        },
        "20223": {
            "year_quarter": 20223,
            "year": 2022,
            "quarter": 3,
            "eps": -2.11,
            "eps_growth_year": -110.46,
            "eps_4q": -5.22,
            "eps_4q_growth_year": -128.28,
            "roe": -6.51,
            "roe_4q": -14.530000000000001,
            "gross_profit": 13503,
            "gross_margin": 55.89,
            "gross_margin_4q_avg": 53.88,
            "net_income": -121819,
            "net_income_4q": null,
            "revenue": 24158,
            "revenue_4q": null,
            "common_shares": 618633,
            "book_valuer_per_share": 31.64,
            "book_valuer_per_share_4q_avg": 35.86,
            "equity": 1824165,
            "current_ratio": 114.37,
            "debt_ratio": 87.14,
            "inventory_turnover_ratio": 0,
            "account_receivable_turnover_ratio": 5.84,
            "reinvestment_rate": 1.81,
            "research_to_sale_ratio": null,
            "price_fair": 0,
            "eps_avg_yearly": 0,
            "eps_latest_yearly": 0,
            "eps_growth_yearly": 0
        },
        "20224": {
            "year_quarter": 20224,
            "year": 2022,
            "quarter": 4,
            "eps": -1.23,
            "eps_growth_year": null,
            "eps_4q": -4.7,
            "eps_4q_growth_year": -127.51,
            "roe": -3.97,
            "roe_4q": -14.100000000000001,
            "gross_profit": 13208,
            "gross_margin": 53.81,
            "gross_margin_4q_avg": 54.2,
            "net_income": -71009,
            "net_income_4q": null,
            "revenue": 24546,
            "revenue_4q": null,
            "common_shares": 618633,
            "book_valuer_per_share": 30.42,
            "book_valuer_per_share_4q_avg": 33.58,
            "equity": 1753784,
            "current_ratio": 108.91,
            "debt_ratio": 88.15,
            "inventory_turnover_ratio": 0,
            "account_receivable_turnover_ratio": 6.89,
            "reinvestment_rate": -5.04,
            "research_to_sale_ratio": null,
            "price_fair": 0,
            "eps_avg_yearly": 0,
            "eps_latest_yearly": 0,
            "eps_growth_yearly": 0
        },
        "20231": {
            "year_quarter": 20231,
            "year": 2023,
            "quarter": 1,
            "eps": -0.33,
            "eps_growth_year": null,
            "eps_4q": -4.31,
            "eps_4q_growth_year": -125.59,
            "roe": -1.09,
            "roe_4q": -13.370000000000001,
            "gross_profit": 13563,
            "gross_margin": 55.28,
            "gross_margin_4q_avg": 54.72,
            "net_income": -19118,
            "net_income_4q": null,
            "revenue": 24533,
            "revenue_4q": null,
            "common_shares": 618633,
            "book_valuer_per_share": 30.28,
            "book_valuer_per_share_4q_avg": 31.4,
            "equity": 1750251,
            "current_ratio": 108.66,
            "debt_ratio": 88.31,
            "inventory_turnover_ratio": 0,
            "account_receivable_turnover_ratio": 8.71,
            "reinvestment_rate": -5.31,
            "research_to_sale_ratio": null,
            "price_fair": 0,
            "eps_avg_yearly": 0,
            "eps_latest_yearly": 0,
            "eps_growth_yearly": 0
        },
        "20232": {
            "year_quarter": 20232,
            "year": 2023,
            "quarter": 2,
            "eps": 0.26,
            "eps_growth_year": null,
            "eps_4q": -3.41,
            "eps_4q_growth_year": -120.51,
            "roe": 0.87,
            "roe_4q": -10.7,
            "gross_profit": 13388,
            "gross_margin": 54.4,
            "gross_margin_4q_avg": 54.85,
            "net_income": 14917,
            "net_income_4q": null,
            "revenue": 24609,
            "revenue_4q": null,
            "common_shares": 620238,
            "book_valuer_per_share": 28.9,
            "book_valuer_per_share_4q_avg": 30.31,
            "equity": 1670757,
            "current_ratio": 107.78,
            "debt_ratio": 88.85,
            "inventory_turnover_ratio": 0,
            "account_receivable_turnover_ratio": 10.15,
            "reinvestment_rate": -5.22,
            "research_to_sale_ratio": null,
            "price_fair": 0,
            "eps_avg_yearly": 0,
            "eps_latest_yearly": 0,
            "eps_growth_yearly": 0
        },
        "20233": {
            "year_quarter": 20233,
            "year": 2023,
            "quarter": 3,
            "eps": -0.15,
            "eps_growth_year": null,
            "eps_4q": -1.45,
            "eps_4q_growth_year": null,
            "roe": -0.53,
            "roe_4q": -4.720000000000001,
            "gross_profit": 14685,
            "gross_margin": 57.98,
            "gross_margin_4q_avg": 55.37,
            "net_income": -8768,
            "net_income_4q": null,
            "revenue": 25328,
            "revenue_4q": null,
            "common_shares": 620238,
            "book_valuer_per_share": 28.63,
            "book_valuer_per_share_4q_avg": 29.56,
            "equity": 1655198,
            "current_ratio": 111.08,
            "debt_ratio": 88.42,
            "inventory_turnover_ratio": 0,
            "account_receivable_turnover_ratio": 3.81,
            "reinvestment_rate": -2.98,
            "research_to_sale_ratio": null,
            "price_fair": 0,
            "eps_avg_yearly": 0,
            "eps_latest_yearly": 0,
            "eps_growth_yearly": 0
        }
    },
    "months": {
        "2001-06": {
            "month": "2001-06",
            "price": "3.76",
            "revenue": 63235
        },
        "2001-07": {
            "month": "2001-07",
            "price": "3.44",
            "revenue": 43306
        },
        "2001-08": {
            "month": "2001-08",
            "price": "2.75",
            "revenue": 43190
        },
        "2001-09": {
            "month": "2001-09",
            "price": "1.99",
            "revenue": 25735
        },
        "2001-10": {
            "month": "2001-10",
            "price": "1.63",
            "revenue": 23193
        },
        "2001-11": {
            "month": "2001-11",
            "price": "1.74",
            "revenue": 24518
        },
        "2001-12": {
            "month": "2001-12",
            "price": "2.75",
            "revenue": 12349
        },
        "2002-01": {
            "month": "2002-01",
            "price": "4.27",
            "revenue": 8571
        },
        "2002-02": {
            "month": "2002-02",
            "price": "4.08",
            "revenue": 8320
        },
        "2002-03": {
            "month": "2002-03",
            "price": "3.95",
            "revenue": 32568
        },
        "2002-04": {
            "month": "2002-04",
            "price": "5.26",
            "revenue": 61653
        },
        "2002-05": {
            "month": "2002-05",
            "price": "4.28",
            "revenue": 66663
        },
        "2002-06": {
            "month": "2002-06",
            "price": "5.05",
            "revenue": 64774
        },
        "2002-07": {
            "month": "2002-07",
            "price": "4.83",
            "revenue": 82296
        },
        "2002-08": {
            "month": "2002-08",
            "price": "4.53",
            "revenue": 43963
        },
        "2002-09": {
            "month": "2002-09",
            "price": "4.00",
            "revenue": 29098
        },
        "2002-10": {
            "month": "2002-10",
            "price": "3.56",
            "revenue": 23554
        },
        "2002-11": {
            "month": "2002-11",
            "price": "3.88",
            "revenue": 23941
        },
        "2002-12": {
            "month": "2002-12",
            "price": "4.39",
            "revenue": 11677
        },
        "2003-01": {
            "month": "2003-01",
            "price": "5.01",
            "revenue": 9277
        },
        "2003-02": {
            "month": "2003-02",
            "price": "6.11",
            "revenue": 26958
        },
        "2003-03": {
            "month": "2003-03",
            "price": "5.82",
            "revenue": 42059
        },
        "2003-04": {
            "month": "2003-04",
            "price": "5.49",
            "revenue": 57065
        },
        "2003-05": {
            "month": "2003-05",
            "price": "6.05",
            "revenue": 71827
        },
        "2003-06": {
            "month": "2003-06",
            "price": "8.20",
            "revenue": 88562
        },
        "2003-07": {
            "month": "2003-07",
            "price": "8.71",
            "revenue": 87728
        },
        "2003-08": {
            "month": "2003-08",
            "price": "7.89",
            "revenue": 78990
        },
        "2003-09": {
            "month": "2003-09",
            "price": "9.29",
            "revenue": 75927
        },
        "2003-10": {
            "month": "2003-10",
            "price": "9.65",
            "revenue": 56448
        },
        "2003-11": {
            "month": "2003-11",
            "price": "8.48",
            "revenue": 72411
        },
        "2003-12": {
            "month": "2003-12",
            "price": "8.11",
            "revenue": 74696
        },
        "2004-01": {
            "month": "2004-01",
            "price": "8.44",
            "revenue": 34557
        },
        "2004-02": {
            "month": "2004-02",
            "price": "8.49",
            "revenue": 70915
        },
        "2004-03": {
            "month": "2004-03",
            "price": "7.62",
            "revenue": 33599
        },
        "2004-04": {
            "month": "2004-04",
            "price": "8.45",
            "revenue": 55836
        },
        "2004-05": {
            "month": "2004-05",
            "price": "8.78",
            "revenue": 74420
        },
        "2004-06": {
            "month": "2004-06",
            "price": "8.78",
            "revenue": 78237
        },
        "2004-07": {
            "month": "2004-07",
            "price": "9.03",
            "revenue": 54060
        },
        "2004-08": {
            "month": "2004-08",
            "price": "9.06",
            "revenue": 28293
        },
        "2004-09": {
            "month": "2004-09",
            "price": "11.31",
            "revenue": 29246
        },
        "2004-10": {
            "month": "2004-10",
            "price": "12.13",
            "revenue": 30485
        },
        "2004-11": {
            "month": "2004-11",
            "price": "11.04",
            "revenue": 31952
        },
        "2004-12": {
            "month": "2004-12",
            "price": "11.36",
            "revenue": 54713
        },
        "2005-01": {
            "month": "2005-01",
            "price": "11.72",
            "revenue": 22361
        },
        "2005-02": {
            "month": "2005-02",
            "price": "11.14",
            "revenue": 34514
        },
        "2005-03": {
            "month": "2005-03",
            "price": "11.57",
            "revenue": 120718
        },
        "2005-04": {
            "month": "2005-04",
            "price": "11.78",
            "revenue": 53496
        },
        "2005-05": {
            "month": "2005-05",
            "price": "13.04",
            "revenue": 60177
        },
        "2005-06": {
            "month": "2005-06",
            "price": "12.88",
            "revenue": 105546
        },
        "2005-07": {
            "month": "2005-07",
            "price": "17.04",
            "revenue": 82553
        },
        "2005-08": {
            "month": "2005-08",
            "price": "18.57",
            "revenue": 66632
        },
        "2005-09": {
            "month": "2005-09",
            "price": "21.02",
            "revenue": 38108
        },
        "2005-10": {
            "month": "2005-10",
            "price": "23.40",
            "revenue": 37328
        },
        "2005-11": {
            "month": "2005-11",
            "price": "23.78",
            "revenue": 52281
        },
        "2005-12": {
            "month": "2005-12",
            "price": "28.66",
            "revenue": 206642
        },
        "2006-01": {
            "month": "2006-01",
            "price": "34.62",
            "revenue": 8580
        },
        "2006-02": {
            "month": "2006-02",
            "price": "37.94",
            "revenue": 7292
        },
        "2006-03": {
            "month": "2006-03",
            "price": "46.39",
            "revenue": 69568
        },
        "2006-04": {
            "month": "2006-04",
            "price": "46.55",
            "revenue": 56302
        },
        "2006-05": {
            "month": "2006-05",
            "price": "50.01",
            "revenue": 63669
        },
        "2006-06": {
            "month": "2006-06",
            "price": "50.16",
            "revenue": 29567
        },
        "2006-07": {
            "month": "2006-07",
            "price": "64.34",
            "revenue": 60078
        },
        "2006-08": {
            "month": "2006-08",
            "price": "74.62",
            "revenue": 63326
        },
        "2006-09": {
            "month": "2006-09",
            "price": "73.55",
            "revenue": 145845
        },
        "2006-10": {
            "month": "2006-10",
            "price": "72.15",
            "revenue": 135416
        },
        "2006-11": {
            "month": "2006-11",
            "price": "70.03",
            "revenue": 96156
        },
        "2006-12": {
            "month": "2006-12",
            "price": "71.42",
            "revenue": 182552
        },
        "2007-01": {
            "month": "2007-01",
            "price": "70.36",
            "revenue": 10768
        },
        "2007-02": {
            "month": "2007-02",
            "price": "71.05",
            "revenue": 14863
        },
        "2007-03": {
            "month": "2007-03",
            "price": "71.91",
            "revenue": 10715
        },
        "2007-04": {
            "month": "2007-04",
            "price": "92.98",
            "revenue": 14113
        },
        "2007-05": {
            "month": "2007-05",
            "price": "86.23",
            "revenue": 4591
        },
        "2007-06": {
            "month": "2007-06",
            "price": "82.85",
            "revenue": 14700
        },
        "2007-07": {
            "month": "2007-07",
            "price": "86.37",
            "revenue": 425926
        },
        "2007-08": {
            "month": "2007-08",
            "price": "84.53",
            "revenue": 189590
        },
        "2007-09": {
            "month": "2007-09",
            "price": "80.11",
            "revenue": 86969
        },
        "2007-10": {
            "month": "2007-10",
            "price": "81.37",
            "revenue": 64875
        },
        "2007-11": {
            "month": "2007-11",
            "price": "80.98",
            "revenue": 65385
        },
        "2007-12": {
            "month": "2007-12",
            "price": "81.52",
            "revenue": 859282
        },
        "2008-01": {
            "month": "2008-01",
            "price": "85.88",
            "revenue": 194865
        },
        "2008-02": {
            "month": "2008-02",
            "price": "92.28",
            "revenue": 72849
        },
        "2008-03": {
            "month": "2008-03",
            "price": "86.47",
            "revenue": 10023
        },
        "2008-04": {
            "month": "2008-04",
            "price": "85.99",
            "revenue": 3162
        },
        "2008-05": {
            "month": "2008-05",
            "price": "77.76",
            "revenue": 10979
        },
        "2008-06": {
            "month": "2008-06",
            "price": "71.25",
            "revenue": 46368
        },
        "2008-07": {
            "month": "2008-07",
            "price": "72.30",
            "revenue": 69534
        },
        "2008-08": {
            "month": "2008-08",
            "price": "69.79",
            "revenue": 37116
        },
        "2008-09": {
            "month": "2008-09",
            "price": "67.71",
            "revenue": 129335
        },
        "2008-10": {
            "month": "2008-10",
            "price": "55.79",
            "revenue": 72184
        },
        "2008-11": {
            "month": "2008-11",
            "price": "49.53",
            "revenue": 247687
        },
        "2008-12": {
            "month": "2008-12",
            "price": "42.92",
            "revenue": 380990
        },
        "2009-01": {
            "month": "2009-01",
            "price": "43.23",
            "revenue": 99583
        },
        "2009-02": {
            "month": "2009-02",
            "price": "42.40",
            "revenue": 116070
        },
        "2009-03": {
            "month": "2009-03",
            "price": "42.84",
            "revenue": 67067
        },
        "2009-04": {
            "month": "2009-04",
            "price": "45.89",
            "revenue": 36388
        },
        "2009-05": {
            "month": "2009-05",
            "price": "52.09",
            "revenue": 33957
        },
        "2009-06": {
            "month": "2009-06",
            "price": "68.90",
            "revenue": 420841
        },
        "2009-07": {
            "month": "2009-07",
            "price": "72.67",
            "revenue": 132369
        },
        "2009-08": {
            "month": "2009-08",
            "price": "67.88",
            "revenue": 114808
        },
        "2009-09": {
            "month": "2009-09",
            "price": "67.19",
            "revenue": 207301
        },
        "2009-10": {
            "month": "2009-10",
            "price": "67.64",
            "revenue": 194693
        },
        "2009-11": {
            "month": "2009-11",
            "price": "68.27",
            "revenue": 247410
        },
        "2009-12": {
            "month": "2009-12",
            "price": "67.83",
            "revenue": 453640
        },
        "2010-01": {
            "month": "2010-01",
            "price": "79.48",
            "revenue": 38824
        },
        "2010-02": {
            "month": "2010-02",
            "price": "87.30",
            "revenue": 40239
        },
        "2010-03": {
            "month": "2010-03",
            "price": "87.39",
            "revenue": 139390
        },
        "2010-04": {
            "month": "2010-04",
            "price": "84.70",
            "revenue": 139146
        },
        "2010-05": {
            "month": "2010-05",
            "price": "82.68",
            "revenue": 133823
        },
        "2010-06": {
            "month": "2010-06",
            "price": "83.18",
            "revenue": 120210
        },
        "2010-07": {
            "month": "2010-07",
            "price": "84.41",
            "revenue": 139222
        },
        "2010-08": {
            "month": "2010-08",
            "price": "79.19",
            "revenue": 187165
        },
        "2010-09": {
            "month": "2010-09",
            "price": "78.74",
            "revenue": 74448
        },
        "2010-10": {
            "month": "2010-10",
            "price": "85.28",
            "revenue": 63323
        },
        "2010-11": {
            "month": "2010-11",
            "price": "85.25",
            "revenue": 63684
        },
        "2010-12": {
            "month": "2010-12",
            "price": "87.48",
            "revenue": 580977
        },
        "2011-01": {
            "month": "2011-01",
            "price": "85.57",
            "revenue": 421352
        },
        "2011-02": {
            "month": "2011-02",
            "price": "83.70",
            "revenue": 245726
        },
        "2011-03": {
            "month": "2011-03",
            "price": "79.77",
            "revenue": 253016
        },
        "2011-04": {
            "month": "2011-04",
            "price": "78.38",
            "revenue": 3144
        },
        "2011-05": {
            "month": "2011-05",
            "price": "77.39",
            "revenue": 4351
        },
        "2011-06": {
            "month": "2011-06",
            "price": "77.89",
            "revenue": 16913
        },
        "2011-07": {
            "month": "2011-07",
            "price": "75.99",
            "revenue": 75345
        },
        "2011-08": {
            "month": "2011-08",
            "price": "71.89",
            "revenue": 183269
        },
        "2011-09": {
            "month": "2011-09",
            "price": "66.23",
            "revenue": 212971
        },
        "2011-10": {
            "month": "2011-10",
            "price": "67.16",
            "revenue": 71419
        },
        "2011-11": {
            "month": "2011-11",
            "price": "68.44",
            "revenue": 150220
        },
        "2011-12": {
            "month": "2011-12",
            "price": "70.73",
            "revenue": 169591
        },
        "2012-01": {
            "month": "2012-01",
            "price": "70.53",
            "revenue": 33445
        },
        "2012-02": {
            "month": "2012-02",
            "price": "75.06",
            "revenue": 39253
        },
        "2012-03": {
            "month": "2012-03",
            "price": "74.01",
            "revenue": 197663
        },
        "2012-04": {
            "month": "2012-04",
            "price": "72.96",
            "revenue": 155279
        },
        "2012-05": {
            "month": "2012-05",
            "price": "72.06",
            "revenue": 1124640
        },
        "2012-06": {
            "month": "2012-06",
            "price": "70.38",
            "revenue": 1242202
        },
        "2012-07": {
            "month": "2012-07",
            "price": "72.00",
            "revenue": 212643
        },
        "2012-08": {
            "month": "2012-08",
            "price": "78.95",
            "revenue": 269428
        },
        "2012-09": {
            "month": "2012-09",
            "price": "133.68",
            "revenue": 227623
        },
        "2012-10": {
            "month": "2012-10",
            "price": "122.66",
            "revenue": 145027
        },
        "2012-11": {
            "month": "2012-11",
            "price": "115.45",
            "revenue": 91200
        },
        "2012-12": {
            "month": "2012-12",
            "price": "117.40",
            "revenue": 160048
        },
        "2013-01": {
            "month": "2013-01",
            "price": "115.95",
            "revenue": 8765
        },
        "2013-02": {
            "month": "2013-02",
            "price": "113.81",
            "revenue": 6516
        },
        "2013-03": {
            "month": "2013-03",
            "price": "127.19",
            "revenue": 82156
        },
        "2013-04": {
            "month": "2013-04",
            "price": "142.12",
            "revenue": 73079
        },
        "2013-05": {
            "month": "2013-05",
            "price": "135.64",
            "revenue": 41396
        },
        "2013-06": {
            "month": "2013-06",
            "price": "134.61",
            "revenue": 110959
        },
        "2013-07": {
            "month": "2013-07",
            "price": "115.78",
            "revenue": 8110
        },
        "2013-08": {
            "month": "2013-08",
            "price": "101.07",
            "revenue": 8139
        },
        "2013-09": {
            "month": "2013-09",
            "price": "109.51",
            "revenue": 37901
        },
        "2013-10": {
            "month": "2013-10",
            "price": "127.41",
            "revenue": 8139
        },
        "2013-11": {
            "month": "2013-11",
            "price": "118.85",
            "revenue": 46510
        },
        "2013-12": {
            "month": "2013-12",
            "price": "131.80",
            "revenue": 73820
        },
        "2014-01": {
            "month": "2014-01",
            "price": "133.94",
            "revenue": 42482
        },
        "2014-02": {
            "month": "2014-02",
            "price": "133.59",
            "revenue": 8148
        },
        "2014-03": {
            "month": "2014-03",
            "price": "139.02",
            "revenue": 36211
        },
        "2014-04": {
            "month": "2014-04",
            "price": "132.88",
            "revenue": 640554
        },
        "2014-05": {
            "month": "2014-05",
            "price": "127.69",
            "revenue": 712011
        },
        "2014-06": {
            "month": "2014-06",
            "price": "125.91",
            "revenue": 650252
        },
        "2014-07": {
            "month": "2014-07",
            "price": "123.10",
            "revenue": 465783
        },
        "2014-08": {
            "month": "2014-08",
            "price": "123.75",
            "revenue": 203866
        },
        "2014-09": {
            "month": "2014-09",
            "price": "114.89",
            "revenue": 217982
        },
        "2014-10": {
            "month": "2014-10",
            "price": "103.71",
            "revenue": 52055
        },
        "2014-11": {
            "month": "2014-11",
            "price": "104.06",
            "revenue": 79299
        },
        "2014-12": {
            "month": "2014-12",
            "price": "103.39",
            "revenue": 13779
        },
        "2015-01": {
            "month": "2015-01",
            "price": "102.92",
            "revenue": 274277
        },
        "2015-02": {
            "month": "2015-02",
            "price": "101.40",
            "revenue": 9653
        },
        "2015-03": {
            "month": "2015-03",
            "price": "102.04",
            "revenue": 174884
        },
        "2015-04": {
            "month": "2015-04",
            "price": "104.21",
            "revenue": 9841
        },
        "2015-05": {
            "month": "2015-05",
            "price": "101.22",
            "revenue": 9881
        },
        "2015-06": {
            "month": "2015-06",
            "price": "99.38",
            "revenue": 1217844
        },
        "2015-07": {
            "month": "2015-07",
            "price": "98.06",
            "revenue": 8327
        },
        "2015-08": {
            "month": "2015-08",
            "price": "94.88",
            "revenue": 8255
        },
        "2015-09": {
            "month": "2015-09",
            "price": "91.40",
            "revenue": 8280
        },
        "2015-10": {
            "month": "2015-10",
            "price": "93.17",
            "revenue": 8267
        },
        "2015-11": {
            "month": "2015-11",
            "price": "91.75",
            "revenue": 8250
        },
        "2015-12": {
            "month": "2015-12",
            "price": "91.82",
            "revenue": 8302
        },
        "2016-01": {
            "month": "2016-01",
            "price": "85.94",
            "revenue": 8258
        },
        "2016-02": {
            "month": "2016-02",
            "price": "80.75",
            "revenue": 8103
        },
        "2016-03": {
            "month": "2016-03",
            "price": "80.77",
            "revenue": 8114
        },
        "2016-04": {
            "month": "2016-04",
            "price": "86.63",
            "revenue": 8160
        },
        "2016-05": {
            "month": "2016-05",
            "price": "82.93",
            "revenue": 8114
        },
        "2016-06": {
            "month": "2016-06",
            "price": "81.16",
            "revenue": 7815
        },
        "2016-07": {
            "month": "2016-07",
            "price": "80.40",
            "revenue": 8002
        },
        "2016-08": {
            "month": "2016-08",
            "price": "78.68",
            "revenue": 7931
        },
        "2016-09": {
            "month": "2016-09",
            "price": "77.46",
            "revenue": 7936
        },
        "2016-10": {
            "month": "2016-10",
            "price": "76.86",
            "revenue": 7832
        },
        "2016-11": {
            "month": "2016-11",
            "price": "75.35",
            "revenue": 7834
        },
        "2016-12": {
            "month": "2016-12",
            "price": "73.94",
            "revenue": 27021
        },
        "2017-01": {
            "month": "2017-01",
            "price": "73.63",
            "revenue": 7712
        },
        "2017-02": {
            "month": "2017-02",
            "price": "75.66",
            "revenue": 7682
        },
        "2017-03": {
            "month": "2017-03",
            "price": "94.52",
            "revenue": 3355
        },
        "2017-04": {
            "month": "2017-04",
            "price": "82.29",
            "revenue": 3434
        },
        "2017-05": {
            "month": "2017-05",
            "price": "78.39",
            "revenue": 3068
        },
        "2017-06": {
            "month": "2017-06",
            "price": "81.36",
            "revenue": 3254
        },
        "2017-07": {
            "month": "2017-07",
            "price": "80.24",
            "revenue": 4236
        },
        "2017-08": {
            "month": "2017-08",
            "price": "80.00",
            "revenue": 4272
        },
        "2017-09": {
            "month": "2017-09",
            "price": "83.77",
            "revenue": 4971
        },
        "2017-10": {
            "month": "2017-10",
            "price": "80.06",
            "revenue": 4980
        },
        "2017-11": {
            "month": "2017-11",
            "price": "80.95",
            "revenue": 5021
        },
        "2017-12": {
            "month": "2017-12",
            "price": "80.60",
            "revenue": 5027
        },
        "2018-01": {
            "month": "2018-01",
            "price": "79.53",
            "revenue": 4923
        },
        "2018-02": {
            "month": "2018-02",
            "price": "79.79",
            "revenue": 5021
        },
        "2018-03": {
            "month": "2018-03",
            "price": "80.64",
            "revenue": 5051
        },
        "2018-04": {
            "month": "2018-04",
            "price": "79.03",
            "revenue": 5576
        },
        "2018-05": {
            "month": "2018-05",
            "price": "79.15",
            "revenue": 5676
        },
        "2018-06": {
            "month": "2018-06",
            "price": "81.56",
            "revenue": 5622
        },
        "2018-07": {
            "month": "2018-07",
            "price": "81.51",
            "revenue": 5696
        },
        "2018-08": {
            "month": "2018-08",
            "price": "81.11",
            "revenue": 5887
        },
        "2018-09": {
            "month": "2018-09",
            "price": "78.40",
            "revenue": 5951
        },
        "2018-10": {
            "month": "2018-10",
            "price": "76.33",
            "revenue": 5978
        },
        "2018-11": {
            "month": "2018-11",
            "price": "74.87",
            "revenue": 6292
        },
        "2018-12": {
            "month": "2018-12",
            "price": "74.38",
            "revenue": 6452
        },
        "2019-01": {
            "month": "2019-01",
            "price": "73.32",
            "revenue": 6387
        },
        "2019-02": {
            "month": "2019-02",
            "price": "70.86",
            "revenue": 6282
        },
        "2019-03": {
            "month": "2019-03",
            "price": "70.00",
            "revenue": 7075
        },
        "2019-04": {
            "month": "2019-04",
            "price": "69.75",
            "revenue": 7424
        },
        "2019-05": {
            "month": "2019-05",
            "price": "71.25",
            "revenue": 7541
        },
        "2019-06": {
            "month": "2019-06",
            "price": "70.92",
            "revenue": 7789
        },
        "2019-07": {
            "month": "2019-07",
            "price": "70.89",
            "revenue": 7828
        },
        "2019-08": {
            "month": "2019-08",
            "price": "70.95",
            "revenue": 7904
        },
        "2019-09": {
            "month": "2019-09",
            "price": "72.20",
            "revenue": 7807
        },
        "2019-10": {
            "month": "2019-10",
            "price": "73.94",
            "revenue": 7804
        },
        "2019-11": {
            "month": "2019-11",
            "price": "76.61",
            "revenue": 7408
        },
        "2019-12": {
            "month": "2019-12",
            "price": "79.02",
            "revenue": 7888
        },
        "2020-01": {
            "month": "2020-01",
            "price": "86.00",
            "revenue": 7854
        },
        "2020-02": {
            "month": "2020-02",
            "price": "82.09",
            "revenue": 7735
        },
        "2020-03": {
            "month": "2020-03",
            "price": "77.34",
            "revenue": 7587
        },
        "2020-04": {
            "month": "2020-04",
            "price": "75.55",
            "revenue": 7629
        },
        "2020-05": {
            "month": "2020-05",
            "price": "79.38",
            "revenue": 7635
        },
        "2020-06": {
            "month": "2020-06",
            "price": "80.29",
            "revenue": 7689
        },
        "2020-07": {
            "month": "2020-07",
            "price": "81.64",
            "revenue": 7657
        },
        "2020-08": {
            "month": "2020-08",
            "price": "80.74",
            "revenue": 7837
        },
        "2020-09": {
            "month": "2020-09",
            "price": "79.55",
            "revenue": 51324
        },
        "2020-10": {
            "month": "2020-10",
            "price": "81.44",
            "revenue": 7679
        },
        "2020-11": {
            "month": "2020-11",
            "price": "81.41",
            "revenue": 7359
        },
        "2020-12": {
            "month": "2020-12",
            "price": "81.69",
            "revenue": 7767
        },
        "2021-01": {
            "month": "2021-01",
            "price": "94.96",
            "revenue": 7922
        },
        "2021-02": {
            "month": "2021-02",
            "price": "102.38",
            "revenue": 7926
        },
        "2021-03": {
            "month": "2021-03",
            "price": "103.14",
            "revenue": 7897
        },
        "2021-04": {
            "month": "2021-04",
            "price": "101.14",
            "revenue": 7949
        },
        "2021-05": {
            "month": "2021-05",
            "price": "97.42",
            "revenue": 7715
        },
        "2021-06": {
            "month": "2021-06",
            "price": "100.23",
            "revenue": 7437
        },
        "2021-07": {
            "month": "2021-07",
            "price": "100.65",
            "revenue": 7063
        },
        "2021-08": {
            "month": "2021-08",
            "price": "110.14",
            "revenue": 7024
        },
        "2021-09": {
            "month": "2021-09",
            "price": "108.62",
            "revenue": 7252
        },
        "2021-10": {
            "month": "2021-10",
            "price": "107.85",
            "revenue": 7778
        },
        "2021-11": {
            "month": "2021-11",
            "price": "111.34",
            "revenue": 7621
        },
        "2021-12": {
            "month": "2021-12",
            "price": "113.29",
            "revenue": 7744
        },
        "2022-01": {
            "month": "2022-01",
            "price": "113.31",
            "revenue": 7683
        },
        "2022-02": {
            "month": "2022-02",
            "price": "114.47",
            "revenue": 7859
        },
        "2022-03": {
            "month": "2022-03",
            "price": "111.11",
            "revenue": 7899
        },
        "2022-04": {
            "month": "2022-04",
            "price": "98.37",
            "revenue": 7856
        },
        "2022-05": {
            "month": "2022-05",
            "price": "94.08",
            "revenue": 7885
        },
        "2022-06": {
            "month": "2022-06",
            "price": "90.16",
            "revenue": 7831
        },
        "2022-07": {
            "month": "2022-07",
            "price": "82.59",
            "revenue": 7614
        },
        "2022-08": {
            "month": "2022-08",
            "price": "78.06",
            "revenue": 8111
        },
        "2022-09": {
            "month": "2022-09",
            "price": "79.81",
            "revenue": 8433
        },
        "2022-10": {
            "month": "2022-10",
            "price": "79.13",
            "revenue": 8166
        },
        "2022-11": {
            "month": "2022-11",
            "price": "75.46",
            "revenue": 8124
        },
        "2022-12": {
            "month": "2022-12",
            "price": "78.19",
            "revenue": 8256
        },
        "2023-01": {
            "month": "2023-01",
            "price": "79.51",
            "revenue": 8297
        },
        "2023-02": {
            "month": "2023-02",
            "price": "86.14",
            "revenue": 8026
        },
        "2023-03": {
            "month": "2023-03",
            "price": "87.18",
            "revenue": 8211
        },
        "2023-04": {
            "month": "2023-04",
            "price": "86.78",
            "revenue": 8177
        },
        "2023-05": {
            "month": "2023-05",
            "price": "86.61",
            "revenue": 8225
        },
        "2023-06": {
            "month": "2023-06",
            "price": "86.35",
            "revenue": 8207
        },
        "2023-07": {
            "month": "2023-07",
            "price": "81.92",
            "revenue": 8488
        },
        "2023-08": {
            "month": "2023-08",
            "price": "77.86",
            "revenue": 8451
        },
        "2023-09": {
            "month": "2023-09",
            "price": "79.54",
            "revenue": 8389
        },
        "2023-10": {
            "month": "2023-10",
            "price": "78.74",
            "revenue": 8440
        },
        "2023-11": {
            "month": "2023-11",
            "price": "80.32",
            "revenue": 8361
        },
        "2023-12": {
            "month": "2023-12",
            "price": "85.76",
            "revenue": 25280
        }
    }
}
