{
    "summary": {
        "stock_name": "金洲",
        "stock_id": "4417",
        "category": "紡織纖維",
        "main_business": "各類漁網<br>各類線索<br>各類繩索",
        "website_url": "http://www.king-net.com.tw",
        "ceo": "陳加仁",
        "pe_ratio": 8,
        "report_year_from": 2001,
        "report_year_to": 2023,
        "age": 22,
        "eps_negative_percentage": 0,
        "eps_growth_avg": {
            "last_all": 18.06,
            "last_2y": 13.92,
            "last_4y": 15.72,
            "last_8y": 16.46,
            "last_12y": 19.83,
            "last_16y": 19.25,
            "last_20y": 18.06,
            "at_2006_last_3y": 26.71,
            "at_2007_last_3y": 21.1,
            "at_2008_last_3y": -4.79,
            "at_2009_last_3y": 17.39,
            "at_2010_last_3y": 24.81,
            "at_2011_last_3y": 24.3,
            "at_2012_last_3y": 59.34,
            "at_2013_last_3y": 27.4,
            "at_2014_last_3y": 10.47,
            "at_2015_last_3y": 28.49,
            "at_2016_last_3y": 12.27,
            "at_2017_last_3y": 17.38,
            "at_2018_last_3y": 23.18,
            "at_2019_last_3y": 7.95,
            "at_2020_last_3y": 0.42,
            "at_2021_last_3y": 6.15,
            "at_2022_last_3y": 5.78,
            "at_2023_last_3y": 5.78,
            "at_2006_last_all": 24.44,
            "at_2007_last_all": 15.74,
            "at_2008_last_all": 7.76,
            "at_2009_last_all": 15.18,
            "at_2010_last_all": 24.61,
            "at_2011_last_all": 19.17,
            "at_2012_last_all": 26.52,
            "at_2013_last_all": 19.26,
            "at_2014_last_all": 20.26,
            "at_2015_last_all": 21.83,
            "at_2016_last_all": 22.72,
            "at_2017_last_all": 18.79,
            "at_2018_last_all": 20.94,
            "at_2019_last_all": 18.75,
            "at_2020_last_all": 18.02,
            "at_2021_last_all": 16.26,
            "at_2022_last_all": 18.06,
            "at_2023_last_all": 18.06
        },
        "latest_eps": 5.16,
        "latest_price": 43.1,
        "latest_roe": 13.95,
        "latest_gross_margin": 24.74,
        "latest_equity": 3239290,
        "latest_revenue": 644950,
        "latest_gross_profit": 159590,
        "latest_net_income": 68850,
        "latest_debt_ratio": 32.76,
        "latest_current_ratio": 263.82,
        "latest_account_receivable_turnover_ratio": 0.83,
        "latest_inventory_turnover_ratio": 0.42,
        "latest_reinvestment_rate": 7.72,
        "latest_research_to_sale_ratio": 0.08
    },
    "eps_dividends": {
        "1999": {
            "cash": 0,
            "stock": 4,
            "eps": 0
        },
        "2000": {
            "cash": 0,
            "stock": 2,
            "eps": 0
        },
        "2001": {
            "cash": 1,
            "stock": 0,
            "eps": 0.65
        },
        "2002": {
            "cash": 0,
            "stock": 1,
            "eps": 0.75
        },
        "2003": {
            "cash": 0,
            "stock": 0,
            "eps": 0.71
        },
        "2004": {
            "cash": 0,
            "stock": 1,
            "eps": 1.16
        },
        "2005": {
            "cash": 0,
            "stock": 0,
            "eps": 0.91
        },
        "2006": {
            "cash": 0,
            "stock": 0,
            "eps": 1.55
        },
        "2007": {
            "cash": 0,
            "stock": 1,
            "eps": 1.12
        },
        "2008": {
            "cash": 0,
            "stock": 1,
            "eps": 0.67
        },
        "2009": {
            "cash": 0,
            "stock": 1,
            "eps": 1.12
        },
        "2010": {
            "cash": 0,
            "stock": 0,
            "eps": 2.35
        },
        "2011": {
            "cash": 1,
            "stock": 1,
            "eps": 1.65
        },
        "2012": {
            "cash": 1,
            "stock": 0,
            "eps": 4.72
        },
        "2013": {
            "cash": 1,
            "stock": 1,
            "eps": 1.86
        },
        "2014": {
            "cash": 1,
            "stock": 0,
            "eps": 2.46
        },
        "2015": {
            "cash": 1,
            "stock": 0,
            "eps": 3.5
        },
        "2016": {
            "cash": 2,
            "stock": 0,
            "eps": 4.73
        },
        "2017": {
            "cash": 2,
            "stock": 0,
            "eps": 2.83
        },
        "2018": {
            "cash": 2,
            "stock": 0,
            "eps": 4.4
        },
        "2019": {
            "cash": 3,
            "stock": 0,
            "eps": 3.58
        },
        "2020": {
            "cash": 2,
            "stock": 0,
            "eps": 3.76
        },
        "2021": {
            "cash": 3,
            "stock": 0,
            "eps": 3.11
        },
        "2022": {
            "cash": 2,
            "stock": 0,
            "eps": 4.79
        },
        "2023": {
            "cash": 3,
            "stock": 0,
            "eps": 0.79
        }
    },
    "dividends": {
        "1999-06-19": {
            "cash": 0,
            "stock": 3.5
        },
        "2000-06-05": {
            "cash": 0,
            "stock": 1.5
        },
        "2001-06-05": {
            "cash": 0.51,
            "stock": 0
        },
        "2002-06-05": {
            "cash": 0,
            "stock": 0.5
        },
        "2003-06-06": {
            "cash": 0.3,
            "stock": 0.2
        },
        "2004-04-23": {
            "cash": 0,
            "stock": 0.5
        },
        "2005-04-12": {
            "cash": 0.4,
            "stock": 0.2
        },
        "2006-04-18": {
            "cash": 0.4,
            "stock": 0
        },
        "2007-03-28": {
            "cash": 0.2,
            "stock": 0.7
        },
        "2008-03-25": {
            "cash": 0,
            "stock": 0.6
        },
        "2009-03-19": {
            "cash": 0,
            "stock": 0.5
        },
        "2010-03-30": {
            "cash": 0.3,
            "stock": 0.3
        },
        "2011-03-17": {
            "cash": 0.6,
            "stock": 0.5
        },
        "2012-06-15": {
            "cash": 0.5,
            "stock": 0.4
        },
        "2013-06-18": {
            "cash": 0.9,
            "stock": 0.8
        },
        "2014-10-09": {
            "cash": 0.5,
            "stock": 0.4
        },
        "2015-09-23": {
            "cash": 1,
            "stock": 0.3
        },
        "2016-08-09": {
            "cash": 1.8,
            "stock": 0
        },
        "2017-09-13": {
            "cash": 2.2,
            "stock": 0.2
        },
        "2018-07-25": {
            "cash": 1.8,
            "stock": 0
        },
        "2019-08-01": {
            "cash": 2.5,
            "stock": 0
        },
        "2020-07-31": {
            "cash": 2,
            "stock": 0
        },
        "2021-08-27": {
            "cash": 2.5,
            "stock": 0
        },
        "2022-08-17": {
            "cash": 2.1,
            "stock": 0
        },
        "2023-03-13": {
            "cash": 2.9,
            "stock": 0
        }
    },
    "prices": {
        "200101": "9.63",
        "200102": "9.35",
        "200103": "8.77",
        "200104": "7.84",
        "200105": "7.74",
        "200106": "7.79",
        "200107": "7.50",
        "200108": "7.03",
        "200109": "6.92",
        "200110": "6.95",
        "200111": "6.58",
        "200112": "6.75",
        "200201": "10.41",
        "200202": "13.22",
        "200203": "13.33",
        "200204": "12.98",
        "200205": "15.35",
        "200206": "15.36",
        "200207": "20.87",
        "200208": "19.89",
        "200209": "20.72",
        "200210": "14.22",
        "200211": "14.58",
        "200212": "14.95",
        "200301": "15.88",
        "200302": "16.44",
        "200303": "15.84",
        "200304": "11.10",
        "200305": "8.44",
        "200306": "9.24",
        "200307": "9.15",
        "200308": "9.19",
        "200309": "8.09",
        "200310": "8.12",
        "200311": "9.09",
        "200312": "9.14",
        "200401": "9.63",
        "200402": "10.84",
        "200403": "10.42",
        "200404": "10.47",
        "200405": "10.09",
        "200406": "10.00",
        "200407": "9.22",
        "200408": "8.88",
        "200409": "9.22",
        "200410": "9.07",
        "200411": "8.78",
        "200412": "8.78",
        "200501": "8.72",
        "200502": "8.72",
        "200503": "8.46",
        "200504": "8.15",
        "200505": "7.71",
        "200506": "7.81",
        "200507": "8.07",
        "200508": "8.02",
        "200509": "7.98",
        "200510": "7.74",
        "200511": "7.53",
        "200512": "7.87",
        "200601": "7.96",
        "200602": "8.00",
        "200603": "7.89",
        "200604": "8.10",
        "200605": "8.63",
        "200606": "8.32",
        "200607": "8.79",
        "200608": "9.02",
        "200609": "9.36",
        "200610": "11.05",
        "200611": "12.69",
        "200612": "13.60",
        "200701": "14.33",
        "200702": "14.97",
        "200703": "22.47",
        "200704": "25.96",
        "200705": "23.33",
        "200706": "26.84",
        "200707": "29.01",
        "200708": "28.14",
        "200709": "28.65",
        "200710": "27.06",
        "200711": "24.51",
        "200712": "23.04",
        "200801": "22.10",
        "200802": "19.97",
        "200803": "20.47",
        "200804": "21.82",
        "200805": "21.87",
        "200806": "19.76",
        "200807": "19.56",
        "200808": "18.54",
        "200809": "16.32",
        "200810": "15.60",
        "200811": "12.92",
        "200812": "10.00",
        "200901": "9.90",
        "200902": "10.15",
        "200903": "12.05",
        "200904": "13.31",
        "200905": "13.31",
        "200906": "14.75",
        "200907": "13.75",
        "200908": "12.87",
        "200909": "13.82",
        "200910": "16.62",
        "200911": "23.77",
        "200912": "25.96",
        "201001": "29.05",
        "201002": "22.83",
        "201003": "25.19",
        "201004": "26.11",
        "201005": "27.35",
        "201006": "24.31",
        "201007": "23.94",
        "201008": "26.14",
        "201009": "24.71",
        "201010": "24.42",
        "201011": "22.78",
        "201012": "23.70",
        "201101": "24.73",
        "201102": "23.29",
        "201103": "22.26",
        "201104": "22.93",
        "201105": "22.35",
        "201106": "21.67",
        "201107": "20.69",
        "201108": "17.93",
        "201109": "16.34",
        "201110": "16.57",
        "201111": "15.90",
        "201112": "15.80",
        "201201": "16.55",
        "201202": "17.87",
        "201203": "18.76",
        "201204": "18.19",
        "201205": "17.50",
        "201206": "16.74",
        "201207": "17.15",
        "201208": "17.33",
        "201209": "17.58",
        "201210": "17.95",
        "201211": "19.68",
        "201212": "19.91",
        "201301": "20.98",
        "201302": "21.20",
        "201303": "21.66",
        "201304": "20.60",
        "201305": "20.88",
        "201306": "21.06",
        "201307": "21.37",
        "201308": "19.28",
        "201309": "17.34",
        "201310": "18.03",
        "201311": "18.04",
        "201312": "18.79",
        "201401": "19.77",
        "201402": "20.09",
        "201403": "20.36",
        "201404": "19.51",
        "201405": "19.05",
        "201406": "18.83",
        "201407": "19.15",
        "201408": "18.85",
        "201409": "17.93",
        "201410": "18.07",
        "201411": "18.82",
        "201412": "24.44",
        "201501": "30.62",
        "201502": "27.90",
        "201503": "27.09",
        "201504": "26.91",
        "201505": "34.37",
        "201506": "51.45",
        "201507": "47.85",
        "201508": "40.61",
        "201509": "44.78",
        "201510": "43.90",
        "201511": "38.64",
        "201512": "35.70",
        "201601": "31.00",
        "201602": "31.47",
        "201603": "33.38",
        "201604": "31.05",
        "201605": "32.31",
        "201606": "35.64",
        "201607": "36.47",
        "201608": "37.68",
        "201609": "36.58",
        "201610": "36.78",
        "201611": "41.15",
        "201612": "42.46",
        "201701": "41.06",
        "201702": "41.64",
        "201703": "41.04",
        "201704": "38.31",
        "201705": "38.62",
        "201706": "38.05",
        "201707": "37.17",
        "201708": "32.38",
        "201709": "33.39",
        "201710": "34.03",
        "201711": "33.85",
        "201712": "32.42",
        "201801": "31.62",
        "201802": "31.46",
        "201803": "32.17",
        "201804": "34.09",
        "201805": "33.51",
        "201806": "34.17",
        "201807": "34.71",
        "201808": "37.30",
        "201809": "37.50",
        "201810": "35.12",
        "201811": "36.74",
        "201812": "37.54",
        "201901": "38.90",
        "201902": "39.26",
        "201903": "38.87",
        "201904": "38.42",
        "201905": "37.02",
        "201906": "36.70",
        "201907": "36.15",
        "201908": "34.84",
        "201909": "34.75",
        "201910": "34.32",
        "201911": "35.16",
        "201912": "34.75",
        "202001": "34.38",
        "202002": "33.21",
        "202003": "29.97",
        "202004": "30.04",
        "202005": "30.46",
        "202006": "31.68",
        "202007": "31.17",
        "202008": "30.85",
        "202009": "31.17",
        "202010": "30.99",
        "202011": "32.29",
        "202012": "32.57",
        "202101": "32.52",
        "202102": "33.40",
        "202103": "35.82",
        "202104": "37.88",
        "202105": "37.90",
        "202106": "38.22",
        "202107": "38.01",
        "202108": "35.32",
        "202109": "34.84",
        "202110": "34.51",
        "202111": "35.07",
        "202112": "34.90",
        "202201": "34.81",
        "202202": "35.00",
        "202203": "34.82",
        "202204": "34.43",
        "202205": "32.75",
        "202206": "33.68",
        "202207": "33.98",
        "202208": "33.82",
        "202209": "35.35",
        "202210": "34.80",
        "202211": "36.03",
        "202212": "38.10",
        "202301": "38.00",
        "202302": "37.94",
        "202303": "39.54",
        "202304": "40.47",
        "202305": "42.75"
    },
    "quarters": {
        "20011": {
            "year_quarter": 20011,
            "year": 2001,
            "quarter": 1,
            "eps": 0.02,
            "eps_growth_year": -91.3,
            "eps_4q": 1.11,
            "eps_4q_growth_year": 0.23,
            "roe": 0.13,
            "roe_4q": 0.13,
            "gross_profit": 26055,
            "gross_margin": 19.55,
            "gross_margin_4q_avg": 19.55,
            "net_income": 711,
            "revenue": 133254,
            "common_shares": 432291,
            "book_valuer_per_share": 12.16,
            "book_valuer_per_share_4q_avg": 12.16,
            "equity": 525777,
            "current_ratio": 121.41,
            "debt_ratio": 50.82,
            "inventory_turnover_ratio": 0.49,
            "account_receivable_turnover_ratio": null,
            "reinvestment_rate": null,
            "research_to_sale_ratio": null,
            "price_fair": 0,
            "eps_avg_yearly": 0,
            "eps_latest_yearly": 0,
            "eps_growth_yearly": 0
        },
        "20012": {
            "year_quarter": 20012,
            "year": 2001,
            "quarter": 2,
            "eps": 0.32,
            "eps_growth_year": -3.03,
            "eps_4q": 0.97,
            "eps_4q_growth_year": 2.17,
            "roe": 2.53,
            "roe_4q": 2.6599999999999997,
            "gross_profit": 46191,
            "gross_margin": 21.69,
            "gross_margin_4q_avg": 20.62,
            "net_income": 13241,
            "revenue": 212954,
            "common_shares": 416521,
            "book_valuer_per_share": 12.49,
            "book_valuer_per_share_4q_avg": 12.33,
            "equity": 520357,
            "current_ratio": 114.72,
            "debt_ratio": 55.07,
            "inventory_turnover_ratio": 1.08,
            "account_receivable_turnover_ratio": null,
            "reinvestment_rate": null,
            "research_to_sale_ratio": null,
            "price_fair": 0,
            "eps_avg_yearly": 0,
            "eps_latest_yearly": 0,
            "eps_growth_yearly": 0
        },
        "20013": {
            "year_quarter": 20013,
            "year": 2001,
            "quarter": 3,
            "eps": 0.27,
            "eps_growth_year": -10,
            "eps_4q": 0.99,
            "eps_4q_growth_year": 61.23,
            "roe": 2.07,
            "roe_4q": 4.7299999999999995,
            "gross_profit": 44908,
            "gross_margin": 21.37,
            "gross_margin_4q_avg": 20.87,
            "net_income": 10943,
            "revenue": 210169,
            "common_shares": 416521,
            "book_valuer_per_share": 12.84,
            "book_valuer_per_share_4q_avg": 12.5,
            "equity": 534924,
            "current_ratio": 109.25,
            "debt_ratio": 56.47,
            "inventory_turnover_ratio": 1.07,
            "account_receivable_turnover_ratio": null,
            "reinvestment_rate": null,
            "research_to_sale_ratio": null,
            "price_fair": 0,
            "eps_avg_yearly": 0,
            "eps_latest_yearly": 0,
            "eps_growth_yearly": 0
        },
        "20014": {
            "year_quarter": 20014,
            "year": 2001,
            "quarter": 4,
            "eps": 0.04,
            "eps_growth_year": -88.57,
            "eps_4q": 0.61,
            "eps_4q_growth_year": -44.37,
            "roe": 0.32,
            "roe_4q": 5.05,
            "gross_profit": 37418,
            "gross_margin": 19.76,
            "gross_margin_4q_avg": 20.59,
            "net_income": 1736,
            "revenue": 189347,
            "common_shares": 416521,
            "book_valuer_per_share": 12.95,
            "book_valuer_per_share_4q_avg": 12.61,
            "equity": 539188,
            "current_ratio": 98.39,
            "debt_ratio": 61.07,
            "inventory_turnover_ratio": 0.62,
            "account_receivable_turnover_ratio": null,
            "reinvestment_rate": null,
            "research_to_sale_ratio": null,
            "price_fair": 0,
            "eps_avg_yearly": 0,
            "eps_latest_yearly": 0,
            "eps_growth_yearly": 0
        },
        "20021": {
            "year_quarter": 20021,
            "year": 2002,
            "quarter": 1,
            "eps": 0.12,
            "eps_growth_year": 500,
            "eps_4q": 0.74,
            "eps_4q_growth_year": -33.41,
            "roe": 0.93,
            "roe_4q": 5.85,
            "gross_profit": 34801,
            "gross_margin": 18.85,
            "gross_margin_4q_avg": 20.42,
            "net_income": 5022,
            "revenue": 184600,
            "common_shares": 416521,
            "book_valuer_per_share": 13.07,
            "book_valuer_per_share_4q_avg": 12.84,
            "equity": 544575,
            "current_ratio": 115.58,
            "debt_ratio": 52.87,
            "inventory_turnover_ratio": 0.63,
            "account_receivable_turnover_ratio": null,
            "reinvestment_rate": null,
            "research_to_sale_ratio": null,
            "price_fair": 16.8,
            "eps_avg_yearly": 0.48,
            "eps_latest_yearly": 0.48,
            "eps_growth_yearly": 800
        },
        "20022": {
            "year_quarter": 20022,
            "year": 2002,
            "quarter": 2,
            "eps": 0.19,
            "eps_growth_year": -40.62,
            "eps_4q": 0.63,
            "eps_4q_growth_year": -35.09,
            "roe": 1.4,
            "roe_4q": 4.72,
            "gross_profit": 38665,
            "gross_margin": 20.4,
            "gross_margin_4q_avg": 20.1,
            "net_income": 7605,
            "revenue": 189549,
            "common_shares": 416521,
            "book_valuer_per_share": 12.94,
            "book_valuer_per_share_4q_avg": 12.95,
            "equity": 538919,
            "current_ratio": 116.73,
            "debt_ratio": 53.39,
            "inventory_turnover_ratio": 0.98,
            "account_receivable_turnover_ratio": null,
            "reinvestment_rate": null,
            "research_to_sale_ratio": null,
            "price_fair": 21.7,
            "eps_avg_yearly": 0.62,
            "eps_latest_yearly": 0.76,
            "eps_growth_yearly": 516.67
        },
        "20023": {
            "year_quarter": 20023,
            "year": 2002,
            "quarter": 3,
            "eps": 0.26,
            "eps_growth_year": -3.7,
            "eps_4q": 0.59,
            "eps_4q_growth_year": -39.76,
            "roe": 1.91,
            "roe_4q": 4.56,
            "gross_profit": 50682,
            "gross_margin": 21.25,
            "gross_margin_4q_avg": 20.07,
            "net_income": 11192,
            "revenue": 238471,
            "common_shares": 486847,
            "book_valuer_per_share": 13.03,
            "book_valuer_per_share_4q_avg": 13,
            "equity": 634444,
            "current_ratio": 136.73,
            "debt_ratio": 47.27,
            "inventory_turnover_ratio": 1.08,
            "account_receivable_turnover_ratio": null,
            "reinvestment_rate": null,
            "research_to_sale_ratio": null,
            "price_fair": 26.6,
            "eps_avg_yearly": 0.76,
            "eps_latest_yearly": 1.04,
            "eps_growth_yearly": 393.57
        },
        "20024": {
            "year_quarter": 20024,
            "year": 2002,
            "quarter": 4,
            "eps": 0.18,
            "eps_growth_year": 350,
            "eps_4q": 0.72,
            "eps_4q_growth_year": 16.89,
            "roe": 1.25,
            "roe_4q": 5.49,
            "gross_profit": 52104,
            "gross_margin": 19.86,
            "gross_margin_4q_avg": 20.09,
            "net_income": 7980,
            "revenue": 262353,
            "common_shares": 486847,
            "book_valuer_per_share": 13.17,
            "book_valuer_per_share_4q_avg": 13.05,
            "equity": 640984,
            "current_ratio": 114.57,
            "debt_ratio": 56.45,
            "inventory_turnover_ratio": 0.77,
            "account_receivable_turnover_ratio": null,
            "reinvestment_rate": 42.95,
            "research_to_sale_ratio": null,
            "price_fair": 26.25,
            "eps_avg_yearly": 0.75,
            "eps_latest_yearly": 0.72,
            "eps_growth_yearly": 264.41
        },
        "20031": {
            "year_quarter": 20031,
            "year": 2003,
            "quarter": 1,
            "eps": 0.17,
            "eps_growth_year": 41.67,
            "eps_4q": 0.72,
            "eps_4q_growth_year": -2.66,
            "roe": 1.28,
            "roe_4q": 5.84,
            "gross_profit": 39593,
            "gross_margin": 17.53,
            "gross_margin_4q_avg": 19.76,
            "net_income": 8281,
            "revenue": 225864,
            "common_shares": 486847,
            "book_valuer_per_share": 13.32,
            "book_valuer_per_share_4q_avg": 13.12,
            "equity": 648596,
            "current_ratio": 131.13,
            "debt_ratio": 48.8,
            "inventory_turnover_ratio": 0.63,
            "account_receivable_turnover_ratio": null,
            "reinvestment_rate": 22.58,
            "research_to_sale_ratio": null,
            "price_fair": 25.76,
            "eps_avg_yearly": 0.74,
            "eps_latest_yearly": 0.68,
            "eps_growth_yearly": 207.08
        },
        "20032": {
            "year_quarter": 20032,
            "year": 2003,
            "quarter": 2,
            "eps": 0.1,
            "eps_growth_year": -47.37,
            "eps_4q": 0.67,
            "eps_4q_growth_year": 6.37,
            "roe": 0.75,
            "roe_4q": 5.19,
            "gross_profit": 40655,
            "gross_margin": 18.52,
            "gross_margin_4q_avg": 19.29,
            "net_income": 4795,
            "revenue": 219545,
            "common_shares": 486847,
            "book_valuer_per_share": 12.92,
            "book_valuer_per_share_4q_avg": 13.11,
            "equity": 629026,
            "current_ratio": 120.6,
            "debt_ratio": 49.65,
            "inventory_turnover_ratio": 0.78,
            "account_receivable_turnover_ratio": null,
            "reinvestment_rate": 16.54,
            "research_to_sale_ratio": null,
            "price_fair": 23.8,
            "eps_avg_yearly": 0.68,
            "eps_latest_yearly": 0.4,
            "eps_growth_yearly": 145.12
        },
        "20033": {
            "year_quarter": 20033,
            "year": 2003,
            "quarter": 3,
            "eps": 0.25,
            "eps_growth_year": -3.85,
            "eps_4q": 0.67,
            "eps_4q_growth_year": 12.76,
            "roe": 1.99,
            "roe_4q": 5.2700000000000005,
            "gross_profit": 38886,
            "gross_margin": 17.2,
            "gross_margin_4q_avg": 18.28,
            "net_income": 12550,
            "revenue": 226062,
            "common_shares": 496584,
            "book_valuer_per_share": 12.71,
            "book_valuer_per_share_4q_avg": 13.03,
            "equity": 631127,
            "current_ratio": 122.81,
            "debt_ratio": 49.43,
            "inventory_turnover_ratio": 0.84,
            "account_receivable_turnover_ratio": null,
            "reinvestment_rate": 14.93,
            "research_to_sale_ratio": null,
            "price_fair": 25.4,
            "eps_avg_yearly": 0.73,
            "eps_latest_yearly": 1,
            "eps_growth_yearly": 210.1
        },
        "20034": {
            "year_quarter": 20034,
            "year": 2003,
            "quarter": 4,
            "eps": 0.19,
            "eps_growth_year": 5.56,
            "eps_4q": 0.7,
            "eps_4q_growth_year": -2.9,
            "roe": 1.46,
            "roe_4q": 5.48,
            "gross_profit": 38900,
            "gross_margin": 14.57,
            "gross_margin_4q_avg": 16.96,
            "net_income": 9614,
            "revenue": 266979,
            "common_shares": 496584,
            "book_valuer_per_share": 12.98,
            "book_valuer_per_share_4q_avg": 12.98,
            "equity": 684837,
            "current_ratio": 110.98,
            "debt_ratio": 56.25,
            "inventory_turnover_ratio": 0.72,
            "account_receivable_turnover_ratio": null,
            "reinvestment_rate": 79.21,
            "research_to_sale_ratio": null,
            "price_fair": 25.55,
            "eps_avg_yearly": 0.73,
            "eps_latest_yearly": 0.76,
            "eps_growth_yearly": 171.84
        },
        "20041": {
            "year_quarter": 20041,
            "year": 2004,
            "quarter": 1,
            "eps": 0.33,
            "eps_growth_year": 94.12,
            "eps_4q": 0.88,
            "eps_4q_growth_year": 22.63,
            "roe": 2.4,
            "roe_4q": 6.6,
            "gross_profit": 46934,
            "gross_margin": 15.96,
            "gross_margin_4q_avg": 16.56,
            "net_income": 16100,
            "revenue": 293996,
            "common_shares": 496584,
            "book_valuer_per_share": 13.2,
            "book_valuer_per_share_4q_avg": 12.95,
            "equity": 655515,
            "current_ratio": 121.09,
            "debt_ratio": 51.79,
            "inventory_turnover_ratio": 0.74,
            "account_receivable_turnover_ratio": null,
            "reinvestment_rate": 4.4,
            "research_to_sale_ratio": null,
            "price_fair": 27.84,
            "eps_avg_yearly": 0.8,
            "eps_latest_yearly": 1.32,
            "eps_growth_yearly": 185.49
        },
        "20042": {
            "year_quarter": 20042,
            "year": 2004,
            "quarter": 2,
            "eps": 0.2,
            "eps_growth_year": 100,
            "eps_4q": 0.99,
            "eps_4q_growth_year": 46.6,
            "roe": 1.46,
            "roe_4q": 7.3100000000000005,
            "gross_profit": 48154,
            "gross_margin": 15.09,
            "gross_margin_4q_avg": 15.71,
            "net_income": 9737,
            "revenue": 319184,
            "common_shares": 496584,
            "book_valuer_per_share": 13.67,
            "book_valuer_per_share_4q_avg": 13.14,
            "equity": 678739,
            "current_ratio": 123.36,
            "debt_ratio": 50.32,
            "inventory_turnover_ratio": 1.06,
            "account_receivable_turnover_ratio": null,
            "reinvestment_rate": 13.7,
            "research_to_sale_ratio": null,
            "price_fair": 27.86,
            "eps_avg_yearly": 0.8,
            "eps_latest_yearly": 0.8,
            "eps_growth_yearly": 151.19
        },
        "20043": {
            "year_quarter": 20043,
            "year": 2004,
            "quarter": 3,
            "eps": 0.2,
            "eps_growth_year": -20,
            "eps_4q": 0.87,
            "eps_4q_growth_year": 30.31,
            "roe": 1.54,
            "roe_4q": 6.86,
            "gross_profit": 45372,
            "gross_margin": 15.87,
            "gross_margin_4q_avg": 15.37,
            "net_income": 10545,
            "revenue": 285831,
            "common_shares": 521414,
            "book_valuer_per_share": 13.26,
            "book_valuer_per_share_4q_avg": 13.28,
            "equity": 691361,
            "current_ratio": 121.35,
            "debt_ratio": 50.64,
            "inventory_turnover_ratio": 0.83,
            "account_receivable_turnover_ratio": null,
            "reinvestment_rate": -25.61,
            "research_to_sale_ratio": null,
            "price_fair": 27.87,
            "eps_avg_yearly": 0.8,
            "eps_latest_yearly": 0.8,
            "eps_growth_yearly": 137.44
        },
        "20044": {
            "year_quarter": 20044,
            "year": 2004,
            "quarter": 4,
            "eps": 0.43,
            "eps_growth_year": 126.32,
            "eps_4q": 1.14,
            "eps_4q_growth_year": 63.26,
            "roe": 3.13,
            "roe_4q": 8.53,
            "gross_profit": 35987,
            "gross_margin": 12.74,
            "gross_margin_4q_avg": 14.92,
            "net_income": 22127,
            "revenue": 282424,
            "common_shares": 521413,
            "book_valuer_per_share": 12.71,
            "book_valuer_per_share_4q_avg": 13.21,
            "equity": 722933,
            "current_ratio": 109.82,
            "debt_ratio": 58.53,
            "inventory_turnover_ratio": 0.59,
            "account_receivable_turnover_ratio": null,
            "reinvestment_rate": 65.99,
            "research_to_sale_ratio": null,
            "price_fair": 30.57,
            "eps_avg_yearly": 0.87,
            "eps_latest_yearly": 1.72,
            "eps_growth_yearly": 164.32
        },
        "20051": {
            "year_quarter": 20051,
            "year": 2005,
            "quarter": 1,
            "eps": 0.22,
            "eps_growth_year": -33.33,
            "eps_4q": 1.05,
            "eps_4q_growth_year": 19.5,
            "roe": 1.61,
            "roe_4q": 7.74,
            "gross_profit": 41637,
            "gross_margin": 15.78,
            "gross_margin_4q_avg": 14.87,
            "net_income": 11178,
            "revenue": 263852,
            "common_shares": 521413,
            "book_valuer_per_share": 12.82,
            "book_valuer_per_share_4q_avg": 13.12,
            "equity": 668693,
            "current_ratio": 126.75,
            "debt_ratio": 51.18,
            "inventory_turnover_ratio": 0.53,
            "account_receivable_turnover_ratio": null,
            "reinvestment_rate": -20.7,
            "research_to_sale_ratio": null,
            "price_fair": 30.58,
            "eps_avg_yearly": 0.87,
            "eps_latest_yearly": 0.88,
            "eps_growth_yearly": 136.65
        },
        "20052": {
            "year_quarter": 20052,
            "year": 2005,
            "quarter": 2,
            "eps": 0.22,
            "eps_growth_year": 10,
            "eps_4q": 1.08,
            "eps_4q_growth_year": 9.78,
            "roe": 1.69,
            "roe_4q": 7.97,
            "gross_profit": 50193,
            "gross_margin": 14.46,
            "gross_margin_4q_avg": 14.71,
            "net_income": 11186,
            "revenue": 347126,
            "common_shares": 521413,
            "book_valuer_per_share": 12.62,
            "book_valuer_per_share_4q_avg": 12.85,
            "equity": 658100,
            "current_ratio": 124.13,
            "debt_ratio": 53.92,
            "inventory_turnover_ratio": 0.86,
            "account_receivable_turnover_ratio": null,
            "reinvestment_rate": -20.07,
            "research_to_sale_ratio": null,
            "price_fair": 30.6,
            "eps_avg_yearly": 0.87,
            "eps_latest_yearly": 0.88,
            "eps_growth_yearly": 126.89
        },
        "20053": {
            "year_quarter": 20053,
            "year": 2005,
            "quarter": 3,
            "eps": 0.35,
            "eps_growth_year": 75,
            "eps_4q": 1.22,
            "eps_4q_growth_year": 39.66,
            "roe": 2.63,
            "roe_4q": 9.06,
            "gross_profit": 41599,
            "gross_margin": 13.55,
            "gross_margin_4q_avg": 14.13,
            "net_income": 17933,
            "revenue": 306954,
            "common_shares": 531371,
            "book_valuer_per_share": 13.25,
            "book_valuer_per_share_4q_avg": 12.85,
            "equity": 703827,
            "current_ratio": 129.43,
            "debt_ratio": 49.29,
            "inventory_turnover_ratio": 0.74,
            "account_receivable_turnover_ratio": null,
            "reinvestment_rate": -18.57,
            "research_to_sale_ratio": null,
            "price_fair": 31.83,
            "eps_avg_yearly": 0.91,
            "eps_latest_yearly": 1.4,
            "eps_growth_yearly": 134.19
        },
        "20054": {
            "year_quarter": 20054,
            "year": 2005,
            "quarter": 4,
            "eps": 0.12,
            "eps_growth_year": -72.09,
            "eps_4q": 0.93,
            "eps_4q_growth_year": -18,
            "roe": 0.8,
            "roe_4q": 6.7299999999999995,
            "gross_profit": 50798,
            "gross_margin": 15.53,
            "gross_margin_4q_avg": 14.83,
            "net_income": 5953,
            "revenue": 327007,
            "common_shares": 531371,
            "book_valuer_per_share": 13.37,
            "book_valuer_per_share_4q_avg": 13.02,
            "equity": 784070,
            "current_ratio": 113.08,
            "debt_ratio": 57.14,
            "inventory_turnover_ratio": 0.59,
            "account_receivable_turnover_ratio": null,
            "reinvestment_rate": 71.34,
            "research_to_sale_ratio": null,
            "price_fair": 30.89,
            "eps_avg_yearly": 0.88,
            "eps_latest_yearly": 0.48,
            "eps_growth_yearly": 109.38
        },
        "20061": {
            "year_quarter": 20061,
            "year": 2006,
            "quarter": 1,
            "eps": 0.29,
            "eps_growth_year": 31.82,
            "eps_4q": 0.99,
            "eps_4q_growth_year": -6.18,
            "roe": 1.93,
            "roe_4q": 7.049999999999999,
            "gross_profit": 52482,
            "gross_margin": 16.36,
            "gross_margin_4q_avg": 14.98,
            "net_income": 14541,
            "revenue": 320770,
            "common_shares": 531371,
            "book_valuer_per_share": 13.6,
            "book_valuer_per_share_4q_avg": 13.21,
            "equity": 722596,
            "current_ratio": 127.47,
            "debt_ratio": 48.25,
            "inventory_turnover_ratio": 0.59,
            "account_receivable_turnover_ratio": null,
            "reinvestment_rate": -13.45,
            "research_to_sale_ratio": null,
            "price_fair": 32.38,
            "eps_avg_yearly": 0.93,
            "eps_latest_yearly": 1.16,
            "eps_growth_yearly": 94.79
        },
        "20062": {
            "year_quarter": 20062,
            "year": 2006,
            "quarter": 2,
            "eps": 0.51,
            "eps_growth_year": 131.82,
            "eps_4q": 1.27,
            "eps_4q_growth_year": 17.19,
            "roe": 3.57,
            "roe_4q": 8.93,
            "gross_profit": 70475,
            "gross_margin": 16.89,
            "gross_margin_4q_avg": 15.58,
            "net_income": 25838,
            "revenue": 417312,
            "common_shares": 531371,
            "book_valuer_per_share": 13.67,
            "book_valuer_per_share_4q_avg": 13.47,
            "equity": 726159,
            "current_ratio": 122.9,
            "debt_ratio": 51.21,
            "inventory_turnover_ratio": 1.07,
            "account_receivable_turnover_ratio": null,
            "reinvestment_rate": -10.7,
            "research_to_sale_ratio": null,
            "price_fair": 35.18,
            "eps_avg_yearly": 1.01,
            "eps_latest_yearly": 2.04,
            "eps_growth_yearly": 99.17
        },
        "20063": {
            "year_quarter": 20063,
            "year": 2006,
            "quarter": 3,
            "eps": 0.58,
            "eps_growth_year": 65.71,
            "eps_4q": 1.5,
            "eps_4q_growth_year": 22.85,
            "roe": 3.92,
            "roe_4q": 10.22,
            "gross_profit": 60805,
            "gross_margin": 15.96,
            "gross_margin_4q_avg": 16.19,
            "net_income": 29313,
            "revenue": 381080,
            "common_shares": 531371,
            "book_valuer_per_share": 14.49,
            "book_valuer_per_share_4q_avg": 13.78,
            "equity": 769952,
            "current_ratio": 123.47,
            "debt_ratio": 49.26,
            "inventory_turnover_ratio": 0.99,
            "account_receivable_turnover_ratio": null,
            "reinvestment_rate": -10.35,
            "research_to_sale_ratio": null,
            "price_fair": 37.98,
            "eps_avg_yearly": 1.09,
            "eps_latest_yearly": 2.32,
            "eps_growth_yearly": 93.4
        },
        "20064": {
            "year_quarter": 20064,
            "year": 2006,
            "quarter": 4,
            "eps": 0.17,
            "eps_growth_year": 41.67,
            "eps_4q": 1.5,
            "eps_4q_growth_year": 60.76,
            "roe": 1.08,
            "roe_4q": 10.5,
            "gross_profit": 57154,
            "gross_margin": 14.82,
            "gross_margin_4q_avg": 16.01,
            "net_income": 8916,
            "revenue": 385728,
            "common_shares": 531371,
            "book_valuer_per_share": 15.05,
            "book_valuer_per_share_4q_avg": 14.2,
            "equity": 883456,
            "current_ratio": 118.78,
            "debt_ratio": 55.56,
            "inventory_turnover_ratio": 0.65,
            "account_receivable_turnover_ratio": null,
            "reinvestment_rate": 87.98,
            "research_to_sale_ratio": null,
            "price_fair": 37.89,
            "eps_avg_yearly": 1.08,
            "eps_latest_yearly": 0.68,
            "eps_growth_yearly": 83.42
        },
        "20071": {
            "year_quarter": 20071,
            "year": 2007,
            "quarter": 1,
            "eps": 0.33,
            "eps_growth_year": 13.79,
            "eps_4q": 1.55,
            "eps_4q_growth_year": 57.02,
            "roe": 2.02,
            "roe_4q": 10.59,
            "gross_profit": 52449,
            "gross_margin": 15.22,
            "gross_margin_4q_avg": 15.72,
            "net_income": 17278,
            "revenue": 344703,
            "common_shares": 531371,
            "book_valuer_per_share": 15.61,
            "book_valuer_per_share_4q_avg": 14.71,
            "equity": 829364,
            "current_ratio": 118.97,
            "debt_ratio": 48.67,
            "inventory_turnover_ratio": 0.56,
            "account_receivable_turnover_ratio": null,
            "reinvestment_rate": -8.49,
            "research_to_sale_ratio": null,
            "price_fair": 39.29,
            "eps_avg_yearly": 1.12,
            "eps_latest_yearly": 1.32,
            "eps_growth_yearly": 108.33
        },
        "20072": {
            "year_quarter": 20072,
            "year": 2007,
            "quarter": 2,
            "eps": 0.38,
            "eps_growth_year": -25.49,
            "eps_4q": 1.35,
            "eps_4q_growth_year": 6.28,
            "roe": 2.61,
            "roe_4q": 9.629999999999999,
            "gross_profit": 73020,
            "gross_margin": 16.23,
            "gross_margin_4q_avg": 15.56,
            "net_income": 21787,
            "revenue": 449975,
            "common_shares": 531371,
            "book_valuer_per_share": 15.84,
            "book_valuer_per_share_4q_avg": 15.25,
            "equity": 841680,
            "current_ratio": 113,
            "debt_ratio": 51.78,
            "inventory_turnover_ratio": 1.05,
            "account_receivable_turnover_ratio": null,
            "reinvestment_rate": -9.05,
            "research_to_sale_ratio": null,
            "price_fair": 41.74,
            "eps_avg_yearly": 1.19,
            "eps_latest_yearly": 1.52,
            "eps_growth_yearly": 122.42
        },
        "20073": {
            "year_quarter": 20073,
            "year": 2007,
            "quarter": 3,
            "eps": 0.34,
            "eps_growth_year": -41.38,
            "eps_4q": 1.19,
            "eps_4q_growth_year": -20.46,
            "roe": 2.25,
            "roe_4q": 7.959999999999999,
            "gross_profit": 63983,
            "gross_margin": 14.07,
            "gross_margin_4q_avg": 15.09,
            "net_income": 19180,
            "revenue": 454712,
            "common_shares": 568567,
            "book_valuer_per_share": 15.17,
            "book_valuer_per_share_4q_avg": 15.42,
            "equity": 862705,
            "current_ratio": 114.62,
            "debt_ratio": 51.1,
            "inventory_turnover_ratio": 1.02,
            "account_receivable_turnover_ratio": null,
            "reinvestment_rate": -8.54,
            "research_to_sale_ratio": null,
            "price_fair": 42.53,
            "eps_avg_yearly": 1.22,
            "eps_latest_yearly": 1.36,
            "eps_growth_yearly": 82.28
        },
        "20074": {
            "year_quarter": 20074,
            "year": 2007,
            "quarter": 4,
            "eps": 0.07,
            "eps_growth_year": -58.82,
            "eps_4q": 1.1,
            "eps_4q_growth_year": -26.57,
            "roe": 0.43,
            "roe_4q": 7.3100000000000005,
            "gross_profit": 55481,
            "gross_margin": 11.5,
            "gross_margin_4q_avg": 14.26,
            "net_income": 3956,
            "revenue": 482588,
            "common_shares": 568567,
            "book_valuer_per_share": 15.43,
            "book_valuer_per_share_4q_avg": 15.51,
            "equity": 977084,
            "current_ratio": 111.15,
            "debt_ratio": 61.14,
            "inventory_turnover_ratio": 0.68,
            "account_receivable_turnover_ratio": null,
            "reinvestment_rate": 136.58,
            "research_to_sale_ratio": null,
            "price_fair": 41.48,
            "eps_avg_yearly": 1.19,
            "eps_latest_yearly": 0.28,
            "eps_growth_yearly": 68.43
        },
        "20081": {
            "year_quarter": 20081,
            "year": 2008,
            "quarter": 1,
            "eps": 0.2,
            "eps_growth_year": -39.39,
            "eps_4q": 0.92,
            "eps_4q_growth_year": -40.57,
            "roe": 1.24,
            "roe_4q": 6.529999999999999,
            "gross_profit": 69955,
            "gross_margin": 14.19,
            "gross_margin_4q_avg": 14,
            "net_income": 12136,
            "revenue": 493141,
            "common_shares": 568567,
            "book_valuer_per_share": 15.33,
            "book_valuer_per_share_4q_avg": 15.44,
            "equity": 979726,
            "current_ratio": 111.25,
            "debt_ratio": 60.09,
            "inventory_turnover_ratio": 0.48,
            "account_receivable_turnover_ratio": null,
            "reinvestment_rate": 267.06,
            "research_to_sale_ratio": null,
            "price_fair": 40.34,
            "eps_avg_yearly": 1.15,
            "eps_latest_yearly": 0.8,
            "eps_growth_yearly": 96.44
        },
        "20082": {
            "year_quarter": 20082,
            "year": 2008,
            "quarter": 2,
            "eps": 0.31,
            "eps_growth_year": -18.42,
            "eps_4q": 0.84,
            "eps_4q_growth_year": -37.36,
            "roe": 1.92,
            "roe_4q": 5.84,
            "gross_profit": 86159,
            "gross_margin": 14.35,
            "gross_margin_4q_avg": 13.53,
            "net_income": 19064,
            "revenue": 600584,
            "common_shares": 568567,
            "book_valuer_per_share": 15.65,
            "book_valuer_per_share_4q_avg": 15.4,
            "equity": 1001341,
            "current_ratio": 111.88,
            "debt_ratio": 63.12,
            "inventory_turnover_ratio": 0.53,
            "account_receivable_turnover_ratio": null,
            "reinvestment_rate": 251.27,
            "research_to_sale_ratio": null,
            "price_fair": 41.3,
            "eps_avg_yearly": 1.18,
            "eps_latest_yearly": 1.24,
            "eps_growth_yearly": 120.04
        },
        "20083": {
            "year_quarter": 20083,
            "year": 2008,
            "quarter": 3,
            "eps": 0.42,
            "eps_growth_year": 23.53,
            "eps_4q": 0.85,
            "eps_4q_growth_year": -28.82,
            "roe": 2.76,
            "roe_4q": 6.35,
            "gross_profit": 85723,
            "gross_margin": 18.07,
            "gross_margin_4q_avg": 14.53,
            "net_income": 28755,
            "revenue": 474323,
            "common_shares": 602681,
            "book_valuer_per_share": 15.89,
            "book_valuer_per_share_4q_avg": 15.58,
            "equity": 1080027,
            "current_ratio": 110.9,
            "debt_ratio": 59.7,
            "inventory_turnover_ratio": 0.39,
            "account_receivable_turnover_ratio": null,
            "reinvestment_rate": 257.29,
            "research_to_sale_ratio": null,
            "price_fair": 43.23,
            "eps_avg_yearly": 1.24,
            "eps_latest_yearly": 1.68,
            "eps_growth_yearly": 128.91
        },
        "20084": {
            "year_quarter": 20084,
            "year": 2008,
            "quarter": 4,
            "eps": -0.26,
            "eps_growth_year": -471.43,
            "eps_4q": 0.52,
            "eps_4q_growth_year": -53.16,
            "roe": -1.23,
            "roe_4q": 4.6899999999999995,
            "gross_profit": 99503,
            "gross_margin": 16.32,
            "gross_margin_4q_avg": 15.73,
            "net_income": -13239,
            "revenue": 609700,
            "common_shares": 602681,
            "book_valuer_per_share": 15.56,
            "book_valuer_per_share_4q_avg": 15.61,
            "equity": 1065051,
            "current_ratio": 111.51,
            "debt_ratio": 56.94,
            "inventory_turnover_ratio": 0.56,
            "account_receivable_turnover_ratio": 3.87,
            "reinvestment_rate": 123.53,
            "research_to_sale_ratio": null,
            "price_fair": 42.09,
            "eps_avg_yearly": 1.2,
            "eps_latest_yearly": 1.68,
            "eps_growth_yearly": 106.84
        },
        "20091": {
            "year_quarter": 20091,
            "year": 2009,
            "quarter": 1,
            "eps": 0.34,
            "eps_growth_year": 70,
            "eps_4q": 0.79,
            "eps_4q_growth_year": -14.91,
            "roe": 1.91,
            "roe_4q": 5.359999999999999,
            "gross_profit": 71355,
            "gross_margin": 16.88,
            "gross_margin_4q_avg": 16.41,
            "net_income": 20589,
            "revenue": 422643,
            "common_shares": 602681,
            "book_valuer_per_share": 16.04,
            "book_valuer_per_share_4q_avg": 15.79,
            "equity": 1093069,
            "current_ratio": 111.5,
            "debt_ratio": 55.82,
            "inventory_turnover_ratio": 0.43,
            "account_receivable_turnover_ratio": 1.31,
            "reinvestment_rate": 280.8,
            "research_to_sale_ratio": null,
            "price_fair": 42.9,
            "eps_avg_yearly": 1.23,
            "eps_latest_yearly": 1.68,
            "eps_growth_yearly": 128.42
        },
        "20092": {
            "year_quarter": 20092,
            "year": 2009,
            "quarter": 2,
            "eps": 0.42,
            "eps_growth_year": 35.48,
            "eps_4q": 0.88,
            "eps_4q_growth_year": 4.19,
            "roe": 2.37,
            "roe_4q": 5.8100000000000005,
            "gross_profit": 88812,
            "gross_margin": 20.61,
            "gross_margin_4q_avg": 17.97,
            "net_income": 26093,
            "revenue": 430888,
            "common_shares": 602681,
            "book_valuer_per_share": 16.31,
            "book_valuer_per_share_4q_avg": 15.95,
            "equity": 1106488,
            "current_ratio": 113.64,
            "debt_ratio": 55.47,
            "inventory_turnover_ratio": 0.42,
            "account_receivable_turnover_ratio": 1.41,
            "reinvestment_rate": 253.92,
            "research_to_sale_ratio": null,
            "price_fair": 44.9,
            "eps_avg_yearly": 1.28,
            "eps_latest_yearly": 1.68,
            "eps_growth_yearly": 135.14
        },
        "20093": {
            "year_quarter": 20093,
            "year": 2009,
            "quarter": 3,
            "eps": 0.21,
            "eps_growth_year": -50,
            "eps_4q": 0.71,
            "eps_4q_growth_year": -15.83,
            "roe": 1.15,
            "roe_4q": 4.199999999999999,
            "gross_profit": 80210,
            "gross_margin": 17.48,
            "gross_margin_4q_avg": 17.82,
            "net_income": 12600,
            "revenue": 458811,
            "common_shares": 632815,
            "book_valuer_per_share": 15.25,
            "book_valuer_per_share_4q_avg": 15.79,
            "equity": 1084317,
            "current_ratio": 116.98,
            "debt_ratio": 55.17,
            "inventory_turnover_ratio": 0.45,
            "account_receivable_turnover_ratio": 1.58,
            "reinvestment_rate": 250.51,
            "research_to_sale_ratio": null,
            "price_fair": 43.5,
            "eps_avg_yearly": 1.24,
            "eps_latest_yearly": 0.84,
            "eps_growth_yearly": 103.97
        },
        "20094": {
            "year_quarter": 20094,
            "year": 2009,
            "quarter": 4,
            "eps": 0.15,
            "eps_growth_year": null,
            "eps_4q": 1.07,
            "eps_4q_growth_year": 108.13,
            "roe": 0.99,
            "roe_4q": 6.42,
            "gross_profit": 66939,
            "gross_margin": 17.14,
            "gross_margin_4q_avg": 18.03,
            "net_income": 10803,
            "revenue": 390595,
            "common_shares": 632815,
            "book_valuer_per_share": 15.3,
            "book_valuer_per_share_4q_avg": 15.73,
            "equity": 1089741,
            "current_ratio": 117.87,
            "debt_ratio": 54.89,
            "inventory_turnover_ratio": 0.38,
            "account_receivable_turnover_ratio": 3.25,
            "reinvestment_rate": 392.85,
            "research_to_sale_ratio": null,
            "price_fair": 43.8,
            "eps_avg_yearly": 1.25,
            "eps_latest_yearly": 0.6,
            "eps_growth_yearly": 114.59
        },
        "20101": {
            "year_quarter": 20101,
            "year": 2010,
            "quarter": 1,
            "eps": 0.02,
            "eps_growth_year": -94.12,
            "eps_4q": 0.77,
            "eps_4q_growth_year": -1.84,
            "roe": 0.17,
            "roe_4q": 4.68,
            "gross_profit": 60178,
            "gross_margin": 15.04,
            "gross_margin_4q_avg": 17.57,
            "net_income": 1824,
            "revenue": 400037,
            "common_shares": 632815,
            "book_valuer_per_share": 15.25,
            "book_valuer_per_share_4q_avg": 15.53,
            "equity": 1086152,
            "current_ratio": 119.27,
            "debt_ratio": 57.84,
            "inventory_turnover_ratio": 0.37,
            "account_receivable_turnover_ratio": 1.61,
            "reinvestment_rate": 578.26,
            "research_to_sale_ratio": 0.1,
            "price_fair": 41.1,
            "eps_avg_yearly": 1.17,
            "eps_latest_yearly": 0.08,
            "eps_growth_yearly": 49.35
        },
        "20102": {
            "year_quarter": 20102,
            "year": 2010,
            "quarter": 2,
            "eps": 1.47,
            "eps_growth_year": 249.41,
            "eps_4q": 1.84,
            "eps_4q_growth_year": 108.68,
            "roe": 8.55,
            "roe_4q": 10.860000000000001,
            "gross_profit": 98079,
            "gross_margin": 16.58,
            "gross_margin_4q_avg": 16.56,
            "net_income": 98714,
            "revenue": 591398,
            "common_shares": 632815,
            "book_valuer_per_share": 16.64,
            "book_valuer_per_share_4q_avg": 15.61,
            "equity": 1223436,
            "current_ratio": 130.67,
            "debt_ratio": 55.12,
            "inventory_turnover_ratio": 0.47,
            "account_receivable_turnover_ratio": 2.6,
            "reinvestment_rate": 526.87,
            "research_to_sale_ratio": 0.07,
            "price_fair": 50.7,
            "eps_avg_yearly": 1.45,
            "eps_latest_yearly": 5.88,
            "eps_growth_yearly": 2099.1
        },
        "20103": {
            "year_quarter": 20103,
            "year": 2010,
            "quarter": 3,
            "eps": 0.48,
            "eps_growth_year": 127.16,
            "eps_4q": 2.11,
            "eps_4q_growth_year": 195.45,
            "roe": 2.74,
            "roe_4q": 12.450000000000001,
            "gross_profit": 109393,
            "gross_margin": 21.58,
            "gross_margin_4q_avg": 17.59,
            "net_income": 33543,
            "revenue": 506926,
            "common_shares": 651799,
            "book_valuer_per_share": 16.26,
            "book_valuer_per_share_4q_avg": 15.86,
            "equity": 1229182,
            "current_ratio": 141.26,
            "debt_ratio": 52.64,
            "inventory_turnover_ratio": 0.38,
            "account_receivable_turnover_ratio": 2.17,
            "reinvestment_rate": 522.57,
            "research_to_sale_ratio": 0.08,
            "price_fair": 49.7,
            "eps_avg_yearly": 1.42,
            "eps_latest_yearly": 1.92,
            "eps_growth_yearly": 2075.94
        },
        "20104": {
            "year_quarter": 20104,
            "year": 2010,
            "quarter": 4,
            "eps": 0.38,
            "eps_growth_year": 154.3,
            "eps_4q": 2.35,
            "eps_4q_growth_year": 118.68,
            "roe": 2.15,
            "roe_4q": 13.610000000000001,
            "gross_profit": 82910,
            "gross_margin": 11.47,
            "gross_margin_4q_avg": 16.17,
            "net_income": 25891,
            "revenue": 722587,
            "common_shares": 651799,
            "book_valuer_per_share": 15.6,
            "book_valuer_per_share_4q_avg": 15.94,
            "equity": 1176700,
            "current_ratio": 144.58,
            "debt_ratio": 52.39,
            "inventory_turnover_ratio": 0.66,
            "account_receivable_turnover_ratio": 2.59,
            "reinvestment_rate": 319.61,
            "research_to_sale_ratio": 0.06,
            "price_fair": 51.8,
            "eps_avg_yearly": 1.48,
            "eps_latest_yearly": 1.52,
            "eps_growth_yearly": 2090.18
        },
        "20111": {
            "year_quarter": 20111,
            "year": 2011,
            "quarter": 1,
            "eps": 0.44,
            "eps_growth_year": 2100,
            "eps_4q": 2.77,
            "eps_4q_growth_year": 258.71,
            "roe": 2.51,
            "roe_4q": 15.950000000000001,
            "gross_profit": 76435,
            "gross_margin": 17.15,
            "gross_margin_4q_avg": 16.7,
            "net_income": 29977,
            "revenue": 445684,
            "common_shares": 651799,
            "book_valuer_per_share": 15.95,
            "book_valuer_per_share_4q_avg": 16.11,
            "equity": 1208670,
            "current_ratio": 126.67,
            "debt_ratio": 52.92,
            "inventory_turnover_ratio": 0.39,
            "account_receivable_turnover_ratio": 1.65,
            "reinvestment_rate": 459.91,
            "research_to_sale_ratio": 0.1,
            "price_fair": 52.9,
            "eps_avg_yearly": 1.51,
            "eps_latest_yearly": 1.76,
            "eps_growth_yearly": 2067.8
        },
        "20112": {
            "year_quarter": 20112,
            "year": 2011,
            "quarter": 2,
            "eps": 0.42,
            "eps_growth_year": -71.28,
            "eps_4q": 1.66,
            "eps_4q_growth_year": -9.68,
            "roe": 2.61,
            "roe_4q": 10.01,
            "gross_profit": 96009,
            "gross_margin": 14.16,
            "gross_margin_4q_avg": 16.09,
            "net_income": 31276,
            "revenue": 677883,
            "common_shares": 651799,
            "book_valuer_per_share": 15.65,
            "book_valuer_per_share_4q_avg": 15.87,
            "equity": 1189553,
            "current_ratio": 126.38,
            "debt_ratio": 54.29,
            "inventory_turnover_ratio": 0.61,
            "account_receivable_turnover_ratio": 2.76,
            "reinvestment_rate": 468.73,
            "research_to_sale_ratio": 0.07,
            "price_fair": 53.3,
            "eps_avg_yearly": 1.52,
            "eps_latest_yearly": 1.68,
            "eps_growth_yearly": 2062.18
        },
        "20113": {
            "year_quarter": 20113,
            "year": 2011,
            "quarter": 3,
            "eps": 0.36,
            "eps_growth_year": -24.86,
            "eps_4q": 1.56,
            "eps_4q_growth_year": -25.87,
            "roe": 2.1,
            "roe_4q": 9.37,
            "gross_profit": 83846,
            "gross_margin": 11.12,
            "gross_margin_4q_avg": 13.48,
            "net_income": 26071,
            "revenue": 754248,
            "common_shares": 684389,
            "book_valuer_per_share": 16.26,
            "book_valuer_per_share_4q_avg": 15.87,
            "equity": 1299325,
            "current_ratio": 128.7,
            "debt_ratio": 53.29,
            "inventory_turnover_ratio": 0.74,
            "account_receivable_turnover_ratio": 2.5,
            "reinvestment_rate": 511.95,
            "research_to_sale_ratio": 0.07,
            "price_fair": 53.5,
            "eps_avg_yearly": 1.53,
            "eps_latest_yearly": 1.44,
            "eps_growth_yearly": 2061.1
        },
        "20114": {
            "year_quarter": 20114,
            "year": 2011,
            "quarter": 4,
            "eps": 0.43,
            "eps_growth_year": 12.05,
            "eps_4q": 1.63,
            "eps_4q_growth_year": -30.69,
            "roe": 2.17,
            "roe_4q": 9.389999999999999,
            "gross_profit": 77730,
            "gross_margin": 22.02,
            "gross_margin_4q_avg": 16.11,
            "net_income": 28488,
            "revenue": 352981,
            "common_shares": 684389,
            "book_valuer_per_share": 16.6,
            "book_valuer_per_share_4q_avg": 16.12,
            "equity": 1327159,
            "current_ratio": 123.65,
            "debt_ratio": 52.9,
            "inventory_turnover_ratio": 0.3,
            "account_receivable_turnover_ratio": 0.99,
            "reinvestment_rate": 341.6,
            "research_to_sale_ratio": 0.12,
            "price_fair": 57.1,
            "eps_avg_yearly": 1.63,
            "eps_latest_yearly": 1.72,
            "eps_growth_yearly": 2089.35
        },
        "20121": {
            "year_quarter": 20121,
            "year": 2012,
            "quarter": 1,
            "eps": 0.43,
            "eps_growth_year": -2.27,
            "eps_4q": 1.64,
            "eps_4q_growth_year": -40.78,
            "roe": 2.34,
            "roe_4q": 9.219999999999999,
            "gross_profit": 77024,
            "gross_margin": 14.19,
            "gross_margin_4q_avg": 15.37,
            "net_income": 31156,
            "revenue": 542781,
            "common_shares": 684389,
            "book_valuer_per_share": 16.74,
            "book_valuer_per_share_4q_avg": 16.31,
            "equity": 1334530,
            "current_ratio": 121.98,
            "debt_ratio": 53.96,
            "inventory_turnover_ratio": 0.48,
            "account_receivable_turnover_ratio": 1.56,
            "reinvestment_rate": 324.53,
            "research_to_sale_ratio": 0.07,
            "price_fair": 59.4,
            "eps_avg_yearly": 1.7,
            "eps_latest_yearly": 1.72,
            "eps_growth_yearly": 2036.29
        },
        "20122": {
            "year_quarter": 20122,
            "year": 2012,
            "quarter": 2,
            "eps": 0.37,
            "eps_growth_year": -12.53,
            "eps_4q": 1.54,
            "eps_4q_growth_year": -7.22,
            "roe": 2.52,
            "roe_4q": 9.129999999999999,
            "gross_profit": 87401,
            "gross_margin": 13.44,
            "gross_margin_4q_avg": 15.19,
            "net_income": 33755,
            "revenue": 650203,
            "common_shares": 684389,
            "book_valuer_per_share": 16.73,
            "book_valuer_per_share_4q_avg": 16.58,
            "equity": 1342856,
            "current_ratio": 118.06,
            "debt_ratio": 53.48,
            "inventory_turnover_ratio": 0.59,
            "account_receivable_turnover_ratio": 1.88,
            "reinvestment_rate": 342.03,
            "research_to_sale_ratio": 0.06,
            "price_fair": 60,
            "eps_avg_yearly": 1.71,
            "eps_latest_yearly": 1.48,
            "eps_growth_yearly": 2016.58
        },
        "20123": {
            "year_quarter": 20123,
            "year": 2012,
            "quarter": 3,
            "eps": 3.61,
            "eps_growth_year": 907.42,
            "eps_4q": 4.8,
            "eps_4q_growth_year": 207.54,
            "roe": 17.86,
            "roe_4q": 24.89,
            "gross_profit": 112430,
            "gross_margin": 15.28,
            "gross_margin_4q_avg": 16.23,
            "net_income": 260645,
            "revenue": 735877,
            "common_shares": 711765,
            "book_valuer_per_share": 19.37,
            "book_valuer_per_share_4q_avg": 17.36,
            "equity": 1575723,
            "current_ratio": 125.67,
            "debt_ratio": 51.55,
            "inventory_turnover_ratio": 0.69,
            "account_receivable_turnover_ratio": 1.98,
            "reinvestment_rate": 272.1,
            "research_to_sale_ratio": 0.06,
            "price_fair": 91.9,
            "eps_avg_yearly": 2.63,
            "eps_latest_yearly": 14.44,
            "eps_growth_yearly": 2256.64
        },
        "20124": {
            "year_quarter": 20124,
            "year": 2012,
            "quarter": 4,
            "eps": 0.31,
            "eps_growth_year": -26.34,
            "eps_4q": 4.71,
            "eps_4q_growth_year": 189.5,
            "roe": 1.51,
            "roe_4q": 24.23,
            "gross_profit": 113122,
            "gross_margin": 21.89,
            "gross_margin_4q_avg": 16.2,
            "net_income": 23972,
            "revenue": 516724,
            "common_shares": 711765,
            "book_valuer_per_share": 19.64,
            "book_valuer_per_share_4q_avg": 18.12,
            "equity": 1596249,
            "current_ratio": 128.46,
            "debt_ratio": 49.99,
            "inventory_turnover_ratio": 0.47,
            "account_receivable_turnover_ratio": 1.29,
            "reinvestment_rate": 256.41,
            "research_to_sale_ratio": 0.08,
            "price_fair": 88.67,
            "eps_avg_yearly": 2.53,
            "eps_latest_yearly": 1.24,
            "eps_growth_yearly": 2081.82
        },
        "20131": {
            "year_quarter": 20131,
            "year": 2013,
            "quarter": 1,
            "eps": 0.66,
            "eps_growth_year": 53.49,
            "eps_4q": 4.95,
            "eps_4q_growth_year": 202.2,
            "roe": 3.04,
            "roe_4q": 24.93,
            "gross_profit": 99446,
            "gross_margin": 17.62,
            "gross_margin_4q_avg": 17.06,
            "net_income": 49885,
            "revenue": 564538,
            "common_shares": 711765,
            "book_valuer_per_share": 20.82,
            "book_valuer_per_share_4q_avg": 19.14,
            "equity": 1688176,
            "current_ratio": 130.59,
            "debt_ratio": 48.98,
            "inventory_turnover_ratio": 0.54,
            "account_receivable_turnover_ratio": 1.47,
            "reinvestment_rate": 55.83,
            "research_to_sale_ratio": 0.07,
            "price_fair": 88.9,
            "eps_avg_yearly": 2.54,
            "eps_latest_yearly": 2.64,
            "eps_growth_yearly": 1979.93
        },
        "20132": {
            "year_quarter": 20132,
            "year": 2013,
            "quarter": 2,
            "eps": 0.12,
            "eps_growth_year": -67.45,
            "eps_4q": 4.36,
            "eps_4q_growth_year": 183.2,
            "roe": 1.08,
            "roe_4q": 23.49,
            "gross_profit": 94697,
            "gross_margin": 16.22,
            "gross_margin_4q_avg": 17.75,
            "net_income": 18111,
            "revenue": 583699,
            "common_shares": 711765,
            "book_valuer_per_share": 20.3,
            "book_valuer_per_share_4q_avg": 20.03,
            "equity": 1654499,
            "current_ratio": 127.11,
            "debt_ratio": 49.22,
            "inventory_turnover_ratio": 0.53,
            "account_receivable_turnover_ratio": 1.78,
            "reinvestment_rate": 64.03,
            "research_to_sale_ratio": 0.07,
            "price_fair": 86.28,
            "eps_avg_yearly": 2.47,
            "eps_latest_yearly": 0.48,
            "eps_growth_yearly": 1953.59
        },
        "20133": {
            "year_quarter": 20133,
            "year": 2013,
            "quarter": 3,
            "eps": 0.6,
            "eps_growth_year": -83.38,
            "eps_4q": 1.61,
            "eps_4q_growth_year": -66.47,
            "roe": 2.98,
            "roe_4q": 8.610000000000001,
            "gross_profit": 129062,
            "gross_margin": 20.67,
            "gross_margin_4q_avg": 19.1,
            "net_income": 49882,
            "revenue": 624269,
            "common_shares": 768706,
            "book_valuer_per_share": 19.22,
            "book_valuer_per_share_4q_avg": 20,
            "equity": 1688576,
            "current_ratio": 130.88,
            "debt_ratio": 48.22,
            "inventory_turnover_ratio": 0.52,
            "account_receivable_turnover_ratio": 1.97,
            "reinvestment_rate": 64.15,
            "research_to_sale_ratio": 0.07,
            "price_fair": 89.69,
            "eps_avg_yearly": 2.56,
            "eps_latest_yearly": 2.4,
            "eps_growth_yearly": 2066.09
        },
        "20134": {
            "year_quarter": 20134,
            "year": 2013,
            "quarter": 4,
            "eps": 0.48,
            "eps_growth_year": 53.61,
            "eps_4q": 1.8,
            "eps_4q_growth_year": -61.69,
            "roe": 2.44,
            "roe_4q": 9.54,
            "gross_profit": 119698,
            "gross_margin": 18.03,
            "gross_margin_4q_avg": 18.14,
            "net_income": 41989,
            "revenue": 663900,
            "common_shares": 768706,
            "book_valuer_per_share": 19.95,
            "book_valuer_per_share_4q_avg": 20.07,
            "equity": 1749979,
            "current_ratio": 135.04,
            "debt_ratio": 46.36,
            "inventory_turnover_ratio": 0.57,
            "account_receivable_turnover_ratio": 1.8,
            "reinvestment_rate": -41.67,
            "research_to_sale_ratio": 0.06,
            "price_fair": 92.58,
            "eps_avg_yearly": 2.65,
            "eps_latest_yearly": 1.92,
            "eps_growth_yearly": 2068.24
        },
        "20141": {
            "year_quarter": 20141,
            "year": 2014,
            "quarter": 1,
            "eps": 0.42,
            "eps_growth_year": -36.36,
            "eps_4q": 1.62,
            "eps_4q_growth_year": -67.28,
            "roe": 1.83,
            "roe_4q": 8.33,
            "gross_profit": 97846,
            "gross_margin": 16.29,
            "gross_margin_4q_avg": 17.8,
            "net_income": 32388,
            "revenue": 600581,
            "common_shares": 768706,
            "book_valuer_per_share": 20.58,
            "book_valuer_per_share_4q_avg": 20.01,
            "equity": 1798925,
            "current_ratio": 135.99,
            "debt_ratio": 46.5,
            "inventory_turnover_ratio": 0.51,
            "account_receivable_turnover_ratio": 1.66,
            "reinvestment_rate": -32.99,
            "research_to_sale_ratio": 0.07,
            "price_fair": 96.08,
            "eps_avg_yearly": 2.75,
            "eps_latest_yearly": 1.68,
            "eps_growth_yearly": 2086.78
        },
        "20142": {
            "year_quarter": 20142,
            "year": 2014,
            "quarter": 2,
            "eps": 0.38,
            "eps_growth_year": 216.67,
            "eps_4q": 1.81,
            "eps_4q_growth_year": -58.36,
            "roe": 1.8,
            "roe_4q": 9.05,
            "gross_profit": 120406,
            "gross_margin": 16.98,
            "gross_margin_4q_avg": 17.99,
            "net_income": 32143,
            "revenue": 709094,
            "common_shares": 768706,
            "book_valuer_per_share": 20.25,
            "book_valuer_per_share_4q_avg": 20,
            "equity": 1765270,
            "current_ratio": 133.77,
            "debt_ratio": 45.88,
            "inventory_turnover_ratio": 0.58,
            "account_receivable_turnover_ratio": 2.16,
            "reinvestment_rate": -68.57,
            "research_to_sale_ratio": 0.06,
            "price_fair": 86.54,
            "eps_avg_yearly": 2.47,
            "eps_latest_yearly": 1.52,
            "eps_growth_yearly": 271.9
        },
        "20143": {
            "year_quarter": 20143,
            "year": 2014,
            "quarter": 3,
            "eps": 0.8,
            "eps_growth_year": 33.33,
            "eps_4q": 2.04,
            "eps_4q_growth_year": 26.63,
            "roe": 3.75,
            "roe_4q": 9.82,
            "gross_profit": 156457,
            "gross_margin": 20.22,
            "gross_margin_4q_avg": 17.88,
            "net_income": 67838,
            "revenue": 773656,
            "common_shares": 799366,
            "book_valuer_per_share": 20.5,
            "book_valuer_per_share_4q_avg": 20.32,
            "equity": 1854162,
            "current_ratio": 140.91,
            "debt_ratio": 44.42,
            "inventory_turnover_ratio": 0.62,
            "account_receivable_turnover_ratio": 2.21,
            "reinvestment_rate": -64.99,
            "research_to_sale_ratio": 0.06,
            "price_fair": 89.34,
            "eps_avg_yearly": 2.55,
            "eps_latest_yearly": 3.2,
            "eps_growth_yearly": 316.37
        },
        "20144": {
            "year_quarter": 20144,
            "year": 2014,
            "quarter": 4,
            "eps": 0.86,
            "eps_growth_year": 77.78,
            "eps_4q": 2.43,
            "eps_4q_growth_year": 34.9,
            "roe": 3.9,
            "roe_4q": 11.280000000000001,
            "gross_profit": 190276,
            "gross_margin": 21.46,
            "gross_margin_4q_avg": 18.74,
            "net_income": 74839,
            "revenue": 886622,
            "common_shares": 799366,
            "book_valuer_per_share": 22,
            "book_valuer_per_share_4q_avg": 20.83,
            "equity": 1988657,
            "current_ratio": 152.6,
            "debt_ratio": 41.68,
            "inventory_turnover_ratio": 0.74,
            "account_receivable_turnover_ratio": 2.13,
            "reinvestment_rate": -38.79,
            "research_to_sale_ratio": 0.05,
            "price_fair": 93.54,
            "eps_avg_yearly": 2.67,
            "eps_latest_yearly": 3.44,
            "eps_growth_yearly": 323.45
        },
        "20151": {
            "year_quarter": 20151,
            "year": 2015,
            "quarter": 1,
            "eps": 1.23,
            "eps_growth_year": 192.86,
            "eps_4q": 3.25,
            "eps_4q_growth_year": 100.81,
            "roe": 4.84,
            "roe_4q": 14.290000000000001,
            "gross_profit": 169866,
            "gross_margin": 25.34,
            "gross_margin_4q_avg": 21,
            "net_income": 98392,
            "revenue": 670316,
            "common_shares": 799366,
            "book_valuer_per_share": 22.97,
            "book_valuer_per_share_4q_avg": 21.43,
            "equity": 2074073,
            "current_ratio": 172.96,
            "debt_ratio": 39.72,
            "inventory_turnover_ratio": 0.59,
            "account_receivable_turnover_ratio": 1.5,
            "reinvestment_rate": -59.17,
            "research_to_sale_ratio": 0.06,
            "price_fair": 100.45,
            "eps_avg_yearly": 2.87,
            "eps_latest_yearly": 4.92,
            "eps_growth_yearly": 330.26
        },
        "20152": {
            "year_quarter": 20152,
            "year": 2015,
            "quarter": 2,
            "eps": 0.81,
            "eps_growth_year": 113.16,
            "eps_4q": 3.59,
            "eps_4q_growth_year": 97.75,
            "roe": 3.75,
            "roe_4q": 16.240000000000002,
            "gross_profit": 187555,
            "gross_margin": 24.54,
            "gross_margin_4q_avg": 22.89,
            "net_income": 77169,
            "revenue": 764146,
            "common_shares": 799366,
            "book_valuer_per_share": 22.55,
            "book_valuer_per_share_4q_avg": 22.01,
            "equity": 2041597,
            "current_ratio": 168.3,
            "debt_ratio": 41.63,
            "inventory_turnover_ratio": 0.69,
            "account_receivable_turnover_ratio": 1.6,
            "reinvestment_rate": -68.18,
            "research_to_sale_ratio": 0.06,
            "price_fair": 103.86,
            "eps_avg_yearly": 2.97,
            "eps_latest_yearly": 3.24,
            "eps_growth_yearly": 322.86
        },
        "20153": {
            "year_quarter": 20153,
            "year": 2015,
            "quarter": 3,
            "eps": 0.98,
            "eps_growth_year": 22.5,
            "eps_4q": 3.79,
            "eps_4q_growth_year": 85.72,
            "roe": 4.19,
            "roe_4q": 16.68,
            "gross_profit": 193507,
            "gross_margin": 24.24,
            "gross_margin_4q_avg": 23.9,
            "net_income": 88304,
            "revenue": 798432,
            "common_shares": 823347,
            "book_valuer_per_share": 23.31,
            "book_valuer_per_share_4q_avg": 22.71,
            "equity": 2174515,
            "current_ratio": 187.97,
            "debt_ratio": 37.85,
            "inventory_turnover_ratio": 0.8,
            "account_receivable_turnover_ratio": 1.5,
            "reinvestment_rate": -80.53,
            "research_to_sale_ratio": 0.08,
            "price_fair": 109.29,
            "eps_avg_yearly": 3.12,
            "eps_latest_yearly": 3.92,
            "eps_growth_yearly": 331.68
        },
        "20154": {
            "year_quarter": 20154,
            "year": 2015,
            "quarter": 4,
            "eps": 0.48,
            "eps_growth_year": -43.78,
            "eps_4q": 3.45,
            "eps_4q_growth_year": 41.61,
            "roe": 2.16,
            "roe_4q": 14.940000000000001,
            "gross_profit": 133083,
            "gross_margin": 22.49,
            "gross_margin_4q_avg": 24.15,
            "net_income": 47254,
            "revenue": 591625,
            "common_shares": 823347,
            "book_valuer_per_share": 23.67,
            "book_valuer_per_share_4q_avg": 23.13,
            "equity": 2206398,
            "current_ratio": 186.04,
            "debt_ratio": 38.61,
            "inventory_turnover_ratio": 0.65,
            "account_receivable_turnover_ratio": 1.04,
            "reinvestment_rate": -96,
            "research_to_sale_ratio": 0.12,
            "price_fair": 109.73,
            "eps_avg_yearly": 3.14,
            "eps_latest_yearly": 1.92,
            "eps_growth_yearly": 314.06
        },
        "20161": {
            "year_quarter": 20161,
            "year": 2016,
            "quarter": 1,
            "eps": 0.87,
            "eps_growth_year": -29.27,
            "eps_4q": 3.13,
            "eps_4q_growth_year": -3.87,
            "roe": 3.64,
            "roe_4q": 13.740000000000002,
            "gross_profit": 130770,
            "gross_margin": 23.52,
            "gross_margin_4q_avg": 23.7,
            "net_income": 81296,
            "revenue": 556033,
            "common_shares": 823347,
            "book_valuer_per_share": 24.29,
            "book_valuer_per_share_4q_avg": 23.46,
            "equity": 2256535,
            "current_ratio": 200.28,
            "debt_ratio": 36.36,
            "inventory_turnover_ratio": 0.6,
            "account_receivable_turnover_ratio": 0.96,
            "reinvestment_rate": -93.41,
            "research_to_sale_ratio": 0.11,
            "price_fair": 113.58,
            "eps_avg_yearly": 3.25,
            "eps_latest_yearly": 3.48,
            "eps_growth_yearly": 334.37
        },
        "20162": {
            "year_quarter": 20162,
            "year": 2016,
            "quarter": 2,
            "eps": 1.6,
            "eps_growth_year": 97.53,
            "eps_4q": 3.95,
            "eps_4q_growth_year": 9.97,
            "roe": 6.45,
            "roe_4q": 16.44,
            "gross_profit": 210397,
            "gross_margin": 28.74,
            "gross_margin_4q_avg": 24.75,
            "net_income": 144070,
            "revenue": 731978,
            "common_shares": 823347,
            "book_valuer_per_share": 23.67,
            "book_valuer_per_share_4q_avg": 23.74,
            "equity": 2207341,
            "current_ratio": 195.49,
            "debt_ratio": 37.59,
            "inventory_turnover_ratio": 0.77,
            "account_receivable_turnover_ratio": 1.31,
            "reinvestment_rate": -94.68,
            "research_to_sale_ratio": 0.09,
            "price_fair": 124.34,
            "eps_avg_yearly": 3.55,
            "eps_latest_yearly": 6.4,
            "eps_growth_yearly": 358.84
        },
        "20163": {
            "year_quarter": 20163,
            "year": 2016,
            "quarter": 3,
            "eps": 1.47,
            "eps_growth_year": 50,
            "eps_4q": 4.43,
            "eps_4q_growth_year": 16.94,
            "roe": 6.01,
            "roe_4q": 18.26,
            "gross_profit": 183377,
            "gross_margin": 29.32,
            "gross_margin_4q_avg": 26.02,
            "net_income": 135297,
            "revenue": 625338,
            "common_shares": 823347,
            "book_valuer_per_share": 24.59,
            "book_valuer_per_share_4q_avg": 24.06,
            "equity": 2293194,
            "current_ratio": 218.88,
            "debt_ratio": 34.13,
            "inventory_turnover_ratio": 0.68,
            "account_receivable_turnover_ratio": 1.18,
            "reinvestment_rate": -151.59,
            "research_to_sale_ratio": 0.11,
            "price_fair": 105.61,
            "eps_avg_yearly": 3.02,
            "eps_latest_yearly": 5.88,
            "eps_growth_yearly": 137.89
        },
        "20164": {
            "year_quarter": 20164,
            "year": 2016,
            "quarter": 4,
            "eps": 0.79,
            "eps_growth_year": 64.42,
            "eps_4q": 4.74,
            "eps_4q_growth_year": 37.53,
            "roe": 3.45,
            "roe_4q": 19.55,
            "gross_profit": 229376,
            "gross_margin": 32.92,
            "gross_margin_4q_avg": 28.63,
            "net_income": 80277,
            "revenue": 696846,
            "common_shares": 823347,
            "book_valuer_per_share": 25.28,
            "book_valuer_per_share_4q_avg": 24.46,
            "equity": 2366069,
            "current_ratio": 207.37,
            "debt_ratio": 35.76,
            "inventory_turnover_ratio": 0.69,
            "account_receivable_turnover_ratio": 1.27,
            "reinvestment_rate": -140.96,
            "research_to_sale_ratio": 0.06,
            "price_fair": 109.81,
            "eps_avg_yearly": 3.14,
            "eps_latest_yearly": 3.16,
            "eps_growth_yearly": 149.18
        },
        "20171": {
            "year_quarter": 20171,
            "year": 2017,
            "quarter": 1,
            "eps": 0.69,
            "eps_growth_year": -20.69,
            "eps_4q": 4.56,
            "eps_4q_growth_year": 45.91,
            "roe": 2.49,
            "roe_4q": 18.4,
            "gross_profit": 179273,
            "gross_margin": 31.46,
            "gross_margin_4q_avg": 30.61,
            "net_income": 58401,
            "revenue": 569832,
            "common_shares": 823347,
            "book_valuer_per_share": 24.94,
            "book_valuer_per_share_4q_avg": 24.62,
            "equity": 2320222,
            "current_ratio": 186.31,
            "debt_ratio": 38.73,
            "inventory_turnover_ratio": 0.5,
            "account_receivable_turnover_ratio": 1.15,
            "reinvestment_rate": -9.51,
            "research_to_sale_ratio": 0.07,
            "price_fair": 110.08,
            "eps_avg_yearly": 3.15,
            "eps_latest_yearly": 2.76,
            "eps_growth_yearly": 117.79
        },
        "20172": {
            "year_quarter": 20172,
            "year": 2017,
            "quarter": 2,
            "eps": 0.64,
            "eps_growth_year": -60,
            "eps_4q": 3.54,
            "eps_4q_growth_year": -10.35,
            "roe": 3.1,
            "roe_4q": 15.049999999999999,
            "gross_profit": 176107,
            "gross_margin": 24.72,
            "gross_margin_4q_avg": 29.61,
            "net_income": 70614,
            "revenue": 712441,
            "common_shares": 823347,
            "book_valuer_per_share": 23.67,
            "book_valuer_per_share_4q_avg": 24.62,
            "equity": 2236712,
            "current_ratio": 161.62,
            "debt_ratio": 42.81,
            "inventory_turnover_ratio": 0.61,
            "account_receivable_turnover_ratio": 1.53,
            "reinvestment_rate": -3.58,
            "research_to_sale_ratio": 0.07,
            "price_fair": 114.63,
            "eps_avg_yearly": 3.28,
            "eps_latest_yearly": 2.56,
            "eps_growth_yearly": 136.43
        },
        "20173": {
            "year_quarter": 20173,
            "year": 2017,
            "quarter": 3,
            "eps": 0.43,
            "eps_growth_year": -70.75,
            "eps_4q": 2.52,
            "eps_4q_growth_year": -43.02,
            "roe": 2.05,
            "roe_4q": 11.09,
            "gross_profit": 199872,
            "gross_margin": 26.82,
            "gross_margin_4q_avg": 28.98,
            "net_income": 46902,
            "revenue": 745225,
            "common_shares": 839713,
            "book_valuer_per_share": 23.75,
            "book_valuer_per_share_4q_avg": 24.41,
            "equity": 2336455,
            "current_ratio": 174.65,
            "debt_ratio": 39.16,
            "inventory_turnover_ratio": 0.59,
            "account_receivable_turnover_ratio": 1.41,
            "reinvestment_rate": -0.11,
            "research_to_sale_ratio": 0.06,
            "price_fair": 113.14,
            "eps_avg_yearly": 3.23,
            "eps_latest_yearly": 1.72,
            "eps_growth_yearly": 28.23
        },
        "20174": {
            "year_quarter": 20174,
            "year": 2017,
            "quarter": 4,
            "eps": 1.07,
            "eps_growth_year": 35,
            "eps_4q": 2.82,
            "eps_4q_growth_year": -40.55,
            "roe": 4.21,
            "roe_4q": 11.85,
            "gross_profit": 242515,
            "gross_margin": 28.94,
            "gross_margin_4q_avg": 27.99,
            "net_income": 99920,
            "revenue": 837956,
            "common_shares": 839713,
            "book_valuer_per_share": 24.49,
            "book_valuer_per_share_4q_avg": 24.21,
            "equity": 2404789,
            "current_ratio": 196.62,
            "debt_ratio": 39.64,
            "inventory_turnover_ratio": 0.63,
            "account_receivable_turnover_ratio": 1.55,
            "reinvestment_rate": -1.38,
            "research_to_sale_ratio": 0.07,
            "price_fair": 118.3,
            "eps_avg_yearly": 3.38,
            "eps_latest_yearly": 4.28,
            "eps_growth_yearly": 70.44
        },
        "20181": {
            "year_quarter": 20181,
            "year": 2018,
            "quarter": 1,
            "eps": 0.57,
            "eps_growth_year": -17.39,
            "eps_4q": 2.71,
            "eps_4q_growth_year": -40.58,
            "roe": 2.15,
            "roe_4q": 11.51,
            "gross_profit": 167878,
            "gross_margin": 24.2,
            "gross_margin_4q_avg": 26.17,
            "net_income": 52151,
            "revenue": 693587,
            "common_shares": 839713,
            "book_valuer_per_share": 25.06,
            "book_valuer_per_share_4q_avg": 24.24,
            "equity": 2451891,
            "current_ratio": 211.15,
            "debt_ratio": 36.8,
            "inventory_turnover_ratio": 0.53,
            "account_receivable_turnover_ratio": 1.39,
            "reinvestment_rate": -3.58,
            "research_to_sale_ratio": 0.07,
            "price_fair": 119.61,
            "eps_avg_yearly": 3.42,
            "eps_latest_yearly": 2.28,
            "eps_growth_yearly": 61.88
        },
        "20182": {
            "year_quarter": 20182,
            "year": 2018,
            "quarter": 2,
            "eps": 1.51,
            "eps_growth_year": 135.94,
            "eps_4q": 3.58,
            "eps_4q_growth_year": 1.26,
            "roe": 5.27,
            "roe_4q": 13.68,
            "gross_profit": 246322,
            "gross_margin": 26.68,
            "gross_margin_4q_avg": 26.66,
            "net_income": 129304,
            "revenue": 923357,
            "common_shares": 839713,
            "book_valuer_per_share": 25.02,
            "book_valuer_per_share_4q_avg": 24.58,
            "equity": 2458342,
            "current_ratio": 200.36,
            "debt_ratio": 41.06,
            "inventory_turnover_ratio": 0.67,
            "account_receivable_turnover_ratio": 1.67,
            "reinvestment_rate": -1.49,
            "research_to_sale_ratio": 0.06,
            "price_fair": 129.5,
            "eps_avg_yearly": 3.7,
            "eps_latest_yearly": 6.04,
            "eps_growth_yearly": 105.49
        },
        "20183": {
            "year_quarter": 20183,
            "year": 2018,
            "quarter": 3,
            "eps": 1.35,
            "eps_growth_year": 213.95,
            "eps_4q": 4.5,
            "eps_4q_growth_year": 78.35,
            "roe": 4.49,
            "roe_4q": 16.12,
            "gross_profit": 242516,
            "gross_margin": 27.26,
            "gross_margin_4q_avg": 26.77,
            "net_income": 112065,
            "revenue": 889581,
            "common_shares": 839713,
            "book_valuer_per_share": 25.8,
            "book_valuer_per_share_4q_avg": 25.09,
            "equity": 2532094,
            "current_ratio": 207.37,
            "debt_ratio": 40.41,
            "inventory_turnover_ratio": 0.66,
            "account_receivable_turnover_ratio": 1.33,
            "reinvestment_rate": -3.76,
            "research_to_sale_ratio": 0.05,
            "price_fair": 134.31,
            "eps_avg_yearly": 3.84,
            "eps_latest_yearly": 5.4,
            "eps_growth_yearly": 75.21
        },
        "20184": {
            "year_quarter": 20184,
            "year": 2018,
            "quarter": 4,
            "eps": 0.97,
            "eps_growth_year": -9.14,
            "eps_4q": 4.38,
            "eps_4q_growth_year": 55.55,
            "roe": 3.45,
            "roe_4q": 15.360000000000001,
            "gross_profit": 227201,
            "gross_margin": 27.25,
            "gross_margin_4q_avg": 26.35,
            "net_income": 89646,
            "revenue": 833794,
            "common_shares": 839713,
            "book_valuer_per_share": 27.07,
            "book_valuer_per_share_4q_avg": 25.74,
            "equity": 2667107,
            "current_ratio": 222.77,
            "debt_ratio": 38.5,
            "inventory_turnover_ratio": 0.63,
            "account_receivable_turnover_ratio": 1.11,
            "reinvestment_rate": -3.47,
            "research_to_sale_ratio": 0.06,
            "price_fair": 135.28,
            "eps_avg_yearly": 3.87,
            "eps_latest_yearly": 3.88,
            "eps_growth_yearly": 66.29
        },
        "20191": {
            "year_quarter": 20191,
            "year": 2019,
            "quarter": 1,
            "eps": 0.58,
            "eps_growth_year": 1.75,
            "eps_4q": 4.4,
            "eps_4q_growth_year": 62.13,
            "roe": 1.8,
            "roe_4q": 15.01,
            "gross_profit": 139483,
            "gross_margin": 23.35,
            "gross_margin_4q_avg": 26.14,
            "net_income": 48885,
            "revenue": 597244,
            "common_shares": 839713,
            "book_valuer_per_share": 27.99,
            "book_valuer_per_share_4q_avg": 26.47,
            "equity": 2750589,
            "current_ratio": 237.07,
            "debt_ratio": 36.58,
            "inventory_turnover_ratio": 0.46,
            "account_receivable_turnover_ratio": 0.76,
            "reinvestment_rate": 8.43,
            "research_to_sale_ratio": 0.08,
            "price_fair": 129.59,
            "eps_avg_yearly": 3.7,
            "eps_latest_yearly": 2.32,
            "eps_growth_yearly": 45.49
        },
        "20192": {
            "year_quarter": 20192,
            "year": 2019,
            "quarter": 2,
            "eps": 1.09,
            "eps_growth_year": -27.81,
            "eps_4q": 3.99,
            "eps_4q_growth_year": 11.41,
            "roe": 3.32,
            "roe_4q": 13.06,
            "gross_profit": 204200,
            "gross_margin": 26.62,
            "gross_margin_4q_avg": 26.12,
            "net_income": 89139,
            "revenue": 767102,
            "common_shares": 839713,
            "book_valuer_per_share": 26.49,
            "book_valuer_per_share_4q_avg": 26.84,
            "equity": 2622614,
            "current_ratio": 202.25,
            "debt_ratio": 40.85,
            "inventory_turnover_ratio": 0.54,
            "account_receivable_turnover_ratio": 1.04,
            "reinvestment_rate": 9.88,
            "research_to_sale_ratio": 0.07,
            "price_fair": 132.04,
            "eps_avg_yearly": 3.77,
            "eps_latest_yearly": 4.36,
            "eps_growth_yearly": 76.01
        },
        "20193": {
            "year_quarter": 20193,
            "year": 2019,
            "quarter": 3,
            "eps": 0.85,
            "eps_growth_year": -37.04,
            "eps_4q": 3.5,
            "eps_4q_growth_year": -22.29,
            "roe": 2.75,
            "roe_4q": 11.32,
            "gross_profit": 176335,
            "gross_margin": 23.73,
            "gross_margin_4q_avg": 25.24,
            "net_income": 72951,
            "revenue": 743185,
            "common_shares": 839713,
            "book_valuer_per_share": 27.17,
            "book_valuer_per_share_4q_avg": 27.18,
            "equity": 2674605,
            "current_ratio": 198.16,
            "debt_ratio": 39.71,
            "inventory_turnover_ratio": 0.53,
            "account_receivable_turnover_ratio": 1,
            "reinvestment_rate": 23.74,
            "research_to_sale_ratio": 0.07,
            "price_fair": 130.9,
            "eps_avg_yearly": 3.74,
            "eps_latest_yearly": 3.4,
            "eps_growth_yearly": 65.25
        },
        "20194": {
            "year_quarter": 20194,
            "year": 2019,
            "quarter": 4,
            "eps": 1.06,
            "eps_growth_year": 9.13,
            "eps_4q": 3.59,
            "eps_4q_growth_year": -18.15,
            "roe": 3.24,
            "roe_4q": 11.110000000000001,
            "gross_profit": 194881,
            "gross_margin": 24.63,
            "gross_margin_4q_avg": 24.58,
            "net_income": 87399,
            "revenue": 791246,
            "common_shares": 839713,
            "book_valuer_per_share": 27.78,
            "book_valuer_per_share_4q_avg": 27.36,
            "equity": 2714793,
            "current_ratio": 214.32,
            "debt_ratio": 36.33,
            "inventory_turnover_ratio": 0.58,
            "account_receivable_turnover_ratio": 1.08,
            "reinvestment_rate": 20.68,
            "research_to_sale_ratio": 0.06,
            "price_fair": 135.98,
            "eps_avg_yearly": 3.89,
            "eps_latest_yearly": 4.24,
            "eps_growth_yearly": 84.19
        },
        "20201": {
            "year_quarter": 20201,
            "year": 2020,
            "quarter": 1,
            "eps": 0.28,
            "eps_growth_year": -51.72,
            "eps_4q": 3.28,
            "eps_4q_growth_year": -25.31,
            "roe": -0.09,
            "roe_4q": 9.22,
            "gross_profit": 139765,
            "gross_margin": 29.04,
            "gross_margin_4q_avg": 26.01,
            "net_income": -2381,
            "revenue": 481290,
            "common_shares": 839713,
            "book_valuer_per_share": 27.71,
            "book_valuer_per_share_4q_avg": 27.29,
            "equity": 2665442,
            "current_ratio": 229.78,
            "debt_ratio": 37.72,
            "inventory_turnover_ratio": 0.33,
            "account_receivable_turnover_ratio": 0.71,
            "reinvestment_rate": 21.3,
            "research_to_sale_ratio": 0.1,
            "price_fair": 130.81,
            "eps_avg_yearly": 3.74,
            "eps_latest_yearly": 1.12,
            "eps_growth_yearly": 45.48
        },
        "20202": {
            "year_quarter": 20202,
            "year": 2020,
            "quarter": 2,
            "eps": 1.03,
            "eps_growth_year": -5.5,
            "eps_4q": 3.21,
            "eps_4q_growth_year": -19.44,
            "roe": 4.18,
            "roe_4q": 10.08,
            "gross_profit": 150790,
            "gross_margin": 21.85,
            "gross_margin_4q_avg": 24.81,
            "net_income": 110162,
            "revenue": 690108,
            "common_shares": 839713,
            "book_valuer_per_share": 26.61,
            "book_valuer_per_share_4q_avg": 27.32,
            "equity": 2601356,
            "current_ratio": 211,
            "debt_ratio": 40.12,
            "inventory_turnover_ratio": 0.53,
            "account_receivable_turnover_ratio": 1.05,
            "reinvestment_rate": 21.78,
            "research_to_sale_ratio": 0.08,
            "price_fair": 125.83,
            "eps_avg_yearly": 3.6,
            "eps_latest_yearly": 4.12,
            "eps_growth_yearly": 91.47
        },
        "20203": {
            "year_quarter": 20203,
            "year": 2020,
            "quarter": 3,
            "eps": 1.89,
            "eps_growth_year": 122.35,
            "eps_4q": 4.26,
            "eps_4q_growth_year": 21.74,
            "roe": 9.51,
            "roe_4q": 16.84,
            "gross_profit": 219638,
            "gross_margin": 28.67,
            "gross_margin_4q_avg": 26.05,
            "net_income": 256555,
            "revenue": 766028,
            "common_shares": 839713,
            "book_valuer_per_share": 28.2,
            "book_valuer_per_share_4q_avg": 27.58,
            "equity": 2792514,
            "current_ratio": 280.43,
            "debt_ratio": 32.85,
            "inventory_turnover_ratio": 0.6,
            "account_receivable_turnover_ratio": 1.15,
            "reinvestment_rate": 20,
            "research_to_sale_ratio": 0.07,
            "price_fair": 129.5,
            "eps_avg_yearly": 3.7,
            "eps_latest_yearly": 7.56,
            "eps_growth_yearly": 114.37
        },
        "20204": {
            "year_quarter": 20204,
            "year": 2020,
            "quarter": 4,
            "eps": 0.56,
            "eps_growth_year": -47.02,
            "eps_4q": 3.76,
            "eps_4q_growth_year": 4.77,
            "roe": 1.66,
            "roe_4q": 15.26,
            "gross_profit": 201906,
            "gross_margin": 29.07,
            "gross_margin_4q_avg": 27.16,
            "net_income": 46756,
            "revenue": 694653,
            "common_shares": 839713,
            "book_valuer_per_share": 28.89,
            "book_valuer_per_share_4q_avg": 27.85,
            "equity": 2853477,
            "current_ratio": 273.49,
            "debt_ratio": 32.41,
            "inventory_turnover_ratio": 0.54,
            "account_receivable_turnover_ratio": 1.01,
            "reinvestment_rate": 17.73,
            "research_to_sale_ratio": 0.08,
            "price_fair": 127.49,
            "eps_avg_yearly": 3.64,
            "eps_latest_yearly": 2.24,
            "eps_growth_yearly": 108.34
        },
        "20211": {
            "year_quarter": 20211,
            "year": 2021,
            "quarter": 1,
            "eps": 1.12,
            "eps_growth_year": 300,
            "eps_4q": 4.6,
            "eps_4q_growth_year": 40.12,
            "roe": 3.31,
            "roe_4q": 18.66,
            "gross_profit": 222986,
            "gross_margin": 32.46,
            "gross_margin_4q_avg": 28.01,
            "net_income": 95750,
            "revenue": 686962,
            "common_shares": 839713,
            "book_valuer_per_share": 29.93,
            "book_valuer_per_share_4q_avg": 28.41,
            "equity": 2924227,
            "current_ratio": 279.38,
            "debt_ratio": 32.22,
            "inventory_turnover_ratio": 0.49,
            "account_receivable_turnover_ratio": 0.95,
            "reinvestment_rate": 18.58,
            "research_to_sale_ratio": 0.18,
            "price_fair": 131.25,
            "eps_avg_yearly": 3.75,
            "eps_latest_yearly": 4.48,
            "eps_growth_yearly": 136.51
        },
        "20212": {
            "year_quarter": 20212,
            "year": 2021,
            "quarter": 2,
            "eps": 1.18,
            "eps_growth_year": 14.56,
            "eps_4q": 4.76,
            "eps_4q_growth_year": 48.03,
            "roe": 3.47,
            "roe_4q": 17.95,
            "gross_profit": 223655,
            "gross_margin": 33.86,
            "gross_margin_4q_avg": 31.02,
            "net_income": 102502,
            "revenue": 660613,
            "common_shares": 839713,
            "book_valuer_per_share": 30.8,
            "book_valuer_per_share_4q_avg": 29.46,
            "equity": 2991692,
            "current_ratio": 289.61,
            "debt_ratio": 31.05,
            "inventory_turnover_ratio": 0.44,
            "account_receivable_turnover_ratio": 1.02,
            "reinvestment_rate": 10.9,
            "research_to_sale_ratio": 0.08,
            "price_fair": 135.98,
            "eps_avg_yearly": 3.89,
            "eps_latest_yearly": 4.72,
            "eps_growth_yearly": 139.66
        },
        "20213": {
            "year_quarter": 20213,
            "year": 2021,
            "quarter": 3,
            "eps": 0.43,
            "eps_growth_year": -77.25,
            "eps_4q": 3.3,
            "eps_4q_growth_year": -22.58,
            "roe": 1.08,
            "roe_4q": 9.520000000000001,
            "gross_profit": 94653,
            "gross_margin": 19.19,
            "gross_margin_4q_avg": 28.65,
            "net_income": 31356,
            "revenue": 493366,
            "common_shares": 839713,
            "book_valuer_per_share": 28.84,
            "book_valuer_per_share_4q_avg": 29.62,
            "equity": 2827197,
            "current_ratio": 257.95,
            "debt_ratio": 33.51,
            "inventory_turnover_ratio": 0.39,
            "account_receivable_turnover_ratio": 0.86,
            "reinvestment_rate": 8.55,
            "research_to_sale_ratio": 0.25,
            "price_fair": 135.98,
            "eps_avg_yearly": 3.89,
            "eps_latest_yearly": 1.72,
            "eps_growth_yearly": 131.97
        },
        "20214": {
            "year_quarter": 20214,
            "year": 2021,
            "quarter": 4,
            "eps": 0.38,
            "eps_growth_year": -31.79,
            "eps_4q": 3.12,
            "eps_4q_growth_year": -17.04,
            "roe": 1.25,
            "roe_4q": 9.110000000000001,
            "gross_profit": 152690,
            "gross_margin": 28.37,
            "gross_margin_4q_avg": 28.47,
            "net_income": 35504,
            "revenue": 538282,
            "common_shares": 839713,
            "book_valuer_per_share": 29.28,
            "book_valuer_per_share_4q_avg": 29.71,
            "equity": 2865844,
            "current_ratio": 255.93,
            "debt_ratio": 33.28,
            "inventory_turnover_ratio": 0.37,
            "account_receivable_turnover_ratio": 0.91,
            "reinvestment_rate": 7.15,
            "research_to_sale_ratio": 0.1,
            "price_fair": 129.94,
            "eps_avg_yearly": 3.71,
            "eps_latest_yearly": 1.52,
            "eps_growth_yearly": 91.85
        },
        "20221": {
            "year_quarter": 20221,
            "year": 2022,
            "quarter": 1,
            "eps": 0.42,
            "eps_growth_year": -62.5,
            "eps_4q": 2.42,
            "eps_4q_growth_year": -47.32,
            "roe": 1.27,
            "roe_4q": 7.07,
            "gross_profit": 172304,
            "gross_margin": 28.55,
            "gross_margin_4q_avg": 27.49,
            "net_income": 37096,
            "revenue": 603433,
            "common_shares": 839713,
            "book_valuer_per_share": 30.47,
            "book_valuer_per_share_4q_avg": 29.85,
            "equity": 2977003,
            "current_ratio": 260.02,
            "debt_ratio": 32.54,
            "inventory_turnover_ratio": 0.38,
            "account_receivable_turnover_ratio": 1.03,
            "reinvestment_rate": 10.46,
            "research_to_sale_ratio": 0.15,
            "price_fair": 128.63,
            "eps_avg_yearly": 3.68,
            "eps_latest_yearly": 1.68,
            "eps_growth_yearly": 106.17
        },
        "20222": {
            "year_quarter": 20222,
            "year": 2022,
            "quarter": 2,
            "eps": 1.19,
            "eps_growth_year": 0.85,
            "eps_4q": 2.43,
            "eps_4q_growth_year": -48.83,
            "roe": 3.39,
            "roe_4q": 6.99,
            "gross_profit": 230504,
            "gross_margin": 28.92,
            "gross_margin_4q_avg": 26.26,
            "net_income": 99899,
            "revenue": 797090,
            "common_shares": 839713,
            "book_valuer_per_share": 29.6,
            "book_valuer_per_share_4q_avg": 29.55,
            "equity": 2909037,
            "current_ratio": 217.19,
            "debt_ratio": 36.39,
            "inventory_turnover_ratio": 0.47,
            "account_receivable_turnover_ratio": 1.29,
            "reinvestment_rate": 6.71,
            "research_to_sale_ratio": 0.07,
            "price_fair": 125.83,
            "eps_avg_yearly": 3.6,
            "eps_latest_yearly": 4.76,
            "eps_growth_yearly": 110.77
        },
        "20223": {
            "year_quarter": 20223,
            "year": 2022,
            "quarter": 3,
            "eps": 1.44,
            "eps_growth_year": 234.88,
            "eps_4q": 3.45,
            "eps_4q_growth_year": 4.58,
            "roe": 4.01,
            "roe_4q": 9.92,
            "gross_profit": 268663,
            "gross_margin": 29.31,
            "gross_margin_4q_avg": 28.79,
            "net_income": 120449,
            "revenue": 916560,
            "common_shares": 839713,
            "book_valuer_per_share": 31.74,
            "book_valuer_per_share_4q_avg": 30.27,
            "equity": 3105366,
            "current_ratio": 232.71,
            "debt_ratio": 34.58,
            "inventory_turnover_ratio": 0.54,
            "account_receivable_turnover_ratio": 1.22,
            "reinvestment_rate": 14.5,
            "research_to_sale_ratio": 0.06,
            "price_fair": 126.61,
            "eps_avg_yearly": 3.62,
            "eps_latest_yearly": 5.76,
            "eps_growth_yearly": 118.67
        },
        "20224": {
            "year_quarter": 20224,
            "year": 2022,
            "quarter": 4,
            "eps": 1.74,
            "eps_growth_year": 351.32,
            "eps_4q": 4.8,
            "eps_4q_growth_year": 53.9,
            "roe": 4.6,
            "roe_4q": 13.27,
            "gross_profit": 292871,
            "gross_margin": 30.83,
            "gross_margin_4q_avg": 29.4,
            "net_income": 144314,
            "revenue": 949877,
            "common_shares": 839713,
            "book_valuer_per_share": 32.66,
            "book_valuer_per_share_4q_avg": 31.12,
            "equity": 3163955,
            "current_ratio": 235.49,
            "debt_ratio": 34.55,
            "inventory_turnover_ratio": 0.58,
            "account_receivable_turnover_ratio": 1.1,
            "reinvestment_rate": 8.02,
            "research_to_sale_ratio": 0.16,
            "price_fair": 133.35,
            "eps_avg_yearly": 3.81,
            "eps_latest_yearly": 6.96,
            "eps_growth_yearly": 130.92
        },
        "20231": {
            "year_quarter": 20231,
            "year": 2023,
            "quarter": 1,
            "eps": 0.79,
            "eps_growth_year": 88.1,
            "eps_4q": 5.16,
            "eps_4q_growth_year": 113.03,
            "roe": 2.15,
            "roe_4q": 14.15,
            "gross_profit": 159590,
            "gross_margin": 24.74,
            "gross_margin_4q_avg": 28.45,
            "net_income": 68850,
            "revenue": 644950,
            "common_shares": 839713,
            "book_valuer_per_share": 33.51,
            "book_valuer_per_share_4q_avg": 31.88,
            "equity": 3239290,
            "current_ratio": 263.82,
            "debt_ratio": 32.76,
            "inventory_turnover_ratio": 0.42,
            "account_receivable_turnover_ratio": 0.83,
            "reinvestment_rate": 7.72,
            "research_to_sale_ratio": 0.08,
            "price_fair": 135.19,
            "eps_avg_yearly": 3.86,
            "eps_latest_yearly": 3.16,
            "eps_growth_yearly": 127.32
        }
    },
    "months": {
        "2001-06": {
            "month": "2001-06",
            "price": "7.79",
            "revenue": 80120
        },
        "2001-07": {
            "month": "2001-07",
            "price": "7.50",
            "revenue": 50899
        },
        "2001-08": {
            "month": "2001-08",
            "price": "7.03",
            "revenue": 80829
        },
        "2001-09": {
            "month": "2001-09",
            "price": "6.92",
            "revenue": 78441
        },
        "2001-10": {
            "month": "2001-10",
            "price": "6.95",
            "revenue": 52042
        },
        "2001-11": {
            "month": "2001-11",
            "price": "6.58",
            "revenue": 50589
        },
        "2001-12": {
            "month": "2001-12",
            "price": "6.75",
            "revenue": 86716
        },
        "2002-01": {
            "month": "2002-01",
            "price": "10.41",
            "revenue": 73956
        },
        "2002-02": {
            "month": "2002-02",
            "price": "13.22",
            "revenue": 43638
        },
        "2002-03": {
            "month": "2002-03",
            "price": "13.33",
            "revenue": 67019
        },
        "2002-04": {
            "month": "2002-04",
            "price": "12.98",
            "revenue": 58693
        },
        "2002-05": {
            "month": "2002-05",
            "price": "15.35",
            "revenue": 65149
        },
        "2002-06": {
            "month": "2002-06",
            "price": "15.36",
            "revenue": 65709
        },
        "2002-07": {
            "month": "2002-07",
            "price": "20.87",
            "revenue": 72493
        },
        "2002-08": {
            "month": "2002-08",
            "price": "19.89",
            "revenue": 76975
        },
        "2002-09": {
            "month": "2002-09",
            "price": "20.72",
            "revenue": 89003
        },
        "2002-10": {
            "month": "2002-10",
            "price": "14.22",
            "revenue": 74271
        },
        "2002-11": {
            "month": "2002-11",
            "price": "14.58",
            "revenue": 76224
        },
        "2002-12": {
            "month": "2002-12",
            "price": "14.95",
            "revenue": 111859
        },
        "2003-01": {
            "month": "2003-01",
            "price": "15.88",
            "revenue": 75479
        },
        "2003-02": {
            "month": "2003-02",
            "price": "16.44",
            "revenue": 64890
        },
        "2003-03": {
            "month": "2003-03",
            "price": "15.84",
            "revenue": 85807
        },
        "2003-04": {
            "month": "2003-04",
            "price": "11.10",
            "revenue": 76283
        },
        "2003-05": {
            "month": "2003-05",
            "price": "8.44",
            "revenue": 60231
        },
        "2003-06": {
            "month": "2003-06",
            "price": "9.24",
            "revenue": 83030
        },
        "2003-07": {
            "month": "2003-07",
            "price": "9.15",
            "revenue": 79953
        },
        "2003-08": {
            "month": "2003-08",
            "price": "9.19",
            "revenue": 52560
        },
        "2003-09": {
            "month": "2003-09",
            "price": "8.09",
            "revenue": 93549
        },
        "2003-10": {
            "month": "2003-10",
            "price": "8.12",
            "revenue": 79518
        },
        "2003-11": {
            "month": "2003-11",
            "price": "9.09",
            "revenue": 106598
        },
        "2003-12": {
            "month": "2003-12",
            "price": "9.14",
            "revenue": 80863
        },
        "2004-01": {
            "month": "2004-01",
            "price": "9.63",
            "revenue": 74657
        },
        "2004-02": {
            "month": "2004-02",
            "price": "10.84",
            "revenue": 100176
        },
        "2004-03": {
            "month": "2004-03",
            "price": "10.42",
            "revenue": 119724
        },
        "2004-04": {
            "month": "2004-04",
            "price": "10.47",
            "revenue": 109906
        },
        "2004-05": {
            "month": "2004-05",
            "price": "10.09",
            "revenue": 95817
        },
        "2004-06": {
            "month": "2004-06",
            "price": "10.00",
            "revenue": 113508
        },
        "2004-07": {
            "month": "2004-07",
            "price": "9.22",
            "revenue": 97192
        },
        "2004-08": {
            "month": "2004-08",
            "price": "8.88",
            "revenue": 102169
        },
        "2004-09": {
            "month": "2004-09",
            "price": "9.22",
            "revenue": 86470
        },
        "2004-10": {
            "month": "2004-10",
            "price": "9.07",
            "revenue": 99198
        },
        "2004-11": {
            "month": "2004-11",
            "price": "8.78",
            "revenue": 105594
        },
        "2004-12": {
            "month": "2004-12",
            "price": "8.78",
            "revenue": 76891
        },
        "2005-01": {
            "month": "2005-01",
            "price": "8.72",
            "revenue": 78019
        },
        "2005-02": {
            "month": "2005-02",
            "price": "8.72",
            "revenue": 76217
        },
        "2005-03": {
            "month": "2005-03",
            "price": "8.46",
            "revenue": 109616
        },
        "2005-04": {
            "month": "2005-04",
            "price": "8.15",
            "revenue": 141469
        },
        "2005-05": {
            "month": "2005-05",
            "price": "7.71",
            "revenue": 84874
        },
        "2005-06": {
            "month": "2005-06",
            "price": "7.81",
            "revenue": 120783
        },
        "2005-07": {
            "month": "2005-07",
            "price": "8.07",
            "revenue": 85366
        },
        "2005-08": {
            "month": "2005-08",
            "price": "8.02",
            "revenue": 115139
        },
        "2005-09": {
            "month": "2005-09",
            "price": "7.98",
            "revenue": 106448
        },
        "2005-10": {
            "month": "2005-10",
            "price": "7.74",
            "revenue": 118390
        },
        "2005-11": {
            "month": "2005-11",
            "price": "7.53",
            "revenue": 117884
        },
        "2005-12": {
            "month": "2005-12",
            "price": "7.87",
            "revenue": 90727
        },
        "2006-01": {
            "month": "2006-01",
            "price": "7.96",
            "revenue": 102684
        },
        "2006-02": {
            "month": "2006-02",
            "price": "8.00",
            "revenue": 65927
        },
        "2006-03": {
            "month": "2006-03",
            "price": "7.89",
            "revenue": 152231
        },
        "2006-04": {
            "month": "2006-04",
            "price": "8.10",
            "revenue": 132806
        },
        "2006-05": {
            "month": "2006-05",
            "price": "8.63",
            "revenue": 158728
        },
        "2006-06": {
            "month": "2006-06",
            "price": "8.32",
            "revenue": 125706
        },
        "2006-07": {
            "month": "2006-07",
            "price": "8.79",
            "revenue": 133559
        },
        "2006-08": {
            "month": "2006-08",
            "price": "9.02",
            "revenue": 125256
        },
        "2006-09": {
            "month": "2006-09",
            "price": "9.36",
            "revenue": 122267
        },
        "2006-10": {
            "month": "2006-10",
            "price": "11.05",
            "revenue": 138086
        },
        "2006-11": {
            "month": "2006-11",
            "price": "12.69",
            "revenue": 114786
        },
        "2006-12": {
            "month": "2006-12",
            "price": "13.60",
            "revenue": 132854
        },
        "2007-01": {
            "month": "2007-01",
            "price": "14.33",
            "revenue": 140941
        },
        "2007-02": {
            "month": "2007-02",
            "price": "14.97",
            "revenue": 103365
        },
        "2007-03": {
            "month": "2007-03",
            "price": "22.47",
            "revenue": 100397
        },
        "2007-04": {
            "month": "2007-04",
            "price": "25.96",
            "revenue": 162072
        },
        "2007-05": {
            "month": "2007-05",
            "price": "23.33",
            "revenue": 132015
        },
        "2007-06": {
            "month": "2007-06",
            "price": "26.84",
            "revenue": 155888
        },
        "2007-07": {
            "month": "2007-07",
            "price": "29.01",
            "revenue": 173498
        },
        "2007-08": {
            "month": "2007-08",
            "price": "28.14",
            "revenue": 145494
        },
        "2007-09": {
            "month": "2007-09",
            "price": "28.65",
            "revenue": 135720
        },
        "2007-10": {
            "month": "2007-10",
            "price": "27.06",
            "revenue": 124433
        },
        "2007-11": {
            "month": "2007-11",
            "price": "24.51",
            "revenue": 139198
        },
        "2007-12": {
            "month": "2007-12",
            "price": "23.04",
            "revenue": 218957
        },
        "2008-01": {
            "month": "2008-01",
            "price": "22.10",
            "revenue": 158746
        },
        "2008-02": {
            "month": "2008-02",
            "price": "19.97",
            "revenue": 90722
        },
        "2008-03": {
            "month": "2008-03",
            "price": "20.47",
            "revenue": 158107
        },
        "2008-04": {
            "month": "2008-04",
            "price": "21.82",
            "revenue": 146362
        },
        "2008-05": {
            "month": "2008-05",
            "price": "21.87",
            "revenue": 154406
        },
        "2008-06": {
            "month": "2008-06",
            "price": "19.76",
            "revenue": 183617
        },
        "2008-07": {
            "month": "2008-07",
            "price": "19.56",
            "revenue": 117196
        },
        "2008-08": {
            "month": "2008-08",
            "price": "18.54",
            "revenue": 155036
        },
        "2008-09": {
            "month": "2008-09",
            "price": "16.32",
            "revenue": 128028
        },
        "2008-10": {
            "month": "2008-10",
            "price": "15.60",
            "revenue": 153987
        },
        "2008-11": {
            "month": "2008-11",
            "price": "12.92",
            "revenue": 145155
        },
        "2008-12": {
            "month": "2008-12",
            "price": "10.00",
            "revenue": 133579
        },
        "2009-01": {
            "month": "2009-01",
            "price": "9.90",
            "revenue": 120923
        },
        "2009-02": {
            "month": "2009-02",
            "price": "10.15",
            "revenue": 91427
        },
        "2009-03": {
            "month": "2009-03",
            "price": "12.05",
            "revenue": 120164
        },
        "2009-04": {
            "month": "2009-04",
            "price": "13.31",
            "revenue": 96995
        },
        "2009-05": {
            "month": "2009-05",
            "price": "13.31",
            "revenue": 85092
        },
        "2009-06": {
            "month": "2009-06",
            "price": "14.75",
            "revenue": 145560
        },
        "2009-07": {
            "month": "2009-07",
            "price": "13.75",
            "revenue": 120883
        },
        "2009-08": {
            "month": "2009-08",
            "price": "12.87",
            "revenue": 113606
        },
        "2009-09": {
            "month": "2009-09",
            "price": "13.82",
            "revenue": 131789
        },
        "2009-10": {
            "month": "2009-10",
            "price": "16.62",
            "revenue": 107574
        },
        "2009-11": {
            "month": "2009-11",
            "price": "23.77",
            "revenue": 95993
        },
        "2009-12": {
            "month": "2009-12",
            "price": "25.96",
            "revenue": 86844
        },
        "2010-01": {
            "month": "2010-01",
            "price": "29.05",
            "revenue": 74135
        },
        "2010-02": {
            "month": "2010-02",
            "price": "22.83",
            "revenue": 69274
        },
        "2010-03": {
            "month": "2010-03",
            "price": "25.19",
            "revenue": 133757
        },
        "2010-04": {
            "month": "2010-04",
            "price": "26.11",
            "revenue": 157080
        },
        "2010-05": {
            "month": "2010-05",
            "price": "27.35",
            "revenue": 151759
        },
        "2010-06": {
            "month": "2010-06",
            "price": "24.31",
            "revenue": 140309
        },
        "2010-07": {
            "month": "2010-07",
            "price": "23.94",
            "revenue": 212485
        },
        "2010-08": {
            "month": "2010-08",
            "price": "26.14",
            "revenue": 150749
        },
        "2010-09": {
            "month": "2010-09",
            "price": "24.71",
            "revenue": 154873
        },
        "2010-10": {
            "month": "2010-10",
            "price": "24.42",
            "revenue": 120854
        },
        "2010-11": {
            "month": "2010-11",
            "price": "22.78",
            "revenue": 198516
        },
        "2010-12": {
            "month": "2010-12",
            "price": "23.70",
            "revenue": 146164
        },
        "2011-01": {
            "month": "2011-01",
            "price": "24.73",
            "revenue": 130858
        },
        "2011-02": {
            "month": "2011-02",
            "price": "23.29",
            "revenue": 80601
        },
        "2011-03": {
            "month": "2011-03",
            "price": "22.26",
            "revenue": 148156
        },
        "2011-04": {
            "month": "2011-04",
            "price": "22.93",
            "revenue": 154198
        },
        "2011-05": {
            "month": "2011-05",
            "price": "22.35",
            "revenue": 123762
        },
        "2011-06": {
            "month": "2011-06",
            "price": "21.67",
            "revenue": 196188
        },
        "2011-07": {
            "month": "2011-07",
            "price": "20.69",
            "revenue": 168145
        },
        "2011-08": {
            "month": "2011-08",
            "price": "17.93",
            "revenue": 168447
        },
        "2011-09": {
            "month": "2011-09",
            "price": "16.34",
            "revenue": 236566
        },
        "2011-10": {
            "month": "2011-10",
            "price": "16.57",
            "revenue": 131864
        },
        "2011-11": {
            "month": "2011-11",
            "price": "15.90",
            "revenue": 135537
        },
        "2011-12": {
            "month": "2011-12",
            "price": "15.80",
            "revenue": 184526
        },
        "2012-01": {
            "month": "2012-01",
            "price": "16.55",
            "revenue": 96909
        },
        "2012-02": {
            "month": "2012-02",
            "price": "17.87",
            "revenue": 178022
        },
        "2012-03": {
            "month": "2012-03",
            "price": "18.76",
            "revenue": 163119
        },
        "2012-04": {
            "month": "2012-04",
            "price": "18.19",
            "revenue": 142238
        },
        "2012-05": {
            "month": "2012-05",
            "price": "17.50",
            "revenue": 146877
        },
        "2012-06": {
            "month": "2012-06",
            "price": "16.74",
            "revenue": 164006
        },
        "2012-07": {
            "month": "2012-07",
            "price": "17.15",
            "revenue": 175203
        },
        "2012-08": {
            "month": "2012-08",
            "price": "17.33",
            "revenue": 140558
        },
        "2012-09": {
            "month": "2012-09",
            "price": "17.58",
            "revenue": 210912
        },
        "2012-10": {
            "month": "2012-10",
            "price": "17.95",
            "revenue": 167012
        },
        "2012-11": {
            "month": "2012-11",
            "price": "19.68",
            "revenue": 149602
        },
        "2012-12": {
            "month": "2012-12",
            "price": "19.91",
            "revenue": 159432
        },
        "2013-01": {
            "month": "2013-01",
            "price": "20.98",
            "revenue": 179201
        },
        "2013-02": {
            "month": "2013-02",
            "price": "21.20",
            "revenue": 119952
        },
        "2013-03": {
            "month": "2013-03",
            "price": "21.66",
            "revenue": 272835
        },
        "2013-04": {
            "month": "2013-04",
            "price": "20.60",
            "revenue": 181723
        },
        "2013-05": {
            "month": "2013-05",
            "price": "20.88",
            "revenue": 216104
        },
        "2013-06": {
            "month": "2013-06",
            "price": "21.06",
            "revenue": 186702
        },
        "2013-07": {
            "month": "2013-07",
            "price": "21.37",
            "revenue": 191543
        },
        "2013-08": {
            "month": "2013-08",
            "price": "19.28",
            "revenue": 215308
        },
        "2013-09": {
            "month": "2013-09",
            "price": "17.34",
            "revenue": 209953
        },
        "2013-10": {
            "month": "2013-10",
            "price": "18.03",
            "revenue": 236375
        },
        "2013-11": {
            "month": "2013-11",
            "price": "18.04",
            "revenue": 201230
        },
        "2013-12": {
            "month": "2013-12",
            "price": "18.79",
            "revenue": 224910
        },
        "2014-01": {
            "month": "2014-01",
            "price": "19.77",
            "revenue": 205121
        },
        "2014-02": {
            "month": "2014-02",
            "price": "20.09",
            "revenue": 167042
        },
        "2014-03": {
            "month": "2014-03",
            "price": "20.36",
            "revenue": 229227
        },
        "2014-04": {
            "month": "2014-04",
            "price": "19.51",
            "revenue": 263760
        },
        "2014-05": {
            "month": "2014-05",
            "price": "19.05",
            "revenue": 218434
        },
        "2014-06": {
            "month": "2014-06",
            "price": "18.83",
            "revenue": 222528
        },
        "2014-07": {
            "month": "2014-07",
            "price": "19.15",
            "revenue": 244163
        },
        "2014-08": {
            "month": "2014-08",
            "price": "18.85",
            "revenue": 216788
        },
        "2014-09": {
            "month": "2014-09",
            "price": "17.93",
            "revenue": 312651
        },
        "2014-10": {
            "month": "2014-10",
            "price": "18.07",
            "revenue": 301051
        },
        "2014-11": {
            "month": "2014-11",
            "price": "18.82",
            "revenue": 332485
        },
        "2014-12": {
            "month": "2014-12",
            "price": "24.44",
            "revenue": 262888
        },
        "2015-01": {
            "month": "2015-01",
            "price": "30.62",
            "revenue": 241026
        },
        "2015-02": {
            "month": "2015-02",
            "price": "27.90",
            "revenue": 170930
        },
        "2015-03": {
            "month": "2015-03",
            "price": "27.09",
            "revenue": 261509
        },
        "2015-04": {
            "month": "2015-04",
            "price": "26.91",
            "revenue": 226009
        },
        "2015-05": {
            "month": "2015-05",
            "price": "34.37",
            "revenue": 210862
        },
        "2015-06": {
            "month": "2015-06",
            "price": "51.45",
            "revenue": 320408
        },
        "2015-07": {
            "month": "2015-07",
            "price": "47.85",
            "revenue": 307464
        },
        "2015-08": {
            "month": "2015-08",
            "price": "40.61",
            "revenue": 260138
        },
        "2015-09": {
            "month": "2015-09",
            "price": "44.78",
            "revenue": 232108
        },
        "2015-10": {
            "month": "2015-10",
            "price": "43.90",
            "revenue": 193724
        },
        "2015-11": {
            "month": "2015-11",
            "price": "38.64",
            "revenue": 200650
        },
        "2015-12": {
            "month": "2015-12",
            "price": "35.70",
            "revenue": 206609
        },
        "2016-01": {
            "month": "2016-01",
            "price": "31.00",
            "revenue": 154902
        },
        "2016-02": {
            "month": "2016-02",
            "price": "31.47",
            "revenue": 142315
        },
        "2016-03": {
            "month": "2016-03",
            "price": "33.38",
            "revenue": 254129
        },
        "2016-04": {
            "month": "2016-04",
            "price": "31.05",
            "revenue": 270727
        },
        "2016-05": {
            "month": "2016-05",
            "price": "32.31",
            "revenue": 254226
        },
        "2016-06": {
            "month": "2016-06",
            "price": "35.64",
            "revenue": 235399
        },
        "2016-07": {
            "month": "2016-07",
            "price": "36.47",
            "revenue": 196375
        },
        "2016-08": {
            "month": "2016-08",
            "price": "37.68",
            "revenue": 184785
        },
        "2016-09": {
            "month": "2016-09",
            "price": "36.58",
            "revenue": 211950
        },
        "2016-10": {
            "month": "2016-10",
            "price": "36.78",
            "revenue": 220766
        },
        "2016-11": {
            "month": "2016-11",
            "price": "41.15",
            "revenue": 239244
        },
        "2016-12": {
            "month": "2016-12",
            "price": "42.46",
            "revenue": 248047
        },
        "2017-01": {
            "month": "2017-01",
            "price": "41.06",
            "revenue": 171246
        },
        "2017-02": {
            "month": "2017-02",
            "price": "41.64",
            "revenue": 159926
        },
        "2017-03": {
            "month": "2017-03",
            "price": "41.04",
            "revenue": 227986
        },
        "2017-04": {
            "month": "2017-04",
            "price": "38.31",
            "revenue": 259591
        },
        "2017-05": {
            "month": "2017-05",
            "price": "38.62",
            "revenue": 232243
        },
        "2017-06": {
            "month": "2017-06",
            "price": "38.05",
            "revenue": 234809
        },
        "2017-07": {
            "month": "2017-07",
            "price": "37.17",
            "revenue": 207033
        },
        "2017-08": {
            "month": "2017-08",
            "price": "32.38",
            "revenue": 261161
        },
        "2017-09": {
            "month": "2017-09",
            "price": "33.39",
            "revenue": 270606
        },
        "2017-10": {
            "month": "2017-10",
            "price": "34.03",
            "revenue": 323253
        },
        "2017-11": {
            "month": "2017-11",
            "price": "33.85",
            "revenue": 279633
        },
        "2017-12": {
            "month": "2017-12",
            "price": "32.42",
            "revenue": 230299
        },
        "2018-01": {
            "month": "2018-01",
            "price": "31.62",
            "revenue": 222479
        },
        "2018-02": {
            "month": "2018-02",
            "price": "31.46",
            "revenue": 188751
        },
        "2018-03": {
            "month": "2018-03",
            "price": "32.17",
            "revenue": 279951
        },
        "2018-04": {
            "month": "2018-04",
            "price": "34.09",
            "revenue": 290900
        },
        "2018-05": {
            "month": "2018-05",
            "price": "33.51",
            "revenue": 275246
        },
        "2018-06": {
            "month": "2018-06",
            "price": "34.17",
            "revenue": 359266
        },
        "2018-07": {
            "month": "2018-07",
            "price": "34.71",
            "revenue": 278584
        },
        "2018-08": {
            "month": "2018-08",
            "price": "37.30",
            "revenue": 285869
        },
        "2018-09": {
            "month": "2018-09",
            "price": "37.50",
            "revenue": 309818
        },
        "2018-10": {
            "month": "2018-10",
            "price": "35.12",
            "revenue": 294878
        },
        "2018-11": {
            "month": "2018-11",
            "price": "36.74",
            "revenue": 321699
        },
        "2018-12": {
            "month": "2018-12",
            "price": "37.54",
            "revenue": 254484
        },
        "2019-01": {
            "month": "2019-01",
            "price": "38.90",
            "revenue": 231525
        },
        "2019-02": {
            "month": "2019-02",
            "price": "39.26",
            "revenue": 103669
        },
        "2019-03": {
            "month": "2019-03",
            "price": "38.87",
            "revenue": 262362
        },
        "2019-04": {
            "month": "2019-04",
            "price": "38.42",
            "revenue": 222011
        },
        "2019-05": {
            "month": "2019-05",
            "price": "37.02",
            "revenue": 255155
        },
        "2019-06": {
            "month": "2019-06",
            "price": "36.70",
            "revenue": 290977
        },
        "2019-07": {
            "month": "2019-07",
            "price": "36.15",
            "revenue": 245861
        },
        "2019-08": {
            "month": "2019-08",
            "price": "34.84",
            "revenue": 237325
        },
        "2019-09": {
            "month": "2019-09",
            "price": "34.75",
            "revenue": 254036
        },
        "2019-10": {
            "month": "2019-10",
            "price": "34.32",
            "revenue": 300772
        },
        "2019-11": {
            "month": "2019-11",
            "price": "35.16",
            "revenue": 259027
        },
        "2019-12": {
            "month": "2019-12",
            "price": "34.75",
            "revenue": 239402
        },
        "2020-01": {
            "month": "2020-01",
            "price": "34.38",
            "revenue": 162399
        },
        "2020-02": {
            "month": "2020-02",
            "price": "33.21",
            "revenue": 134304
        },
        "2020-03": {
            "month": "2020-03",
            "price": "29.97",
            "revenue": 181842
        },
        "2020-04": {
            "month": "2020-04",
            "price": "30.04",
            "revenue": 184115
        },
        "2020-05": {
            "month": "2020-05",
            "price": "30.46",
            "revenue": 231470
        },
        "2020-06": {
            "month": "2020-06",
            "price": "31.68",
            "revenue": 272729
        },
        "2020-07": {
            "month": "2020-07",
            "price": "31.17",
            "revenue": 289112
        },
        "2020-08": {
            "month": "2020-08",
            "price": "30.85",
            "revenue": 207950
        },
        "2020-09": {
            "month": "2020-09",
            "price": "31.17",
            "revenue": 274034
        },
        "2020-10": {
            "month": "2020-10",
            "price": "30.99",
            "revenue": 203327
        },
        "2020-11": {
            "month": "2020-11",
            "price": "32.29",
            "revenue": 218562
        },
        "2020-12": {
            "month": "2020-12",
            "price": "32.57",
            "revenue": 276992
        },
        "2021-01": {
            "month": "2021-01",
            "price": "32.52",
            "revenue": 256478
        },
        "2021-02": {
            "month": "2021-02",
            "price": "33.40",
            "revenue": 131114
        },
        "2021-03": {
            "month": "2021-03",
            "price": "35.82",
            "revenue": 300568
        },
        "2021-04": {
            "month": "2021-04",
            "price": "37.88",
            "revenue": 228106
        },
        "2021-05": {
            "month": "2021-05",
            "price": "37.90",
            "revenue": 212710
        },
        "2021-06": {
            "month": "2021-06",
            "price": "38.22",
            "revenue": 221018
        },
        "2021-07": {
            "month": "2021-07",
            "price": "38.01",
            "revenue": 199978
        },
        "2021-08": {
            "month": "2021-08",
            "price": "35.32",
            "revenue": 139534
        },
        "2021-09": {
            "month": "2021-09",
            "price": "34.84",
            "revenue": 154473
        },
        "2021-10": {
            "month": "2021-10",
            "price": "34.51",
            "revenue": 133286
        },
        "2021-11": {
            "month": "2021-11",
            "price": "35.07",
            "revenue": 167831
        },
        "2021-12": {
            "month": "2021-12",
            "price": "34.90",
            "revenue": 235820
        },
        "2022-01": {
            "month": "2022-01",
            "price": "34.81",
            "revenue": 214229
        },
        "2022-02": {
            "month": "2022-02",
            "price": "35.00",
            "revenue": 202519
        },
        "2022-03": {
            "month": "2022-03",
            "price": "34.82",
            "revenue": 189848
        },
        "2022-04": {
            "month": "2022-04",
            "price": "34.43",
            "revenue": 169686
        },
        "2022-05": {
            "month": "2022-05",
            "price": "32.75",
            "revenue": 345959
        },
        "2022-06": {
            "month": "2022-06",
            "price": "33.68",
            "revenue": 279213
        },
        "2022-07": {
            "month": "2022-07",
            "price": "33.98",
            "revenue": 291464
        },
        "2022-08": {
            "month": "2022-08",
            "price": "33.82",
            "revenue": 344404
        },
        "2022-09": {
            "month": "2022-09",
            "price": "35.35",
            "revenue": 283637
        },
        "2022-10": {
            "month": "2022-10",
            "price": "34.80",
            "revenue": 354165
        },
        "2022-11": {
            "month": "2022-11",
            "price": "36.03",
            "revenue": 355165
        },
        "2022-12": {
            "month": "2022-12",
            "price": "38.10",
            "revenue": 244037
        },
        "2023-01": {
            "month": "2023-01",
            "price": "38.00",
            "revenue": 216153
        },
        "2023-02": {
            "month": "2023-02",
            "price": "37.94",
            "revenue": 197360
        },
        "2023-03": {
            "month": "2023-03",
            "price": "39.54",
            "revenue": 235711
        },
        "2023-04": {
            "month": "2023-04",
            "price": "40.47",
            "revenue": 268033
        }
    }
}
