{
    "summary": {
        "stock_name": "元勝",
        "stock_id": "4419",
        "category": "紡織纖維",
        "main_business": "胚布<br>餐飲業務",
        "website_url": "http://www.ensureglobal.com.tw",
        "ceo": "黃于嘉",
        "pe_ratio": -152,
        "report_year_from": 2002,
        "report_year_to": 2023,
        "age": 22,
        "eps_negative_percentage": 78,
        "eps_growth_avg": {
            "last_all": -93.91,
            "last_2y": null,
            "last_4y": null,
            "last_8y": -100,
            "last_12y": -89.86,
            "last_16y": -89.86,
            "last_20y": -93.91,
            "at_2006_last_3y": -100,
            "at_2007_last_3y": -100,
            "at_2008_last_3y": -100,
            "at_2009_last_3y": null,
            "at_2010_last_3y": null,
            "at_2011_last_3y": -69.57,
            "at_2012_last_3y": -84.78,
            "at_2013_last_3y": -84.78,
            "at_2014_last_3y": -84.78,
            "at_2015_last_3y": -100,
            "at_2016_last_3y": null,
            "at_2017_last_3y": null,
            "at_2018_last_3y": -100,
            "at_2019_last_3y": -100,
            "at_2020_last_3y": -100,
            "at_2021_last_3y": -100,
            "at_2022_last_3y": null,
            "at_2023_last_3y": null,
            "at_2024_last_3y": null,
            "at_2006_last_all": -100,
            "at_2007_last_all": -100,
            "at_2008_last_all": -100,
            "at_2009_last_all": -100,
            "at_2010_last_all": -100,
            "at_2011_last_all": -89.86,
            "at_2012_last_all": -92.39,
            "at_2013_last_all": -92.39,
            "at_2014_last_all": -92.39,
            "at_2015_last_all": -92.39,
            "at_2016_last_all": -92.39,
            "at_2017_last_all": -92.39,
            "at_2018_last_all": -93.91,
            "at_2019_last_all": -93.91,
            "at_2020_last_all": -93.91,
            "at_2021_last_all": -93.91,
            "at_2022_last_all": -93.91,
            "at_2023_last_all": -93.91,
            "at_2024_last_all": -93.91
        },
        "latest_eps": -0.27,
        "latest_price": 41,
        "latest_roe": -5.79,
        "latest_gross_margin": 28.21,
        "latest_equity": 121174,
        "latest_revenue": 88217,
        "latest_gross_profit": 24889,
        "latest_net_income": -6023,
        "latest_debt_ratio": 71.11,
        "latest_current_ratio": 83.87,
        "latest_account_receivable_turnover_ratio": 8.19,
        "latest_inventory_turnover_ratio": 11.43,
        "latest_reinvestment_rate": null,
        "latest_research_to_sale_ratio": null
    },
    "eps_dividends": {
        "1999": {
            "cash": 0.5,
            "stock": 0.85,
            "eps": 0
        },
        "2000": {
            "cash": 0.85,
            "stock": 1,
            "eps": 0
        },
        "2001": {
            "cash": 0.5,
            "stock": 0.6,
            "eps": -0.44
        },
        "2002": {
            "cash": 0,
            "stock": 0,
            "eps": 0.15
        },
        "2003": {
            "cash": 0,
            "stock": 0,
            "eps": -1.65
        },
        "2004": {
            "cash": 0,
            "stock": 0,
            "eps": 0.03
        },
        "2005": {
            "cash": 0,
            "stock": 0,
            "eps": -1.56
        },
        "2006": {
            "cash": 0,
            "stock": 0,
            "eps": -0.79
        },
        "2007": {
            "cash": 0,
            "stock": 0,
            "eps": -0.78
        },
        "2008": {
            "cash": 0,
            "stock": 0,
            "eps": -4.6
        },
        "2009": {
            "cash": 0,
            "stock": 0,
            "eps": -2.94
        },
        "2010": {
            "cash": 0,
            "stock": 0,
            "eps": 0.46
        },
        "2011": {
            "cash": 0,
            "stock": 0,
            "eps": 0.14
        },
        "2012": {
            "cash": 0,
            "stock": 0,
            "eps": -0.45
        },
        "2013": {
            "cash": 0,
            "stock": 0,
            "eps": -2.29
        },
        "2014": {
            "cash": 0,
            "stock": 0,
            "eps": -1.47
        },
        "2015": {
            "cash": 0,
            "stock": 0,
            "eps": -3.37
        },
        "2016": {
            "cash": 0,
            "stock": 0,
            "eps": -1.39
        },
        "2017": {
            "cash": 0,
            "stock": 0,
            "eps": 1.63
        },
        "2018": {
            "cash": 0,
            "stock": 0,
            "eps": -0.87
        },
        "2019": {
            "cash": 0,
            "stock": 0,
            "eps": -0.58
        },
        "2020": {
            "cash": 0,
            "stock": 0,
            "eps": -1.36
        },
        "2021": {
            "cash": 0,
            "stock": 0,
            "eps": -0.6
        },
        "2022": {
            "cash": 0,
            "stock": 0,
            "eps": -0.51
        },
        "2023": {
            "cash": 0,
            "stock": 0,
            "eps": -0.24
        }
    },
    "dividends": {
        "1999-05-22": {
            "cash": 0.5,
            "stock": 0.85
        },
        "2000-06-17": {
            "cash": 0.85,
            "stock": 1
        },
        "2001-06-16": {
            "cash": 0.5,
            "stock": 0.6
        }
    },
    "prices": {
        "200101": "無",
        "200102": "無",
        "200103": "無",
        "200104": "無",
        "200105": "無",
        "200106": "10.80",
        "200107": "7.38",
        "200108": "7.16",
        "200109": "6.89",
        "200110": "5.56",
        "200111": "5.74",
        "200112": "6.03",
        "200201": "6.52",
        "200202": "6.90",
        "200203": "6.89",
        "200204": "7.08",
        "200205": "8.00",
        "200206": "8.74",
        "200207": "8.62",
        "200208": "7.01",
        "200209": "6.57",
        "200210": "6.01",
        "200211": "5.71",
        "200212": "5.55",
        "200301": "5.55",
        "200302": "5.47",
        "200303": "4.86",
        "200304": "5.30",
        "200305": "5.16",
        "200306": "5.06",
        "200307": "4.94",
        "200308": "5.74",
        "200309": "5.08",
        "200310": "5.25",
        "200311": "5.09",
        "200312": "4.86",
        "200401": "4.91",
        "200402": "6.08",
        "200403": "7.17",
        "200404": "7.39",
        "200405": "6.09",
        "200406": "5.78",
        "200407": "5.34",
        "200408": "5.06",
        "200409": "5.10",
        "200410": "5.01",
        "200411": "5.02",
        "200412": "5.51",
        "200501": "5.58",
        "200502": "5.40",
        "200503": "5.39",
        "200504": "5.84",
        "200505": "6.80",
        "200506": "5.66",
        "200507": "5.41",
        "200508": "5.71",
        "200509": "5.69",
        "200510": "6.98",
        "200511": "8.49",
        "200512": "10.65",
        "200601": "12.48",
        "200602": "14.58",
        "200603": "15.31",
        "200604": "19.93",
        "200605": "20.73",
        "200606": "19.96",
        "200607": "19.91",
        "200608": "19.34",
        "200609": "18.42",
        "200610": "17.78",
        "200611": "18.50",
        "200612": "18.06",
        "200701": "27.23",
        "200702": "49.62",
        "200703": "66.92",
        "200704": "52.64",
        "200705": "56.96",
        "200706": "73.62",
        "200707": "105.01",
        "200708": "93.97",
        "200709": "86.44",
        "200710": "87.65",
        "200711": "82.35",
        "200712": "83.39",
        "200801": "69.59",
        "200802": "56.17",
        "200803": "50.37",
        "200804": "49.86",
        "200805": "54.62",
        "200806": "52.33",
        "200807": "34.33",
        "200808": "30.96",
        "200809": "29.76",
        "200810": "23.73",
        "200811": "14.98",
        "200812": "12.40",
        "200901": "11.24",
        "200902": "12.68",
        "200903": "13.75",
        "200904": "17.42",
        "200905": "13.87",
        "200906": "13.46",
        "200907": "14.73",
        "200908": "14.81",
        "200909": "14.13",
        "200910": "14.60",
        "200911": "14.82",
        "200912": "15.00",
        "201001": "16.55",
        "201002": "14.21",
        "201003": "14.45",
        "201004": "15.48",
        "201005": "12.68",
        "201006": "12.17",
        "201007": "13.20",
        "201008": "14.14",
        "201009": "13.13",
        "201010": "12.61",
        "201011": "11.62",
        "201012": "10.97",
        "201101": "14.15",
        "201102": "14.34",
        "201103": "13.93",
        "201104": "13.81",
        "201105": "16.04",
        "201106": "15.40",
        "201107": "13.35",
        "201108": "10.53",
        "201109": "10.13",
        "201110": "10.33",
        "201111": "9.89",
        "201112": "8.77",
        "201201": "9.00",
        "201202": "9.90",
        "201203": "9.90",
        "201204": "12.01",
        "201205": "11.17",
        "201206": "10.01",
        "201207": "9.94",
        "201208": "9.13",
        "201209": "9.80",
        "201210": "9.34",
        "201211": "9.55",
        "201212": "9.89",
        "201301": "9.83",
        "201302": "9.81",
        "201303": "10.90",
        "201304": "11.14",
        "201305": "10.24",
        "201306": "9.91",
        "201307": "10.60",
        "201308": "14.14",
        "201309": "11.96",
        "201310": "12.18",
        "201311": "10.54",
        "201312": "8.97",
        "201401": "4.65",
        "201402": "5.65",
        "201403": "8.62",
        "201404": "8.41",
        "201405": "6.50",
        "201406": "6.47",
        "201407": "6.45",
        "201408": "6.39",
        "201409": "4.93",
        "201410": "4.61",
        "201411": "4.94",
        "201412": "4.03",
        "201501": "4.13",
        "201502": "4.09",
        "201503": "5.27",
        "201504": "8.13",
        "201505": "8.22",
        "201506": "8.18",
        "201507": "6.49",
        "201508": "6.16",
        "201509": "5.97",
        "201510": "7.01",
        "201511": "7.22",
        "201512": "7.13",
        "201601": "6.29",
        "201602": "6.41",
        "201603": "6.57",
        "201604": "6.02",
        "201605": "5.25",
        "201606": "4.49",
        "201607": "5.06",
        "201608": "4.66",
        "201609": "4.38",
        "201610": "4.75",
        "201611": "4.31",
        "201612": "4.14",
        "201701": "3.75",
        "201702": "3.88",
        "201703": "6.68",
        "201704": "7.05",
        "201705": "6.89",
        "201706": "7.36",
        "201707": "8.80",
        "201708": "9.21",
        "201709": "9.65",
        "201710": "10.20",
        "201711": "9.73",
        "201712": "8.12",
        "201801": "9.41",
        "201802": "9.10",
        "201803": "8.86",
        "201804": "9.05",
        "201805": "9.59",
        "201806": "10.25",
        "201807": "10.33",
        "201808": "10.20",
        "201809": "9.67",
        "201810": "8.88",
        "201811": "8.80",
        "201812": "9.62",
        "201901": "8.57",
        "201902": "9.58",
        "201903": "8.45",
        "201904": "8.47",
        "201905": "8.36",
        "201906": "7.84",
        "201907": "7.88",
        "201908": "7.73",
        "201909": "7.24",
        "201910": "6.55",
        "201911": "6.14",
        "201912": "5.41",
        "202001": "5.10",
        "202002": "4.62",
        "202003": "5.85",
        "202004": "5.86",
        "202005": "無",
        "202006": "6.30",
        "202007": "7.56",
        "202008": "7.21",
        "202009": "7.00",
        "202010": "8.74",
        "202011": "12.72",
        "202012": "11.36",
        "202101": "11.29",
        "202102": "10.09",
        "202103": "11.79",
        "202104": "14.48",
        "202105": "10.55",
        "202106": "9.36",
        "202107": "10.81",
        "202108": "9.27",
        "202109": "11.23",
        "202110": "11.80",
        "202111": "10.06",
        "202112": "10.00",
        "202201": "11.76",
        "202202": "10.78",
        "202203": "11.08",
        "202204": "10.16",
        "202205": "9.49",
        "202206": "9.23",
        "202207": "9.41",
        "202208": "9.97",
        "202209": "9.62",
        "202210": "無",
        "202211": "9.15",
        "202212": "9.80",
        "202301": "10.07",
        "202302": "8.80",
        "202303": "17.20",
        "202304": "21.92",
        "202305": "26.02",
        "202306": "27.83",
        "202307": "33.34",
        "202308": "29.36",
        "202309": "25.28",
        "202310": "25.46",
        "202311": "25.64",
        "202312": "35.46"
    },
    "quarters": {
        "20011": {
            "year_quarter": 20011,
            "year": 2001,
            "quarter": 1,
            "eps": 0.15,
            "eps_growth_year": null,
            "eps_4q": null,
            "eps_4q_growth_year": null,
            "roe": 1.08,
            "roe_4q": 1.08,
            "gross_profit": 15627,
            "gross_margin": 10.73,
            "gross_margin_4q_avg": 10.73,
            "net_income": 3364,
            "net_income_4q": null,
            "revenue": 145644,
            "revenue_4q": null,
            "common_shares": 231587,
            "book_valuer_per_share": 13.46,
            "book_valuer_per_share_4q_avg": 13.46,
            "equity": 311748,
            "current_ratio": 202.94,
            "debt_ratio": 40.46,
            "inventory_turnover_ratio": 0.87,
            "account_receivable_turnover_ratio": null,
            "reinvestment_rate": null,
            "research_to_sale_ratio": null,
            "price_fair": 0,
            "eps_avg_yearly": 0,
            "eps_latest_yearly": 0,
            "eps_growth_yearly": 0
        },
        "20012": {
            "year_quarter": 20012,
            "year": 2001,
            "quarter": 2,
            "eps": 0.04,
            "eps_growth_year": null,
            "eps_4q": 0.42,
            "eps_4q_growth_year": null,
            "roe": 0.29,
            "roe_4q": 1.37,
            "gross_profit": 11607,
            "gross_margin": 7.57,
            "gross_margin_4q_avg": 9.15,
            "net_income": 886,
            "net_income_4q": null,
            "revenue": 153420,
            "revenue_4q": null,
            "common_shares": 231587,
            "book_valuer_per_share": 12.9,
            "book_valuer_per_share_4q_avg": 13.18,
            "equity": 298839,
            "current_ratio": 170.57,
            "debt_ratio": 43.83,
            "inventory_turnover_ratio": 0.93,
            "account_receivable_turnover_ratio": null,
            "reinvestment_rate": null,
            "research_to_sale_ratio": null,
            "price_fair": 0,
            "eps_avg_yearly": 0,
            "eps_latest_yearly": 0,
            "eps_growth_yearly": 0
        },
        "20013": {
            "year_quarter": 20013,
            "year": 2001,
            "quarter": 3,
            "eps": -0.34,
            "eps_growth_year": -525,
            "eps_4q": -0.04,
            "eps_4q_growth_year": null,
            "roe": -2.87,
            "roe_4q": -1.5,
            "gross_profit": 4972,
            "gross_margin": 2.78,
            "gross_margin_4q_avg": 7.03,
            "net_income": -8467,
            "net_income_4q": null,
            "revenue": 178764,
            "revenue_4q": null,
            "common_shares": 245482,
            "book_valuer_per_share": 11.83,
            "book_valuer_per_share_4q_avg": 12.73,
            "equity": 290373,
            "current_ratio": 166.46,
            "debt_ratio": 42.38,
            "inventory_turnover_ratio": 1.19,
            "account_receivable_turnover_ratio": null,
            "reinvestment_rate": null,
            "research_to_sale_ratio": null,
            "price_fair": 0,
            "eps_avg_yearly": 0,
            "eps_latest_yearly": 0,
            "eps_growth_yearly": 0
        },
        "20014": {
            "year_quarter": 20014,
            "year": 2001,
            "quarter": 4,
            "eps": -0.29,
            "eps_growth_year": -307.14,
            "eps_4q": -0.46,
            "eps_4q_growth_year": null,
            "roe": -2.47,
            "roe_4q": -3.9699999999999998,
            "gross_profit": 8373,
            "gross_margin": 4.14,
            "gross_margin_4q_avg": 6.31,
            "net_income": -7077,
            "net_income_4q": null,
            "revenue": 202306,
            "revenue_4q": null,
            "common_shares": 245482,
            "book_valuer_per_share": 11.54,
            "book_valuer_per_share_4q_avg": 12.43,
            "equity": 283295,
            "current_ratio": 152.98,
            "debt_ratio": 46.43,
            "inventory_turnover_ratio": 1.41,
            "account_receivable_turnover_ratio": null,
            "reinvestment_rate": null,
            "research_to_sale_ratio": null,
            "price_fair": 0,
            "eps_avg_yearly": 0,
            "eps_latest_yearly": 0,
            "eps_growth_yearly": 0
        },
        "20021": {
            "year_quarter": 20021,
            "year": 2002,
            "quarter": 1,
            "eps": 0.19,
            "eps_growth_year": 26.67,
            "eps_4q": -0.4,
            "eps_4q_growth_year": null,
            "roe": 1.66,
            "roe_4q": -3.3900000000000006,
            "gross_profit": 16890,
            "gross_margin": 10.41,
            "gross_margin_4q_avg": 6.23,
            "net_income": 4755,
            "net_income_4q": null,
            "revenue": 162210,
            "revenue_4q": null,
            "common_shares": 245482,
            "book_valuer_per_share": 11.73,
            "book_valuer_per_share_4q_avg": 12,
            "equity": 288050,
            "current_ratio": 157.24,
            "debt_ratio": 45.37,
            "inventory_turnover_ratio": 0.98,
            "account_receivable_turnover_ratio": null,
            "reinvestment_rate": null,
            "research_to_sale_ratio": null,
            "price_fair": 0,
            "eps_avg_yearly": 0,
            "eps_latest_yearly": 0,
            "eps_growth_yearly": 0
        },
        "20022": {
            "year_quarter": 20022,
            "year": 2002,
            "quarter": 2,
            "eps": 0.11,
            "eps_growth_year": 175,
            "eps_4q": -0.31,
            "eps_4q_growth_year": -175.16,
            "roe": 0.97,
            "roe_4q": -2.7100000000000004,
            "gross_profit": 17068,
            "gross_margin": 10.56,
            "gross_margin_4q_avg": 6.97,
            "net_income": 2803,
            "net_income_4q": null,
            "revenue": 161552,
            "revenue_4q": null,
            "common_shares": 245482,
            "book_valuer_per_share": 11.85,
            "book_valuer_per_share_4q_avg": 11.74,
            "equity": 290853,
            "current_ratio": 163.57,
            "debt_ratio": 45.18,
            "inventory_turnover_ratio": 0.86,
            "account_receivable_turnover_ratio": null,
            "reinvestment_rate": null,
            "research_to_sale_ratio": null,
            "price_fair": 1.32,
            "eps_avg_yearly": 0.44,
            "eps_latest_yearly": 0.44,
            "eps_growth_yearly": -168.42
        },
        "20023": {
            "year_quarter": 20023,
            "year": 2002,
            "quarter": 3,
            "eps": -0.18,
            "eps_growth_year": null,
            "eps_4q": -0.16,
            "eps_4q_growth_year": null,
            "roe": -1.51,
            "roe_4q": -1.3500000000000003,
            "gross_profit": 4128,
            "gross_margin": 2.48,
            "gross_margin_4q_avg": 6.9,
            "net_income": -4351,
            "net_income_4q": null,
            "revenue": 166538,
            "revenue_4q": null,
            "common_shares": 245482,
            "book_valuer_per_share": 11.67,
            "book_valuer_per_share_4q_avg": 11.7,
            "equity": 286503,
            "current_ratio": 174.95,
            "debt_ratio": 41.11,
            "inventory_turnover_ratio": 0.96,
            "account_receivable_turnover_ratio": null,
            "reinvestment_rate": null,
            "research_to_sale_ratio": null,
            "price_fair": 1.32,
            "eps_avg_yearly": 0.44,
            "eps_latest_yearly": 0.44,
            "eps_growth_yearly": -168.42
        },
        "20024": {
            "year_quarter": 20024,
            "year": 2002,
            "quarter": 4,
            "eps": 0.03,
            "eps_growth_year": null,
            "eps_4q": 0.18,
            "eps_4q_growth_year": null,
            "roe": 0.22,
            "roe_4q": 1.3399999999999999,
            "gross_profit": 8851,
            "gross_margin": 6,
            "gross_margin_4q_avg": 7.36,
            "net_income": 631,
            "net_income_4q": null,
            "revenue": 147530,
            "revenue_4q": null,
            "common_shares": 245482,
            "book_valuer_per_share": 11.7,
            "book_valuer_per_share_4q_avg": 11.74,
            "equity": 287133,
            "current_ratio": 177.87,
            "debt_ratio": 40,
            "inventory_turnover_ratio": 0.82,
            "account_receivable_turnover_ratio": null,
            "reinvestment_rate": null,
            "research_to_sale_ratio": null,
            "price_fair": 1.32,
            "eps_avg_yearly": 0.44,
            "eps_latest_yearly": 0.44,
            "eps_growth_yearly": -168.42
        },
        "20031": {
            "year_quarter": 20031,
            "year": 2003,
            "quarter": 1,
            "eps": -0.21,
            "eps_growth_year": -210.53,
            "eps_4q": -0.25,
            "eps_4q_growth_year": null,
            "roe": -1.82,
            "roe_4q": -2.1400000000000006,
            "gross_profit": 991,
            "gross_margin": 0.84,
            "gross_margin_4q_avg": 4.97,
            "net_income": -5182,
            "net_income_4q": null,
            "revenue": 117696,
            "revenue_4q": null,
            "common_shares": 245482,
            "book_valuer_per_share": 11.49,
            "book_valuer_per_share_4q_avg": 11.68,
            "equity": 281951,
            "current_ratio": 165.27,
            "debt_ratio": 42.25,
            "inventory_turnover_ratio": 0.69,
            "account_receivable_turnover_ratio": null,
            "reinvestment_rate": null,
            "research_to_sale_ratio": null,
            "price_fair": 1.32,
            "eps_avg_yearly": 0.44,
            "eps_latest_yearly": 0.44,
            "eps_growth_yearly": -168.42
        },
        "20032": {
            "year_quarter": 20032,
            "year": 2003,
            "quarter": 2,
            "eps": -0.15,
            "eps_growth_year": -236.36,
            "eps_4q": -0.51,
            "eps_4q_growth_year": null,
            "roe": -1.31,
            "roe_4q": -4.42,
            "gross_profit": 4401,
            "gross_margin": 2.75,
            "gross_margin_4q_avg": 3.02,
            "net_income": -3656,
            "net_income_4q": null,
            "revenue": 159883,
            "revenue_4q": null,
            "common_shares": 245482,
            "book_valuer_per_share": 11.34,
            "book_valuer_per_share_4q_avg": 11.55,
            "equity": 278295,
            "current_ratio": 146.72,
            "debt_ratio": 49.8,
            "inventory_turnover_ratio": 0.9,
            "account_receivable_turnover_ratio": null,
            "reinvestment_rate": null,
            "research_to_sale_ratio": null,
            "price_fair": 1.32,
            "eps_avg_yearly": 0.44,
            "eps_latest_yearly": 0.44,
            "eps_growth_yearly": -168.42
        },
        "20033": {
            "year_quarter": 20033,
            "year": 2003,
            "quarter": 3,
            "eps": -0.74,
            "eps_growth_year": null,
            "eps_4q": -1.08,
            "eps_4q_growth_year": null,
            "roe": -6.77,
            "roe_4q": -9.68,
            "gross_profit": 663,
            "gross_margin": 0.4,
            "gross_margin_4q_avg": 2.5,
            "net_income": -18211,
            "net_income_4q": null,
            "revenue": 163760,
            "revenue_4q": null,
            "common_shares": 245482,
            "book_valuer_per_share": 10.59,
            "book_valuer_per_share_4q_avg": 11.28,
            "equity": 260084,
            "current_ratio": 134.91,
            "debt_ratio": 50.97,
            "inventory_turnover_ratio": 0.85,
            "account_receivable_turnover_ratio": null,
            "reinvestment_rate": null,
            "research_to_sale_ratio": null,
            "price_fair": 1.32,
            "eps_avg_yearly": 0.44,
            "eps_latest_yearly": 0.44,
            "eps_growth_yearly": -168.42
        },
        "20034": {
            "year_quarter": 20034,
            "year": 2003,
            "quarter": 4,
            "eps": -0.55,
            "eps_growth_year": -1933.33,
            "eps_4q": -1.66,
            "eps_4q_growth_year": -1009.73,
            "roe": -5.37,
            "roe_4q": -15.270000000000001,
            "gross_profit": 7588,
            "gross_margin": 4.53,
            "gross_margin_4q_avg": 2.13,
            "net_income": -13601,
            "net_income_4q": null,
            "revenue": 167334,
            "revenue_4q": null,
            "common_shares": 245482,
            "book_valuer_per_share": 10.04,
            "book_valuer_per_share_4q_avg": 10.87,
            "equity": 246483,
            "current_ratio": 137.08,
            "debt_ratio": 49.3,
            "inventory_turnover_ratio": 0.83,
            "account_receivable_turnover_ratio": null,
            "reinvestment_rate": null,
            "research_to_sale_ratio": null,
            "price_fair": 1.32,
            "eps_avg_yearly": 0.44,
            "eps_latest_yearly": 0.44,
            "eps_growth_yearly": -168.42
        },
        "20041": {
            "year_quarter": 20041,
            "year": 2004,
            "quarter": 1,
            "eps": 0.05,
            "eps_growth_year": null,
            "eps_4q": -1.29,
            "eps_4q_growth_year": null,
            "roe": 0.54,
            "roe_4q": -12.91,
            "gross_profit": 10379,
            "gross_margin": 5.93,
            "gross_margin_4q_avg": 3.4,
            "net_income": 1328,
            "net_income_4q": null,
            "revenue": 175051,
            "revenue_4q": null,
            "common_shares": 245482,
            "book_valuer_per_share": 10.09,
            "book_valuer_per_share_4q_avg": 10.52,
            "equity": 247811,
            "current_ratio": 138.79,
            "debt_ratio": 49.66,
            "inventory_turnover_ratio": 0.96,
            "account_receivable_turnover_ratio": null,
            "reinvestment_rate": null,
            "research_to_sale_ratio": null,
            "price_fair": 1.32,
            "eps_avg_yearly": 0.44,
            "eps_latest_yearly": 0.44,
            "eps_growth_yearly": -168.42
        },
        "20042": {
            "year_quarter": 20042,
            "year": 2004,
            "quarter": 2,
            "eps": 0.04,
            "eps_growth_year": null,
            "eps_4q": -1.29,
            "eps_4q_growth_year": null,
            "roe": 0.37,
            "roe_4q": -11.23,
            "gross_profit": 12896,
            "gross_margin": 7.43,
            "gross_margin_4q_avg": 4.57,
            "net_income": 916,
            "net_income_4q": null,
            "revenue": 173628,
            "revenue_4q": null,
            "common_shares": 245482,
            "book_valuer_per_share": 10.13,
            "book_valuer_per_share_4q_avg": 10.21,
            "equity": 248727,
            "current_ratio": 149.52,
            "debt_ratio": 49.85,
            "inventory_turnover_ratio": 0.99,
            "account_receivable_turnover_ratio": null,
            "reinvestment_rate": null,
            "research_to_sale_ratio": null,
            "price_fair": 0.9,
            "eps_avg_yearly": 0.3,
            "eps_latest_yearly": 0.16,
            "eps_growth_yearly": -124.21
        },
        "20043": {
            "year_quarter": 20043,
            "year": 2004,
            "quarter": 3,
            "eps": 0,
            "eps_growth_year": null,
            "eps_4q": -0.47,
            "eps_4q_growth_year": null,
            "roe": -0.05,
            "roe_4q": -4.51,
            "gross_profit": 7531,
            "gross_margin": 4.1,
            "gross_margin_4q_avg": 5.5,
            "net_income": -117,
            "net_income_4q": null,
            "revenue": 183626,
            "revenue_4q": null,
            "common_shares": 245482,
            "book_valuer_per_share": 10.13,
            "book_valuer_per_share_4q_avg": 10.1,
            "equity": 248610,
            "current_ratio": 143.87,
            "debt_ratio": 55.08,
            "inventory_turnover_ratio": 0.95,
            "account_receivable_turnover_ratio": null,
            "reinvestment_rate": null,
            "research_to_sale_ratio": null,
            "price_fair": 0.9,
            "eps_avg_yearly": 0.3,
            "eps_latest_yearly": 0.16,
            "eps_growth_yearly": -124.21
        },
        "20044": {
            "year_quarter": 20044,
            "year": 2004,
            "quarter": 4,
            "eps": -0.06,
            "eps_growth_year": null,
            "eps_4q": 0.03,
            "eps_4q_growth_year": null,
            "roe": -0.56,
            "roe_4q": 0.29999999999999993,
            "gross_profit": 10116,
            "gross_margin": 6.67,
            "gross_margin_4q_avg": 6.03,
            "net_income": -1393,
            "net_income_4q": null,
            "revenue": 151667,
            "revenue_4q": null,
            "common_shares": 245482,
            "book_valuer_per_share": 10.07,
            "book_valuer_per_share_4q_avg": 10.11,
            "equity": 247217,
            "current_ratio": 162.27,
            "debt_ratio": 51.04,
            "inventory_turnover_ratio": 0.69,
            "account_receivable_turnover_ratio": null,
            "reinvestment_rate": null,
            "research_to_sale_ratio": null,
            "price_fair": 0.9,
            "eps_avg_yearly": 0.3,
            "eps_latest_yearly": 0.16,
            "eps_growth_yearly": -124.21
        },
        "20051": {
            "year_quarter": 20051,
            "year": 2005,
            "quarter": 1,
            "eps": -0.46,
            "eps_growth_year": -1020,
            "eps_4q": -0.48,
            "eps_4q_growth_year": null,
            "roe": -4.65,
            "roe_4q": -4.890000000000001,
            "gross_profit": 3124,
            "gross_margin": 2.59,
            "gross_margin_4q_avg": 5.2,
            "net_income": -11244,
            "net_income_4q": null,
            "revenue": 120536,
            "revenue_4q": null,
            "common_shares": 245482,
            "book_valuer_per_share": 9.61,
            "book_valuer_per_share_4q_avg": 9.99,
            "equity": 235973,
            "current_ratio": 162.38,
            "debt_ratio": 51.47,
            "inventory_turnover_ratio": 0.59,
            "account_receivable_turnover_ratio": null,
            "reinvestment_rate": null,
            "research_to_sale_ratio": null,
            "price_fair": 0.9,
            "eps_avg_yearly": 0.3,
            "eps_latest_yearly": 0.16,
            "eps_growth_yearly": -124.21
        },
        "20052": {
            "year_quarter": 20052,
            "year": 2005,
            "quarter": 2,
            "eps": -0.3,
            "eps_growth_year": -850,
            "eps_4q": -0.82,
            "eps_4q_growth_year": null,
            "roe": -3.15,
            "roe_4q": -8.410000000000002,
            "gross_profit": -453,
            "gross_margin": -0.26,
            "gross_margin_4q_avg": 3.28,
            "net_income": -7308,
            "net_income_4q": null,
            "revenue": 176561,
            "revenue_4q": null,
            "common_shares": 245482,
            "book_valuer_per_share": 9.31,
            "book_valuer_per_share_4q_avg": 9.78,
            "equity": 228665,
            "current_ratio": 165.52,
            "debt_ratio": 49.98,
            "inventory_turnover_ratio": 0.99,
            "account_receivable_turnover_ratio": null,
            "reinvestment_rate": null,
            "research_to_sale_ratio": null,
            "price_fair": 0.9,
            "eps_avg_yearly": 0.3,
            "eps_latest_yearly": 0.16,
            "eps_growth_yearly": -124.21
        },
        "20053": {
            "year_quarter": 20053,
            "year": 2005,
            "quarter": 3,
            "eps": -0.09,
            "eps_growth_year": null,
            "eps_4q": -0.9,
            "eps_4q_growth_year": null,
            "roe": -0.94,
            "roe_4q": -9.3,
            "gross_profit": 6832,
            "gross_margin": 4.18,
            "gross_margin_4q_avg": 3.3,
            "net_income": -2143,
            "net_income_4q": null,
            "revenue": 163287,
            "revenue_4q": null,
            "common_shares": 245482,
            "book_valuer_per_share": 9.23,
            "book_valuer_per_share_4q_avg": 9.56,
            "equity": 226522,
            "current_ratio": 162.89,
            "debt_ratio": 50.92,
            "inventory_turnover_ratio": 0.98,
            "account_receivable_turnover_ratio": null,
            "reinvestment_rate": null,
            "research_to_sale_ratio": null,
            "price_fair": 0.9,
            "eps_avg_yearly": 0.3,
            "eps_latest_yearly": 0.16,
            "eps_growth_yearly": -124.21
        },
        "20054": {
            "year_quarter": 20054,
            "year": 2005,
            "quarter": 4,
            "eps": -0.71,
            "eps_growth_year": null,
            "eps_4q": -1.56,
            "eps_4q_growth_year": -5300,
            "roe": -8.04,
            "roe_4q": -16.78,
            "gross_profit": -2040,
            "gross_margin": -1.38,
            "gross_margin_4q_avg": 1.28,
            "net_income": -17514,
            "net_income_4q": null,
            "revenue": 147914,
            "revenue_4q": null,
            "common_shares": 245482,
            "book_valuer_per_share": 8.51,
            "book_valuer_per_share_4q_avg": 9.17,
            "equity": 209008,
            "current_ratio": 168.93,
            "debt_ratio": 48.05,
            "inventory_turnover_ratio": 1.06,
            "account_receivable_turnover_ratio": null,
            "reinvestment_rate": null,
            "research_to_sale_ratio": null,
            "price_fair": 0.9,
            "eps_avg_yearly": 0.3,
            "eps_latest_yearly": 0.16,
            "eps_growth_yearly": -124.21
        },
        "20061": {
            "year_quarter": 20061,
            "year": 2006,
            "quarter": 1,
            "eps": 0.01,
            "eps_growth_year": null,
            "eps_4q": -1.82,
            "eps_4q_growth_year": null,
            "roe": 0.07,
            "roe_4q": -12.059999999999999,
            "gross_profit": 4802,
            "gross_margin": 3.34,
            "gross_margin_4q_avg": 1.47,
            "net_income": 147,
            "net_income_4q": null,
            "revenue": 143951,
            "revenue_4q": null,
            "common_shares": 245482,
            "book_valuer_per_share": 8.52,
            "book_valuer_per_share_4q_avg": 8.89,
            "equity": 209155,
            "current_ratio": 159.65,
            "debt_ratio": 50.46,
            "inventory_turnover_ratio": 1.1,
            "account_receivable_turnover_ratio": null,
            "reinvestment_rate": null,
            "research_to_sale_ratio": null,
            "price_fair": 0.9,
            "eps_avg_yearly": 0.3,
            "eps_latest_yearly": 0.16,
            "eps_growth_yearly": -124.21
        },
        "20062": {
            "year_quarter": 20062,
            "year": 2006,
            "quarter": 2,
            "eps": -0.12,
            "eps_growth_year": null,
            "eps_4q": -0.92,
            "eps_4q_growth_year": null,
            "roe": -1.43,
            "roe_4q": -10.339999999999998,
            "gross_profit": 6371,
            "gross_margin": 4.39,
            "gross_margin_4q_avg": 2.63,
            "net_income": -2966,
            "net_income_4q": null,
            "revenue": 145064,
            "revenue_4q": null,
            "common_shares": 245482,
            "book_valuer_per_share": 8.4,
            "book_valuer_per_share_4q_avg": 8.67,
            "equity": 206189,
            "current_ratio": 150.37,
            "debt_ratio": 50.96,
            "inventory_turnover_ratio": 1.05,
            "account_receivable_turnover_ratio": null,
            "reinvestment_rate": null,
            "research_to_sale_ratio": null,
            "price_fair": 0.48,
            "eps_avg_yearly": 0.16,
            "eps_latest_yearly": 0.16,
            "eps_growth_yearly": -80
        },
        "20063": {
            "year_quarter": 20063,
            "year": 2006,
            "quarter": 3,
            "eps": -0.08,
            "eps_growth_year": null,
            "eps_4q": -0.91,
            "eps_4q_growth_year": null,
            "roe": -0.95,
            "roe_4q": -10.35,
            "gross_profit": 8222,
            "gross_margin": 5.98,
            "gross_margin_4q_avg": 3.08,
            "net_income": -1942,
            "net_income_4q": null,
            "revenue": 137384,
            "revenue_4q": null,
            "common_shares": 245482,
            "book_valuer_per_share": 8.32,
            "book_valuer_per_share_4q_avg": 8.44,
            "equity": 204247,
            "current_ratio": 131.8,
            "debt_ratio": 61.51,
            "inventory_turnover_ratio": 0.76,
            "account_receivable_turnover_ratio": null,
            "reinvestment_rate": null,
            "research_to_sale_ratio": null,
            "price_fair": 0.48,
            "eps_avg_yearly": 0.16,
            "eps_latest_yearly": 0.16,
            "eps_growth_yearly": -80
        },
        "20064": {
            "year_quarter": 20064,
            "year": 2006,
            "quarter": 4,
            "eps": -0.6,
            "eps_growth_year": null,
            "eps_4q": -0.8,
            "eps_4q_growth_year": null,
            "roe": -7.51,
            "roe_4q": -9.819999999999999,
            "gross_profit": -1545,
            "gross_margin": -1.25,
            "gross_margin_4q_avg": 3.12,
            "net_income": -14784,
            "net_income_4q": null,
            "revenue": 123319,
            "revenue_4q": null,
            "common_shares": 245482,
            "book_valuer_per_share": 7.72,
            "book_valuer_per_share_4q_avg": 8.24,
            "equity": 189463,
            "current_ratio": 121.01,
            "debt_ratio": 62.93,
            "inventory_turnover_ratio": 0.59,
            "account_receivable_turnover_ratio": null,
            "reinvestment_rate": null,
            "research_to_sale_ratio": null,
            "price_fair": 0.48,
            "eps_avg_yearly": 0.16,
            "eps_latest_yearly": 0.16,
            "eps_growth_yearly": -80
        },
        "20071": {
            "year_quarter": 20071,
            "year": 2007,
            "quarter": 1,
            "eps": -0.3,
            "eps_growth_year": -3100,
            "eps_4q": -1.1,
            "eps_4q_growth_year": null,
            "roe": -3.98,
            "roe_4q": -13.87,
            "gross_profit": 7084,
            "gross_margin": 3.87,
            "gross_margin_4q_avg": 3.25,
            "net_income": -7385,
            "net_income_4q": null,
            "revenue": 183189,
            "revenue_4q": null,
            "common_shares": 245482,
            "book_valuer_per_share": 7.42,
            "book_valuer_per_share_4q_avg": 7.97,
            "equity": 182078,
            "current_ratio": 115.81,
            "debt_ratio": 64.84,
            "inventory_turnover_ratio": 0.86,
            "account_receivable_turnover_ratio": null,
            "reinvestment_rate": null,
            "research_to_sale_ratio": null,
            "price_fair": 0.48,
            "eps_avg_yearly": 0.16,
            "eps_latest_yearly": 0.16,
            "eps_growth_yearly": -80
        },
        "20072": {
            "year_quarter": 20072,
            "year": 2007,
            "quarter": 2,
            "eps": -0.05,
            "eps_growth_year": null,
            "eps_4q": -0.76,
            "eps_4q_growth_year": null,
            "roe": -0.35,
            "roe_4q": -12.79,
            "gross_profit": 10306,
            "gross_margin": 6.75,
            "gross_margin_4q_avg": 3.84,
            "net_income": -1184,
            "net_income_4q": null,
            "revenue": 152768,
            "revenue_4q": null,
            "common_shares": 332982,
            "book_valuer_per_share": 14.63,
            "book_valuer_per_share_4q_avg": 9.52,
            "equity": 487144,
            "current_ratio": 303.64,
            "debt_ratio": 22.51,
            "inventory_turnover_ratio": 0.77,
            "account_receivable_turnover_ratio": null,
            "reinvestment_rate": null,
            "research_to_sale_ratio": null,
            "price_fair": 0.48,
            "eps_avg_yearly": 0.16,
            "eps_latest_yearly": 0.16,
            "eps_growth_yearly": -80
        },
        "20073": {
            "year_quarter": 20073,
            "year": 2007,
            "quarter": 3,
            "eps": -0.37,
            "eps_growth_year": null,
            "eps_4q": -1,
            "eps_4q_growth_year": null,
            "roe": -2.09,
            "roe_4q": -13.93,
            "gross_profit": 1821,
            "gross_margin": 1.41,
            "gross_margin_4q_avg": 2.7,
            "net_income": -10099,
            "net_income_4q": null,
            "revenue": 129064,
            "revenue_4q": null,
            "common_shares": 332982,
            "book_valuer_per_share": 14.33,
            "book_valuer_per_share_4q_avg": 11.03,
            "equity": 477045,
            "current_ratio": 301,
            "debt_ratio": 21.87,
            "inventory_turnover_ratio": 0.71,
            "account_receivable_turnover_ratio": null,
            "reinvestment_rate": null,
            "research_to_sale_ratio": null,
            "price_fair": 0.48,
            "eps_avg_yearly": 0.16,
            "eps_latest_yearly": 0.16,
            "eps_growth_yearly": -80
        },
        "20074": {
            "year_quarter": 20074,
            "year": 2007,
            "quarter": 4,
            "eps": -0.06,
            "eps_growth_year": null,
            "eps_4q": -0.69,
            "eps_4q_growth_year": null,
            "roe": -0.35,
            "roe_4q": -6.77,
            "gross_profit": 7317,
            "gross_margin": 4.93,
            "gross_margin_4q_avg": 4.24,
            "net_income": -1677,
            "net_income_4q": null,
            "revenue": 148407,
            "revenue_4q": null,
            "common_shares": 332982,
            "book_valuer_per_share": 14.28,
            "book_valuer_per_share_4q_avg": 12.67,
            "equity": 475368,
            "current_ratio": 257.88,
            "debt_ratio": 23.7,
            "inventory_turnover_ratio": 0.75,
            "account_receivable_turnover_ratio": null,
            "reinvestment_rate": null,
            "research_to_sale_ratio": null,
            "price_fair": 0.48,
            "eps_avg_yearly": 0.16,
            "eps_latest_yearly": 0.16,
            "eps_growth_yearly": -80
        },
        "20081": {
            "year_quarter": 20081,
            "year": 2008,
            "quarter": 1,
            "eps": -0.27,
            "eps_growth_year": null,
            "eps_4q": -0.67,
            "eps_4q_growth_year": null,
            "roe": -1.88,
            "roe_4q": -4.67,
            "gross_profit": 4262,
            "gross_margin": 3.4,
            "gross_margin_4q_avg": 4.12,
            "net_income": -8856,
            "net_income_4q": null,
            "revenue": 125499,
            "revenue_4q": null,
            "common_shares": 332982,
            "book_valuer_per_share": 14.01,
            "book_valuer_per_share_4q_avg": 14.31,
            "equity": 466512,
            "current_ratio": 176.22,
            "debt_ratio": 35.86,
            "inventory_turnover_ratio": 0.51,
            "account_receivable_turnover_ratio": null,
            "reinvestment_rate": null,
            "research_to_sale_ratio": null,
            "price_fair": 0.48,
            "eps_avg_yearly": 0.16,
            "eps_latest_yearly": 0.16,
            "eps_growth_yearly": -80
        },
        "20082": {
            "year_quarter": 20082,
            "year": 2008,
            "quarter": 2,
            "eps": -0.51,
            "eps_growth_year": null,
            "eps_4q": -1.13,
            "eps_4q_growth_year": null,
            "roe": -3.68,
            "roe_4q": -8,
            "gross_profit": -5403,
            "gross_margin": -3.38,
            "gross_margin_4q_avg": 1.59,
            "net_income": -16841,
            "net_income_4q": null,
            "revenue": 159777,
            "revenue_4q": null,
            "common_shares": 332982,
            "book_valuer_per_share": 13.5,
            "book_valuer_per_share_4q_avg": 14.03,
            "equity": 449671,
            "current_ratio": 179.55,
            "debt_ratio": 33.83,
            "inventory_turnover_ratio": 0.62,
            "account_receivable_turnover_ratio": null,
            "reinvestment_rate": null,
            "research_to_sale_ratio": null,
            "price_fair": 0,
            "eps_avg_yearly": 0,
            "eps_latest_yearly": 0,
            "eps_growth_yearly": 0
        },
        "20083": {
            "year_quarter": 20083,
            "year": 2008,
            "quarter": 3,
            "eps": -0.27,
            "eps_growth_year": null,
            "eps_4q": -1.09,
            "eps_4q_growth_year": null,
            "roe": -2.03,
            "roe_4q": -7.9399999999999995,
            "gross_profit": 683,
            "gross_margin": 0.46,
            "gross_margin_4q_avg": 1.35,
            "net_income": -9056,
            "net_income_4q": null,
            "revenue": 148703,
            "revenue_4q": null,
            "common_shares": 332982,
            "book_valuer_per_share": 13.23,
            "book_valuer_per_share_4q_avg": 13.76,
            "equity": 440615,
            "current_ratio": 184.41,
            "debt_ratio": 33.52,
            "inventory_turnover_ratio": 0.61,
            "account_receivable_turnover_ratio": null,
            "reinvestment_rate": null,
            "research_to_sale_ratio": null,
            "price_fair": 0,
            "eps_avg_yearly": 0,
            "eps_latest_yearly": 0,
            "eps_growth_yearly": 0
        },
        "20084": {
            "year_quarter": 20084,
            "year": 2008,
            "quarter": 4,
            "eps": -3.55,
            "eps_growth_year": null,
            "eps_4q": -4.6,
            "eps_4q_growth_year": null,
            "roe": -31.02,
            "roe_4q": -38.61,
            "gross_profit": -71866,
            "gross_margin": -77.34,
            "gross_margin_4q_avg": -19.22,
            "net_income": -118316,
            "net_income_4q": null,
            "revenue": 92926,
            "revenue_4q": null,
            "common_shares": 332982,
            "book_valuer_per_share": 9.68,
            "book_valuer_per_share_4q_avg": 12.61,
            "equity": 322299,
            "current_ratio": 142.08,
            "debt_ratio": 40.22,
            "inventory_turnover_ratio": 0.9,
            "account_receivable_turnover_ratio": 1.95,
            "reinvestment_rate": null,
            "research_to_sale_ratio": null,
            "price_fair": 0,
            "eps_avg_yearly": 0,
            "eps_latest_yearly": 0,
            "eps_growth_yearly": 0
        },
        "20091": {
            "year_quarter": 20091,
            "year": 2009,
            "quarter": 1,
            "eps": -1.01,
            "eps_growth_year": null,
            "eps_4q": -5.34,
            "eps_4q_growth_year": null,
            "roe": -11.04,
            "roe_4q": -47.77,
            "gross_profit": -26282,
            "gross_margin": -36.66,
            "gross_margin_4q_avg": -29.23,
            "net_income": -33735,
            "net_income_4q": null,
            "revenue": 71682,
            "revenue_4q": null,
            "common_shares": 332982,
            "book_valuer_per_share": 8.67,
            "book_valuer_per_share_4q_avg": 11.27,
            "equity": 288564,
            "current_ratio": 111.78,
            "debt_ratio": 43.31,
            "inventory_turnover_ratio": 0.81,
            "account_receivable_turnover_ratio": 1.06,
            "reinvestment_rate": null,
            "research_to_sale_ratio": null,
            "price_fair": 0,
            "eps_avg_yearly": 0,
            "eps_latest_yearly": 0,
            "eps_growth_yearly": 0
        },
        "20092": {
            "year_quarter": 20092,
            "year": 2009,
            "quarter": 2,
            "eps": -0.63,
            "eps_growth_year": null,
            "eps_4q": -5.46,
            "eps_4q_growth_year": null,
            "roe": -7.49,
            "roe_4q": -51.58,
            "gross_profit": 877,
            "gross_margin": 0.59,
            "gross_margin_4q_avg": -28.24,
            "net_income": -20841,
            "net_income_4q": null,
            "revenue": 147657,
            "revenue_4q": null,
            "common_shares": 332982,
            "book_valuer_per_share": 8.04,
            "book_valuer_per_share_4q_avg": 9.91,
            "equity": 267723,
            "current_ratio": 113.62,
            "debt_ratio": 39.05,
            "inventory_turnover_ratio": 1.47,
            "account_receivable_turnover_ratio": 2.69,
            "reinvestment_rate": null,
            "research_to_sale_ratio": null,
            "price_fair": 0,
            "eps_avg_yearly": 0,
            "eps_latest_yearly": 0,
            "eps_growth_yearly": 0
        },
        "20093": {
            "year_quarter": 20093,
            "year": 2009,
            "quarter": 3,
            "eps": -0.45,
            "eps_growth_year": null,
            "eps_4q": -5.64,
            "eps_4q_growth_year": null,
            "roe": -5.71,
            "roe_4q": -55.26,
            "gross_profit": 171,
            "gross_margin": 0.21,
            "gross_margin_4q_avg": -28.3,
            "net_income": -14871,
            "net_income_4q": null,
            "revenue": 81946,
            "revenue_4q": null,
            "common_shares": 332982,
            "book_valuer_per_share": 7.59,
            "book_valuer_per_share_4q_avg": 8.5,
            "equity": 252852,
            "current_ratio": 115.72,
            "debt_ratio": 39.67,
            "inventory_turnover_ratio": 0.91,
            "account_receivable_turnover_ratio": 1.13,
            "reinvestment_rate": null,
            "research_to_sale_ratio": null,
            "price_fair": 0,
            "eps_avg_yearly": 0,
            "eps_latest_yearly": 0,
            "eps_growth_yearly": 0
        },
        "20094": {
            "year_quarter": 20094,
            "year": 2009,
            "quarter": 4,
            "eps": -0.85,
            "eps_growth_year": null,
            "eps_4q": -2.93,
            "eps_4q_growth_year": null,
            "roe": -11.8,
            "roe_4q": -36.04,
            "gross_profit": -5019,
            "gross_margin": -7.64,
            "gross_margin_4q_avg": -10.88,
            "net_income": -28183,
            "net_income_4q": null,
            "revenue": 65717,
            "revenue_4q": null,
            "common_shares": 332982,
            "book_valuer_per_share": 6.75,
            "book_valuer_per_share_4q_avg": 7.76,
            "equity": 224669,
            "current_ratio": 108.1,
            "debt_ratio": 42.57,
            "inventory_turnover_ratio": 0.85,
            "account_receivable_turnover_ratio": 2.06,
            "reinvestment_rate": null,
            "research_to_sale_ratio": null,
            "price_fair": 0,
            "eps_avg_yearly": 0,
            "eps_latest_yearly": 0,
            "eps_growth_yearly": 0
        },
        "20101": {
            "year_quarter": 20101,
            "year": 2010,
            "quarter": 1,
            "eps": -0.42,
            "eps_growth_year": null,
            "eps_4q": -2.34,
            "eps_4q_growth_year": null,
            "roe": -6.45,
            "roe_4q": -31.450000000000003,
            "gross_profit": -4253,
            "gross_margin": -6.1,
            "gross_margin_4q_avg": -3.24,
            "net_income": -14028,
            "net_income_4q": null,
            "revenue": 69752,
            "revenue_4q": null,
            "common_shares": 332982,
            "book_valuer_per_share": 6.33,
            "book_valuer_per_share_4q_avg": 7.18,
            "equity": 210640,
            "current_ratio": 103.17,
            "debt_ratio": 44.55,
            "inventory_turnover_ratio": 0.9,
            "account_receivable_turnover_ratio": 1.05,
            "reinvestment_rate": null,
            "research_to_sale_ratio": 4.29,
            "price_fair": 0,
            "eps_avg_yearly": 0,
            "eps_latest_yearly": 0,
            "eps_growth_yearly": 0
        },
        "20102": {
            "year_quarter": 20102,
            "year": 2010,
            "quarter": 2,
            "eps": -0.04,
            "eps_growth_year": null,
            "eps_4q": -1.66,
            "eps_4q_growth_year": null,
            "roe": -0.72,
            "roe_4q": -24.68,
            "gross_profit": 7156,
            "gross_margin": 5.59,
            "gross_margin_4q_avg": -1.99,
            "net_income": -1585,
            "net_income_4q": null,
            "revenue": 127963,
            "revenue_4q": null,
            "common_shares": 352982,
            "book_valuer_per_share": 6.52,
            "book_valuer_per_share_4q_avg": 6.8,
            "equity": 230056,
            "current_ratio": 116.24,
            "debt_ratio": 43.66,
            "inventory_turnover_ratio": 1.57,
            "account_receivable_turnover_ratio": 1.42,
            "reinvestment_rate": null,
            "research_to_sale_ratio": 1.46,
            "price_fair": 0,
            "eps_avg_yearly": 0,
            "eps_latest_yearly": 0,
            "eps_growth_yearly": 0
        },
        "20103": {
            "year_quarter": 20103,
            "year": 2010,
            "quarter": 3,
            "eps": -0.06,
            "eps_growth_year": null,
            "eps_4q": -1.31,
            "eps_4q_growth_year": null,
            "roe": -0.99,
            "roe_4q": -19.96,
            "gross_profit": 5932,
            "gross_margin": 5.58,
            "gross_margin_4q_avg": -0.64,
            "net_income": -2274,
            "net_income_4q": null,
            "revenue": 106318,
            "revenue_4q": null,
            "common_shares": 352982,
            "book_valuer_per_share": 6.45,
            "book_valuer_per_share_4q_avg": 6.51,
            "equity": 227781,
            "current_ratio": 115.32,
            "debt_ratio": 46.11,
            "inventory_turnover_ratio": 1.33,
            "account_receivable_turnover_ratio": 1.02,
            "reinvestment_rate": null,
            "research_to_sale_ratio": 1.77,
            "price_fair": 0,
            "eps_avg_yearly": 0,
            "eps_latest_yearly": 0,
            "eps_growth_yearly": 0
        },
        "20104": {
            "year_quarter": 20104,
            "year": 2010,
            "quarter": 4,
            "eps": 0.98,
            "eps_growth_year": null,
            "eps_4q": 0.47,
            "eps_4q_growth_year": null,
            "roe": 14.14,
            "roe_4q": 5.9799999999999995,
            "gross_profit": -842,
            "gross_margin": -0.7,
            "gross_margin_4q_avg": 1.09,
            "net_income": 34652,
            "net_income_4q": null,
            "revenue": 119902,
            "revenue_4q": null,
            "common_shares": 352982,
            "book_valuer_per_share": 7.43,
            "book_valuer_per_share_4q_avg": 6.68,
            "equity": 262434,
            "current_ratio": 122.22,
            "debt_ratio": 42.41,
            "inventory_turnover_ratio": 1.51,
            "account_receivable_turnover_ratio": 1.19,
            "reinvestment_rate": null,
            "research_to_sale_ratio": 2.38,
            "price_fair": 0,
            "eps_avg_yearly": 0,
            "eps_latest_yearly": 0,
            "eps_growth_yearly": 0
        },
        "20111": {
            "year_quarter": 20111,
            "year": 2011,
            "quarter": 1,
            "eps": 0.16,
            "eps_growth_year": null,
            "eps_4q": 1.03,
            "eps_4q_growth_year": null,
            "roe": 2.13,
            "roe_4q": 14.559999999999999,
            "gross_profit": 12508,
            "gross_margin": 8.02,
            "gross_margin_4q_avg": 4.62,
            "net_income": 5638,
            "net_income_4q": null,
            "revenue": 155963,
            "revenue_4q": null,
            "common_shares": 352982,
            "book_valuer_per_share": 7.59,
            "book_valuer_per_share_4q_avg": 7,
            "equity": 268072,
            "current_ratio": 122.61,
            "debt_ratio": 47.47,
            "inventory_turnover_ratio": 1.65,
            "account_receivable_turnover_ratio": 1.26,
            "reinvestment_rate": null,
            "research_to_sale_ratio": 0.53,
            "price_fair": 1.92,
            "eps_avg_yearly": 0.64,
            "eps_latest_yearly": 0.64,
            "eps_growth_yearly": -334.69
        },
        "20112": {
            "year_quarter": 20112,
            "year": 2011,
            "quarter": 2,
            "eps": 0.08,
            "eps_growth_year": null,
            "eps_4q": 1.16,
            "eps_4q_growth_year": null,
            "roe": 1.05,
            "roe_4q": 16.330000000000002,
            "gross_profit": 10772,
            "gross_margin": 7.76,
            "gross_margin_4q_avg": 5.17,
            "net_income": 2821,
            "net_income_4q": null,
            "revenue": 138781,
            "revenue_4q": null,
            "common_shares": 352982,
            "book_valuer_per_share": 7.67,
            "book_valuer_per_share_4q_avg": 7.29,
            "equity": 270893,
            "current_ratio": 128.25,
            "debt_ratio": 44.9,
            "inventory_turnover_ratio": 1.35,
            "account_receivable_turnover_ratio": 1.04,
            "reinvestment_rate": null,
            "research_to_sale_ratio": 0.46,
            "price_fair": 1.44,
            "eps_avg_yearly": 0.48,
            "eps_latest_yearly": 0.32,
            "eps_growth_yearly": -267.35
        },
        "20113": {
            "year_quarter": 20113,
            "year": 2011,
            "quarter": 3,
            "eps": -0.03,
            "eps_growth_year": null,
            "eps_4q": 1.19,
            "eps_4q_growth_year": null,
            "roe": -0.37,
            "roe_4q": 16.95,
            "gross_profit": 1316,
            "gross_margin": 1.39,
            "gross_margin_4q_avg": 4.12,
            "net_income": -991,
            "net_income_4q": null,
            "revenue": 94849,
            "revenue_4q": null,
            "common_shares": 352982,
            "book_valuer_per_share": 7.65,
            "book_valuer_per_share_4q_avg": 7.59,
            "equity": 269902,
            "current_ratio": 136.12,
            "debt_ratio": 40.85,
            "inventory_turnover_ratio": 0.98,
            "account_receivable_turnover_ratio": 0.9,
            "reinvestment_rate": null,
            "research_to_sale_ratio": 1,
            "price_fair": 1.44,
            "eps_avg_yearly": 0.48,
            "eps_latest_yearly": 0.32,
            "eps_growth_yearly": -267.35
        },
        "20114": {
            "year_quarter": 20114,
            "year": 2011,
            "quarter": 4,
            "eps": -0.07,
            "eps_growth_year": -106.81,
            "eps_4q": 0.14,
            "eps_4q_growth_year": -69.53,
            "roe": -0.88,
            "roe_4q": 1.93,
            "gross_profit": 2801,
            "gross_margin": 3.31,
            "gross_margin_4q_avg": 5.12,
            "net_income": -2359,
            "net_income_4q": null,
            "revenue": 84500,
            "revenue_4q": null,
            "common_shares": 352982,
            "book_valuer_per_share": 7.58,
            "book_valuer_per_share_4q_avg": 7.62,
            "equity": 267543,
            "current_ratio": 142.36,
            "debt_ratio": 39.48,
            "inventory_turnover_ratio": 0.83,
            "account_receivable_turnover_ratio": 0.93,
            "reinvestment_rate": null,
            "research_to_sale_ratio": 1.38,
            "price_fair": 1.44,
            "eps_avg_yearly": 0.48,
            "eps_latest_yearly": 0.32,
            "eps_growth_yearly": -267.35
        },
        "20121": {
            "year_quarter": 20121,
            "year": 2012,
            "quarter": 1,
            "eps": -0.15,
            "eps_growth_year": -193.75,
            "eps_4q": -0.16,
            "eps_4q_growth_year": -115.6,
            "roe": -1.95,
            "roe_4q": -2.1500000000000004,
            "gross_profit": 2927,
            "gross_margin": 4.51,
            "gross_margin_4q_avg": 4.24,
            "net_income": -5156,
            "net_income_4q": null,
            "revenue": 64916,
            "revenue_4q": null,
            "common_shares": 352982,
            "book_valuer_per_share": 7.43,
            "book_valuer_per_share_4q_avg": 7.58,
            "equity": 262387,
            "current_ratio": 141.51,
            "debt_ratio": 37.36,
            "inventory_turnover_ratio": 0.61,
            "account_receivable_turnover_ratio": 0.75,
            "reinvestment_rate": null,
            "research_to_sale_ratio": 1.95,
            "price_fair": 1.44,
            "eps_avg_yearly": 0.48,
            "eps_latest_yearly": 0.32,
            "eps_growth_yearly": -267.35
        },
        "20122": {
            "year_quarter": 20122,
            "year": 2012,
            "quarter": 2,
            "eps": -0.13,
            "eps_growth_year": -267.19,
            "eps_4q": -0.35,
            "eps_4q_growth_year": -130.26,
            "roe": -1.88,
            "roe_4q": -5.08,
            "gross_profit": 2549,
            "gross_margin": 2.31,
            "gross_margin_4q_avg": 2.88,
            "net_income": -5251,
            "net_income_4q": null,
            "revenue": 110519,
            "revenue_4q": null,
            "common_shares": 392982,
            "book_valuer_per_share": 7.56,
            "book_valuer_per_share_4q_avg": 7.56,
            "equity": 297136,
            "current_ratio": 163.98,
            "debt_ratio": 35.63,
            "inventory_turnover_ratio": 0.99,
            "account_receivable_turnover_ratio": 1.21,
            "reinvestment_rate": null,
            "research_to_sale_ratio": 1.09,
            "price_fair": 1.44,
            "eps_avg_yearly": 0.48,
            "eps_latest_yearly": 0.32,
            "eps_growth_yearly": -267.35
        },
        "20123": {
            "year_quarter": 20123,
            "year": 2012,
            "quarter": 3,
            "eps": -0.16,
            "eps_growth_year": null,
            "eps_4q": -0.49,
            "eps_4q_growth_year": -141.02,
            "roe": -2.2,
            "roe_4q": -6.91,
            "gross_profit": 845,
            "gross_margin": 0.48,
            "gross_margin_4q_avg": 2.65,
            "net_income": -6471,
            "net_income_4q": null,
            "revenue": 175999,
            "revenue_4q": null,
            "common_shares": 392982,
            "book_valuer_per_share": 7.4,
            "book_valuer_per_share_4q_avg": 7.49,
            "equity": 290665,
            "current_ratio": 154.78,
            "debt_ratio": 38.82,
            "inventory_turnover_ratio": 1.52,
            "account_receivable_turnover_ratio": 1.5,
            "reinvestment_rate": null,
            "research_to_sale_ratio": 0.42,
            "price_fair": 1.44,
            "eps_avg_yearly": 0.48,
            "eps_latest_yearly": 0.32,
            "eps_growth_yearly": -267.35
        },
        "20124": {
            "year_quarter": 20124,
            "year": 2012,
            "quarter": 4,
            "eps": -0.01,
            "eps_growth_year": null,
            "eps_4q": -0.44,
            "eps_4q_growth_year": -406.17,
            "roe": -0.18,
            "roe_4q": -6.21,
            "gross_profit": -14119,
            "gross_margin": 12.55,
            "gross_margin_4q_avg": 4.96,
            "net_income": -537,
            "net_income_4q": null,
            "revenue": -112462,
            "revenue_4q": null,
            "common_shares": 392982,
            "book_valuer_per_share": 7.38,
            "book_valuer_per_share_4q_avg": 7.44,
            "equity": 290128,
            "current_ratio": 164.47,
            "debt_ratio": 34.85,
            "inventory_turnover_ratio": -0.91,
            "account_receivable_turnover_ratio": -1.35,
            "reinvestment_rate": null,
            "research_to_sale_ratio": -0.81,
            "price_fair": 1.44,
            "eps_avg_yearly": 0.48,
            "eps_latest_yearly": 0.32,
            "eps_growth_yearly": -267.35
        },
        "20131": {
            "year_quarter": 20131,
            "year": 2013,
            "quarter": 1,
            "eps": -0.1,
            "eps_growth_year": null,
            "eps_4q": -0.41,
            "eps_4q_growth_year": null,
            "roe": -1.32,
            "roe_4q": -5.58,
            "gross_profit": -1039,
            "gross_margin": -1.39,
            "gross_margin_4q_avg": 3.49,
            "net_income": -3822,
            "net_income_4q": null,
            "revenue": 74595,
            "revenue_4q": null,
            "common_shares": 392982,
            "book_valuer_per_share": 7.33,
            "book_valuer_per_share_4q_avg": 7.42,
            "equity": 288224,
            "current_ratio": 157.01,
            "debt_ratio": 33.45,
            "inventory_turnover_ratio": 0.77,
            "account_receivable_turnover_ratio": 1.69,
            "reinvestment_rate": null,
            "research_to_sale_ratio": 1.03,
            "price_fair": 1.44,
            "eps_avg_yearly": 0.48,
            "eps_latest_yearly": 0.32,
            "eps_growth_yearly": -267.35
        },
        "20132": {
            "year_quarter": 20132,
            "year": 2013,
            "quarter": 2,
            "eps": -0.23,
            "eps_growth_year": null,
            "eps_4q": -0.5,
            "eps_4q_growth_year": null,
            "roe": -3.13,
            "roe_4q": -6.83,
            "gross_profit": -1248,
            "gross_margin": -2.03,
            "gross_margin_4q_avg": 2.4,
            "net_income": -8893,
            "net_income_4q": null,
            "revenue": 61440,
            "revenue_4q": null,
            "common_shares": 392982,
            "book_valuer_per_share": 7.11,
            "book_valuer_per_share_4q_avg": 7.31,
            "equity": 279331,
            "current_ratio": 183.99,
            "debt_ratio": 33.33,
            "inventory_turnover_ratio": 0.71,
            "account_receivable_turnover_ratio": 1.06,
            "reinvestment_rate": null,
            "research_to_sale_ratio": 0.65,
            "price_fair": 1.44,
            "eps_avg_yearly": 0.48,
            "eps_latest_yearly": 0.32,
            "eps_growth_yearly": -267.35
        },
        "20133": {
            "year_quarter": 20133,
            "year": 2013,
            "quarter": 3,
            "eps": -0.93,
            "eps_growth_year": null,
            "eps_4q": -1.27,
            "eps_4q_growth_year": null,
            "roe": -14.05,
            "roe_4q": -18.68,
            "gross_profit": -1995,
            "gross_margin": -4.27,
            "gross_margin_4q_avg": 1.22,
            "net_income": -36671,
            "net_income_4q": null,
            "revenue": 46719,
            "revenue_4q": null,
            "common_shares": 392982,
            "book_valuer_per_share": 6.17,
            "book_valuer_per_share_4q_avg": 7,
            "equity": 242660,
            "current_ratio": 164.73,
            "debt_ratio": 34.98,
            "inventory_turnover_ratio": 0.57,
            "account_receivable_turnover_ratio": 0.82,
            "reinvestment_rate": null,
            "research_to_sale_ratio": 1.96,
            "price_fair": 1.44,
            "eps_avg_yearly": 0.48,
            "eps_latest_yearly": 0.32,
            "eps_growth_yearly": -267.35
        },
        "20134": {
            "year_quarter": 20134,
            "year": 2013,
            "quarter": 4,
            "eps": -1.03,
            "eps_growth_year": null,
            "eps_4q": -2.29,
            "eps_4q_growth_year": null,
            "roe": -18.24,
            "roe_4q": -36.74,
            "gross_profit": -4187,
            "gross_margin": -7.56,
            "gross_margin_4q_avg": -3.81,
            "net_income": -40566,
            "net_income_4q": null,
            "revenue": 55411,
            "revenue_4q": null,
            "common_shares": 392982,
            "book_valuer_per_share": 5.14,
            "book_valuer_per_share_4q_avg": 6.44,
            "equity": 202144,
            "current_ratio": 140.2,
            "debt_ratio": 38.51,
            "inventory_turnover_ratio": 0.7,
            "account_receivable_turnover_ratio": 1.11,
            "reinvestment_rate": null,
            "research_to_sale_ratio": 0.92,
            "price_fair": 1.44,
            "eps_avg_yearly": 0.48,
            "eps_latest_yearly": 0.32,
            "eps_growth_yearly": -267.35
        },
        "20141": {
            "year_quarter": 20141,
            "year": 2014,
            "quarter": 1,
            "eps": -0.24,
            "eps_growth_year": null,
            "eps_4q": -2.43,
            "eps_4q_growth_year": null,
            "roe": -4.82,
            "roe_4q": -40.24,
            "gross_profit": 635,
            "gross_margin": 1.51,
            "gross_margin_4q_avg": -3.09,
            "net_income": -9514,
            "net_income_4q": null,
            "revenue": 42005,
            "revenue_4q": null,
            "common_shares": 392982,
            "book_valuer_per_share": 4.9,
            "book_valuer_per_share_4q_avg": 5.83,
            "equity": 192630,
            "current_ratio": 153.29,
            "debt_ratio": 30.75,
            "inventory_turnover_ratio": 0.54,
            "account_receivable_turnover_ratio": 0.97,
            "reinvestment_rate": null,
            "research_to_sale_ratio": 0.45,
            "price_fair": 1.44,
            "eps_avg_yearly": 0.48,
            "eps_latest_yearly": 0.32,
            "eps_growth_yearly": -267.35
        },
        "20142": {
            "year_quarter": 20142,
            "year": 2014,
            "quarter": 2,
            "eps": -0.25,
            "eps_growth_year": null,
            "eps_4q": -2.46,
            "eps_4q_growth_year": null,
            "roe": -5.26,
            "roe_4q": -42.370000000000005,
            "gross_profit": -2263,
            "gross_margin": -7.03,
            "gross_margin_4q_avg": -4.34,
            "net_income": -9880,
            "net_income_4q": null,
            "revenue": 32186,
            "revenue_4q": null,
            "common_shares": 392982,
            "book_valuer_per_share": 4.65,
            "book_valuer_per_share_4q_avg": 5.22,
            "equity": 182750,
            "current_ratio": 364.71,
            "debt_ratio": 30.9,
            "inventory_turnover_ratio": 0.47,
            "account_receivable_turnover_ratio": 1.08,
            "reinvestment_rate": null,
            "research_to_sale_ratio": 1.7,
            "price_fair": 1.44,
            "eps_avg_yearly": 0.48,
            "eps_latest_yearly": 0.32,
            "eps_growth_yearly": -267.35
        },
        "20143": {
            "year_quarter": 20143,
            "year": 2014,
            "quarter": 3,
            "eps": -0.57,
            "eps_growth_year": null,
            "eps_4q": -2.09,
            "eps_4q_growth_year": null,
            "roe": -12.97,
            "roe_4q": -41.29,
            "gross_profit": -3221,
            "gross_margin": -10.26,
            "gross_margin_4q_avg": -5.84,
            "net_income": -22253,
            "net_income_4q": null,
            "revenue": 31396,
            "revenue_4q": null,
            "common_shares": 392982,
            "book_valuer_per_share": 4.08,
            "book_valuer_per_share_4q_avg": 4.69,
            "equity": 160497,
            "current_ratio": 188.21,
            "debt_ratio": 33.42,
            "inventory_turnover_ratio": 0.48,
            "account_receivable_turnover_ratio": 1.37,
            "reinvestment_rate": null,
            "research_to_sale_ratio": 1.1,
            "price_fair": 1.44,
            "eps_avg_yearly": 0.48,
            "eps_latest_yearly": 0.32,
            "eps_growth_yearly": -267.35
        },
        "20144": {
            "year_quarter": 20144,
            "year": 2014,
            "quarter": 4,
            "eps": -0.41,
            "eps_growth_year": null,
            "eps_4q": -1.47,
            "eps_4q_growth_year": null,
            "roe": -10.56,
            "roe_4q": -33.61,
            "gross_profit": -3071,
            "gross_margin": -11.21,
            "gross_margin_4q_avg": -6.75,
            "net_income": -16148,
            "net_income_4q": null,
            "revenue": 27394,
            "revenue_4q": null,
            "common_shares": 392982,
            "book_valuer_per_share": 3.7,
            "book_valuer_per_share_4q_avg": 4.33,
            "equity": 145386,
            "current_ratio": 336.55,
            "debt_ratio": 44.9,
            "inventory_turnover_ratio": 0.48,
            "account_receivable_turnover_ratio": 1.44,
            "reinvestment_rate": null,
            "research_to_sale_ratio": 0.9,
            "price_fair": 1.44,
            "eps_avg_yearly": 0.48,
            "eps_latest_yearly": 0.32,
            "eps_growth_yearly": -267.35
        },
        "20151": {
            "year_quarter": 20151,
            "year": 2015,
            "quarter": 1,
            "eps": -0.48,
            "eps_growth_year": null,
            "eps_4q": -2.53,
            "eps_4q_growth_year": null,
            "roe": -8.06,
            "roe_4q": -36.85,
            "gross_profit": -2442,
            "gross_margin": -10.68,
            "gross_margin_4q_avg": -9.8,
            "net_income": -11265,
            "net_income_4q": null,
            "revenue": 22862,
            "revenue_4q": null,
            "common_shares": 235789,
            "book_valuer_per_share": 5.69,
            "book_valuer_per_share_4q_avg": 4.53,
            "equity": 134121,
            "current_ratio": 295.7,
            "debt_ratio": 46,
            "inventory_turnover_ratio": 0.48,
            "account_receivable_turnover_ratio": 1.36,
            "reinvestment_rate": null,
            "research_to_sale_ratio": 0.94,
            "price_fair": 0.96,
            "eps_avg_yearly": 0.32,
            "eps_latest_yearly": 0.32,
            "eps_growth_yearly": -200
        },
        "20152": {
            "year_quarter": 20152,
            "year": 2015,
            "quarter": 2,
            "eps": -0.39,
            "eps_growth_year": null,
            "eps_4q": -2.49,
            "eps_4q_growth_year": null,
            "roe": -7.04,
            "roe_4q": -38.63,
            "gross_profit": -1659,
            "gross_margin": -9.43,
            "gross_margin_4q_avg": -10.4,
            "net_income": -9118,
            "net_income_4q": null,
            "revenue": 17588,
            "revenue_4q": null,
            "common_shares": 235789,
            "book_valuer_per_share": 5.3,
            "book_valuer_per_share_4q_avg": 4.69,
            "equity": 125003,
            "current_ratio": 277.23,
            "debt_ratio": 46.46,
            "inventory_turnover_ratio": 0.41,
            "account_receivable_turnover_ratio": 1.21,
            "reinvestment_rate": null,
            "research_to_sale_ratio": 1.44,
            "price_fair": 0,
            "eps_avg_yearly": 0,
            "eps_latest_yearly": 0,
            "eps_growth_yearly": 0
        },
        "20153": {
            "year_quarter": 20153,
            "year": 2015,
            "quarter": 3,
            "eps": -0.22,
            "eps_growth_year": null,
            "eps_4q": -1.77,
            "eps_4q_growth_year": null,
            "roe": -4.2,
            "roe_4q": -29.86,
            "gross_profit": -827,
            "gross_margin": -5.16,
            "gross_margin_4q_avg": -9.12,
            "net_income": -5137,
            "net_income_4q": null,
            "revenue": 16014,
            "revenue_4q": null,
            "common_shares": 235789,
            "book_valuer_per_share": 5.08,
            "book_valuer_per_share_4q_avg": 4.94,
            "equity": 119866,
            "current_ratio": 232.64,
            "debt_ratio": 47.53,
            "inventory_turnover_ratio": 0.4,
            "account_receivable_turnover_ratio": 1.25,
            "reinvestment_rate": null,
            "research_to_sale_ratio": 0.33,
            "price_fair": 0,
            "eps_avg_yearly": 0,
            "eps_latest_yearly": 0,
            "eps_growth_yearly": 0
        },
        "20154": {
            "year_quarter": 20154,
            "year": 2015,
            "quarter": 4,
            "eps": -2.28,
            "eps_growth_year": null,
            "eps_4q": -3.37,
            "eps_4q_growth_year": null,
            "roe": -57.85,
            "roe_4q": -77.15,
            "gross_profit": -14204,
            "gross_margin": -127.56,
            "gross_margin_4q_avg": -38.21,
            "net_income": -53875,
            "net_income_4q": null,
            "revenue": 11135,
            "revenue_4q": null,
            "common_shares": 235789,
            "book_valuer_per_share": 2.82,
            "book_valuer_per_share_4q_avg": 4.72,
            "equity": 66377,
            "current_ratio": 262.67,
            "debt_ratio": 62.18,
            "inventory_turnover_ratio": 0.77,
            "account_receivable_turnover_ratio": 0.99,
            "reinvestment_rate": null,
            "research_to_sale_ratio": 0.71,
            "price_fair": 0,
            "eps_avg_yearly": 0,
            "eps_latest_yearly": 0,
            "eps_growth_yearly": 0
        },
        "20161": {
            "year_quarter": 20161,
            "year": 2016,
            "quarter": 1,
            "eps": -0.7,
            "eps_growth_year": null,
            "eps_4q": -3.59,
            "eps_4q_growth_year": null,
            "roe": -28.46,
            "roe_4q": -97.55000000000001,
            "gross_profit": -6226,
            "gross_margin": -60.86,
            "gross_margin_4q_avg": -50.75,
            "net_income": -16539,
            "net_income_4q": null,
            "revenue": 10230,
            "revenue_4q": null,
            "common_shares": 235789,
            "book_valuer_per_share": 2.11,
            "book_valuer_per_share_4q_avg": 3.83,
            "equity": 49838,
            "current_ratio": 188.68,
            "debt_ratio": 69.3,
            "inventory_turnover_ratio": 0.84,
            "account_receivable_turnover_ratio": 1.41,
            "reinvestment_rate": null,
            "research_to_sale_ratio": 0,
            "price_fair": 0,
            "eps_avg_yearly": 0,
            "eps_latest_yearly": 0,
            "eps_growth_yearly": 0
        },
        "20162": {
            "year_quarter": 20162,
            "year": 2016,
            "quarter": 2,
            "eps": 0.15,
            "eps_growth_year": null,
            "eps_4q": -2.43,
            "eps_4q_growth_year": null,
            "roe": 5.67,
            "roe_4q": -84.84,
            "gross_profit": -884,
            "gross_margin": -18.92,
            "gross_margin_4q_avg": -53.13,
            "net_income": 3660,
            "net_income_4q": null,
            "revenue": 4672,
            "revenue_4q": null,
            "common_shares": 295789,
            "book_valuer_per_share": 2.68,
            "book_valuer_per_share_4q_avg": 3.17,
            "equity": 79298,
            "current_ratio": 173.75,
            "debt_ratio": 61.33,
            "inventory_turnover_ratio": 0.4,
            "account_receivable_turnover_ratio": 0.97,
            "reinvestment_rate": null,
            "research_to_sale_ratio": 0,
            "price_fair": 0,
            "eps_avg_yearly": 0,
            "eps_latest_yearly": 0,
            "eps_growth_yearly": 0
        },
        "20163": {
            "year_quarter": 20163,
            "year": 2016,
            "quarter": 3,
            "eps": -0.59,
            "eps_growth_year": null,
            "eps_4q": -2.77,
            "eps_4q_growth_year": null,
            "roe": -21.2,
            "roe_4q": -101.84,
            "gross_profit": -2577,
            "gross_margin": -38.19,
            "gross_margin_4q_avg": -61.38,
            "net_income": -15198,
            "net_income_4q": null,
            "revenue": 6747,
            "revenue_4q": null,
            "common_shares": 295789,
            "book_valuer_per_share": 2.17,
            "book_valuer_per_share_4q_avg": 2.45,
            "equity": 64100,
            "current_ratio": 138.6,
            "debt_ratio": 67.49,
            "inventory_turnover_ratio": 0.78,
            "account_receivable_turnover_ratio": 1.66,
            "reinvestment_rate": null,
            "research_to_sale_ratio": 0,
            "price_fair": 0,
            "eps_avg_yearly": 0,
            "eps_latest_yearly": 0,
            "eps_growth_yearly": 0
        },
        "20164": {
            "year_quarter": 20164,
            "year": 2016,
            "quarter": 4,
            "eps": -0.25,
            "eps_growth_year": null,
            "eps_4q": -1.2,
            "eps_4q_growth_year": null,
            "roe": -12.26,
            "roe_4q": -56.25,
            "gross_profit": -3154,
            "gross_margin": -70.94,
            "gross_margin_4q_avg": -47.23,
            "net_income": -7401,
            "net_income_4q": null,
            "revenue": 4446,
            "revenue_4q": null,
            "common_shares": 295789,
            "book_valuer_per_share": 1.91,
            "book_valuer_per_share_4q_avg": 2.22,
            "equity": 56595,
            "current_ratio": 72.6,
            "debt_ratio": 68.94,
            "inventory_turnover_ratio": 0.76,
            "account_receivable_turnover_ratio": 1.11,
            "reinvestment_rate": null,
            "research_to_sale_ratio": 0,
            "price_fair": 0,
            "eps_avg_yearly": 0,
            "eps_latest_yearly": 0,
            "eps_growth_yearly": 0
        },
        "20171": {
            "year_quarter": 20171,
            "year": 2017,
            "quarter": 1,
            "eps": -0.26,
            "eps_growth_year": null,
            "eps_4q": -0.9,
            "eps_4q_growth_year": null,
            "roe": -14.43,
            "roe_4q": -42.22,
            "gross_profit": -2694,
            "gross_margin": -68.6,
            "gross_margin_4q_avg": -49.16,
            "net_income": -7618,
            "net_income_4q": null,
            "revenue": 3927,
            "revenue_4q": null,
            "common_shares": 295789,
            "book_valuer_per_share": 1.66,
            "book_valuer_per_share_4q_avg": 2.11,
            "equity": 48977,
            "current_ratio": 62.37,
            "debt_ratio": 71.93,
            "inventory_turnover_ratio": 0.76,
            "account_receivable_turnover_ratio": 1.34,
            "reinvestment_rate": null,
            "research_to_sale_ratio": 0,
            "price_fair": 0,
            "eps_avg_yearly": 0,
            "eps_latest_yearly": 0,
            "eps_growth_yearly": 0
        },
        "20172": {
            "year_quarter": 20172,
            "year": 2017,
            "quarter": 2,
            "eps": 3.01,
            "eps_growth_year": 1906.67,
            "eps_4q": 1.98,
            "eps_4q_growth_year": null,
            "roe": 95.15,
            "roe_4q": 47.25999999999999,
            "gross_profit": -8682,
            "gross_margin": -251.65,
            "gross_margin_4q_avg": -107.35,
            "net_income": 88893,
            "net_income_4q": null,
            "revenue": 3450,
            "revenue_4q": null,
            "common_shares": 295789,
            "book_valuer_per_share": 4.66,
            "book_valuer_per_share_4q_avg": 2.6,
            "equity": 137870,
            "current_ratio": 131.73,
            "debt_ratio": 47.29,
            "inventory_turnover_ratio": 2.74,
            "account_receivable_turnover_ratio": 1.5,
            "reinvestment_rate": null,
            "research_to_sale_ratio": 0,
            "price_fair": 0,
            "eps_avg_yearly": 0,
            "eps_latest_yearly": 0,
            "eps_growth_yearly": 0
        },
        "20173": {
            "year_quarter": 20173,
            "year": 2017,
            "quarter": 3,
            "eps": -0.96,
            "eps_growth_year": null,
            "eps_4q": 1.53,
            "eps_4q_growth_year": null,
            "roe": -23.04,
            "roe_4q": 45.420000000000016,
            "gross_profit": -953,
            "gross_margin": -84.71,
            "gross_margin_4q_avg": -118.98,
            "net_income": -28487,
            "net_income_4q": null,
            "revenue": 1125,
            "revenue_4q": null,
            "common_shares": 295789,
            "book_valuer_per_share": 3.7,
            "book_valuer_per_share_4q_avg": 2.98,
            "equity": 109383,
            "current_ratio": 313.53,
            "debt_ratio": 10.42,
            "inventory_turnover_ratio": 2.93,
            "account_receivable_turnover_ratio": 0.68,
            "reinvestment_rate": null,
            "research_to_sale_ratio": 0,
            "price_fair": 0,
            "eps_avg_yearly": 0,
            "eps_latest_yearly": 0,
            "eps_growth_yearly": 0
        },
        "20174": {
            "year_quarter": 20174,
            "year": 2017,
            "quarter": 4,
            "eps": -0.16,
            "eps_growth_year": null,
            "eps_4q": 1.46,
            "eps_4q_growth_year": null,
            "roe": -4.29,
            "roe_4q": 53.39000000000001,
            "gross_profit": 118,
            "gross_margin": 5.79,
            "gross_margin_4q_avg": -99.79,
            "net_income": -5224,
            "net_income_4q": null,
            "revenue": 2039,
            "revenue_4q": null,
            "common_shares": 325789,
            "book_valuer_per_share": 4.12,
            "book_valuer_per_share_4q_avg": 3.54,
            "equity": 134159,
            "current_ratio": 956.69,
            "debt_ratio": 4.4,
            "inventory_turnover_ratio": 2.75,
            "account_receivable_turnover_ratio": 1.41,
            "reinvestment_rate": null,
            "research_to_sale_ratio": 0,
            "price_fair": 0,
            "eps_avg_yearly": 0,
            "eps_latest_yearly": 0,
            "eps_growth_yearly": 0
        },
        "20181": {
            "year_quarter": 20181,
            "year": 2018,
            "quarter": 1,
            "eps": -0.2,
            "eps_growth_year": null,
            "eps_4q": 1.49,
            "eps_4q_growth_year": null,
            "roe": -5.01,
            "roe_4q": 62.81,
            "gross_profit": 1067,
            "gross_margin": 38.41,
            "gross_margin_4q_avg": -73.04,
            "net_income": -6553,
            "net_income_4q": null,
            "revenue": 2778,
            "revenue_4q": null,
            "common_shares": 325789,
            "book_valuer_per_share": 3.92,
            "book_valuer_per_share_4q_avg": 4.1,
            "equity": 127606,
            "current_ratio": 1454.03,
            "debt_ratio": 2.33,
            "inventory_turnover_ratio": 3.38,
            "account_receivable_turnover_ratio": 1.94,
            "reinvestment_rate": null,
            "research_to_sale_ratio": null,
            "price_fair": 0,
            "eps_avg_yearly": 0,
            "eps_latest_yearly": 0,
            "eps_growth_yearly": 0
        },
        "20182": {
            "year_quarter": 20182,
            "year": 2018,
            "quarter": 2,
            "eps": -0.2,
            "eps_growth_year": -106.64,
            "eps_4q": -1.44,
            "eps_4q_growth_year": -172.46,
            "roe": -5.28,
            "roe_4q": -37.62,
            "gross_profit": 486,
            "gross_margin": 16.02,
            "gross_margin_4q_avg": -6.12,
            "net_income": -6562,
            "net_income_4q": null,
            "revenue": 3034,
            "revenue_4q": null,
            "common_shares": 325789,
            "book_valuer_per_share": 3.72,
            "book_valuer_per_share_4q_avg": 3.87,
            "equity": 121044,
            "current_ratio": 718.43,
            "debt_ratio": 3.86,
            "inventory_turnover_ratio": 6.91,
            "account_receivable_turnover_ratio": 1.86,
            "reinvestment_rate": null,
            "research_to_sale_ratio": 0,
            "price_fair": 0,
            "eps_avg_yearly": 0,
            "eps_latest_yearly": 0,
            "eps_growth_yearly": 0
        },
        "20183": {
            "year_quarter": 20183,
            "year": 2018,
            "quarter": 3,
            "eps": -0.24,
            "eps_growth_year": null,
            "eps_4q": -0.8,
            "eps_4q_growth_year": -152.31,
            "roe": -6.67,
            "roe_4q": -21.25,
            "gross_profit": 233,
            "gross_margin": 22.73,
            "gross_margin_4q_avg": 20.74,
            "net_income": -7811,
            "net_income_4q": null,
            "revenue": 1025,
            "revenue_4q": null,
            "common_shares": 325789,
            "book_valuer_per_share": 3.48,
            "book_valuer_per_share_4q_avg": 3.81,
            "equity": 113233,
            "current_ratio": 554.08,
            "debt_ratio": 4.56,
            "inventory_turnover_ratio": 1.36,
            "account_receivable_turnover_ratio": 0.21,
            "reinvestment_rate": null,
            "research_to_sale_ratio": 0,
            "price_fair": 0,
            "eps_avg_yearly": 0,
            "eps_latest_yearly": 0,
            "eps_growth_yearly": 0
        },
        "20184": {
            "year_quarter": 20184,
            "year": 2018,
            "quarter": 4,
            "eps": -0.23,
            "eps_growth_year": null,
            "eps_4q": -0.87,
            "eps_4q_growth_year": -159.64,
            "roe": -6.79,
            "roe_4q": -23.75,
            "gross_profit": 165,
            "gross_margin": 13.85,
            "gross_margin_4q_avg": 22.75,
            "net_income": -7439,
            "net_income_4q": null,
            "revenue": 1191,
            "revenue_4q": null,
            "common_shares": 325789,
            "book_valuer_per_share": 3.25,
            "book_valuer_per_share_4q_avg": 3.59,
            "equity": 105794,
            "current_ratio": 825.35,
            "debt_ratio": 2.19,
            "inventory_turnover_ratio": 1.43,
            "account_receivable_turnover_ratio": 0.27,
            "reinvestment_rate": null,
            "research_to_sale_ratio": 0,
            "price_fair": 0,
            "eps_avg_yearly": 0,
            "eps_latest_yearly": 0,
            "eps_growth_yearly": 0
        },
        "20191": {
            "year_quarter": 20191,
            "year": 2019,
            "quarter": 1,
            "eps": -0.16,
            "eps_growth_year": null,
            "eps_4q": -0.83,
            "eps_4q_growth_year": -155.79,
            "roe": -5.16,
            "roe_4q": -23.9,
            "gross_profit": 58,
            "gross_margin": 7.44,
            "gross_margin_4q_avg": 15.01,
            "net_income": -5319,
            "net_income_4q": null,
            "revenue": 780,
            "revenue_4q": null,
            "common_shares": 325789,
            "book_valuer_per_share": 3.08,
            "book_valuer_per_share_4q_avg": 3.38,
            "equity": 100475,
            "current_ratio": 694.15,
            "debt_ratio": 2.08,
            "inventory_turnover_ratio": 1.32,
            "account_receivable_turnover_ratio": 1.14,
            "reinvestment_rate": null,
            "research_to_sale_ratio": null,
            "price_fair": 0,
            "eps_avg_yearly": 0,
            "eps_latest_yearly": 0,
            "eps_growth_yearly": 0
        },
        "20192": {
            "year_quarter": 20192,
            "year": 2019,
            "quarter": 2,
            "eps": -0.17,
            "eps_growth_year": null,
            "eps_4q": -0.8,
            "eps_4q_growth_year": null,
            "roe": -5.61,
            "roe_4q": -24.229999999999997,
            "gross_profit": 94,
            "gross_margin": 8.63,
            "gross_margin_4q_avg": 13.16,
            "net_income": -5480,
            "net_income_4q": null,
            "revenue": 1089,
            "revenue_4q": null,
            "common_shares": 325789,
            "book_valuer_per_share": 2.92,
            "book_valuer_per_share_4q_avg": 3.18,
            "equity": 94995,
            "current_ratio": 403.56,
            "debt_ratio": 2.71,
            "inventory_turnover_ratio": 2.11,
            "account_receivable_turnover_ratio": 2.42,
            "reinvestment_rate": null,
            "research_to_sale_ratio": null,
            "price_fair": 0,
            "eps_avg_yearly": 0,
            "eps_latest_yearly": 0,
            "eps_growth_yearly": 0
        },
        "20193": {
            "year_quarter": 20193,
            "year": 2019,
            "quarter": 3,
            "eps": -0.14,
            "eps_growth_year": null,
            "eps_4q": -0.7,
            "eps_4q_growth_year": null,
            "roe": -4.94,
            "roe_4q": -22.5,
            "gross_profit": 13,
            "gross_margin": 2.86,
            "gross_margin_4q_avg": 8.2,
            "net_income": -4584,
            "net_income_4q": null,
            "revenue": 455,
            "revenue_4q": null,
            "common_shares": 325789,
            "book_valuer_per_share": 2.78,
            "book_valuer_per_share_4q_avg": 3.01,
            "equity": 90411,
            "current_ratio": 158.05,
            "debt_ratio": 7.49,
            "inventory_turnover_ratio": 0.8,
            "account_receivable_turnover_ratio": 1.53,
            "reinvestment_rate": null,
            "research_to_sale_ratio": null,
            "price_fair": 0,
            "eps_avg_yearly": 0,
            "eps_latest_yearly": 0,
            "eps_growth_yearly": 0
        },
        "20194": {
            "year_quarter": 20194,
            "year": 2019,
            "quarter": 4,
            "eps": -0.11,
            "eps_growth_year": null,
            "eps_4q": -0.55,
            "eps_4q_growth_year": null,
            "roe": -4.13,
            "roe_4q": -19.84,
            "gross_profit": 191,
            "gross_margin": 19.25,
            "gross_margin_4q_avg": 9.55,
            "net_income": -4022,
            "net_income_4q": null,
            "revenue": 992,
            "revenue_4q": null,
            "common_shares": 355789,
            "book_valuer_per_share": 2.94,
            "book_valuer_per_share_4q_avg": 2.93,
            "equity": 104539,
            "current_ratio": 780.47,
            "debt_ratio": 2.63,
            "inventory_turnover_ratio": 1.33,
            "account_receivable_turnover_ratio": 2.28,
            "reinvestment_rate": null,
            "research_to_sale_ratio": null,
            "price_fair": 0,
            "eps_avg_yearly": 0,
            "eps_latest_yearly": 0,
            "eps_growth_yearly": 0
        },
        "20201": {
            "year_quarter": 20201,
            "year": 2020,
            "quarter": 1,
            "eps": -0.96,
            "eps_growth_year": null,
            "eps_4q": -1.35,
            "eps_4q_growth_year": null,
            "roe": -38.91,
            "roe_4q": -53.589999999999996,
            "gross_profit": 68,
            "gross_margin": 13.1,
            "gross_margin_4q_avg": 10.96,
            "net_income": -34054,
            "net_income_4q": null,
            "revenue": 519,
            "revenue_4q": null,
            "common_shares": 355789,
            "book_valuer_per_share": 1.98,
            "book_valuer_per_share_4q_avg": 2.66,
            "equity": 70485,
            "current_ratio": 55.32,
            "debt_ratio": 30.84,
            "inventory_turnover_ratio": 0.95,
            "account_receivable_turnover_ratio": 1.02,
            "reinvestment_rate": null,
            "research_to_sale_ratio": null,
            "price_fair": 0,
            "eps_avg_yearly": 0,
            "eps_latest_yearly": 0,
            "eps_growth_yearly": 0
        },
        "20202": {
            "year_quarter": 20202,
            "year": 2020,
            "quarter": 2,
            "eps": -0.12,
            "eps_growth_year": null,
            "eps_4q": -1.32,
            "eps_4q_growth_year": null,
            "roe": -6.38,
            "roe_4q": -54.36,
            "gross_profit": -36,
            "gross_margin": -18.27,
            "gross_margin_4q_avg": 4.24,
            "net_income": -4357,
            "net_income_4q": null,
            "revenue": 197,
            "revenue_4q": null,
            "common_shares": 355789,
            "book_valuer_per_share": 1.86,
            "book_valuer_per_share_4q_avg": 2.39,
            "equity": 66128,
            "current_ratio": 42.75,
            "debt_ratio": 31.72,
            "inventory_turnover_ratio": 0.91,
            "account_receivable_turnover_ratio": 1.22,
            "reinvestment_rate": null,
            "research_to_sale_ratio": null,
            "price_fair": 0,
            "eps_avg_yearly": 0,
            "eps_latest_yearly": 0,
            "eps_growth_yearly": 0
        },
        "20203": {
            "year_quarter": 20203,
            "year": 2020,
            "quarter": 3,
            "eps": -0.15,
            "eps_growth_year": null,
            "eps_4q": -1.34,
            "eps_4q_growth_year": null,
            "roe": -8.29,
            "roe_4q": -57.71,
            "gross_profit": -76,
            "gross_margin": -180.95,
            "gross_margin_4q_avg": -41.72,
            "net_income": -5264,
            "net_income_4q": null,
            "revenue": 42,
            "revenue_4q": null,
            "common_shares": 355789,
            "book_valuer_per_share": 1.71,
            "book_valuer_per_share_4q_avg": 2.12,
            "equity": 60864,
            "current_ratio": 28.14,
            "debt_ratio": 33.5,
            "inventory_turnover_ratio": 1.05,
            "account_receivable_turnover_ratio": 0.81,
            "reinvestment_rate": null,
            "research_to_sale_ratio": null,
            "price_fair": 0,
            "eps_avg_yearly": 0,
            "eps_latest_yearly": 0,
            "eps_growth_yearly": 0
        },
        "20204": {
            "year_quarter": 20204,
            "year": 2020,
            "quarter": 4,
            "eps": -0.13,
            "eps_growth_year": null,
            "eps_4q": -1.07,
            "eps_4q_growth_year": null,
            "roe": -6.91,
            "roe_4q": -60.489999999999995,
            "gross_profit": 153,
            "gross_margin": 19.03,
            "gross_margin_4q_avg": -41.77,
            "net_income": -6271,
            "net_income_4q": null,
            "revenue": 804,
            "revenue_4q": null,
            "common_shares": 465789,
            "book_valuer_per_share": 2.59,
            "book_valuer_per_share_4q_avg": 2.04,
            "equity": 120593,
            "current_ratio": 236.01,
            "debt_ratio": 19.91,
            "inventory_turnover_ratio": 2.59,
            "account_receivable_turnover_ratio": 1.92,
            "reinvestment_rate": null,
            "research_to_sale_ratio": null,
            "price_fair": 0,
            "eps_avg_yearly": 0,
            "eps_latest_yearly": 0,
            "eps_growth_yearly": 0
        },
        "20211": {
            "year_quarter": 20211,
            "year": 2021,
            "quarter": 1,
            "eps": -0.08,
            "eps_growth_year": null,
            "eps_4q": -0.42,
            "eps_4q_growth_year": null,
            "roe": -3.21,
            "roe_4q": -24.79,
            "gross_profit": 1062,
            "gross_margin": 33.44,
            "gross_margin_4q_avg": -36.69,
            "net_income": -3808,
            "net_income_4q": null,
            "revenue": 3176,
            "revenue_4q": null,
            "common_shares": 465789,
            "book_valuer_per_share": 2.51,
            "book_valuer_per_share_4q_avg": 2.17,
            "equity": 116785,
            "current_ratio": 238.8,
            "debt_ratio": 18.72,
            "inventory_turnover_ratio": 7.35,
            "account_receivable_turnover_ratio": 4.94,
            "reinvestment_rate": null,
            "research_to_sale_ratio": null,
            "price_fair": 0,
            "eps_avg_yearly": 0,
            "eps_latest_yearly": 0,
            "eps_growth_yearly": 0
        },
        "20212": {
            "year_quarter": 20212,
            "year": 2021,
            "quarter": 2,
            "eps": 1.23,
            "eps_growth_year": null,
            "eps_4q": 0.9,
            "eps_4q_growth_year": null,
            "roe": 34.2,
            "roe_4q": 15.790000000000003,
            "gross_profit": 1835,
            "gross_margin": 14.64,
            "gross_margin_4q_avg": -28.46,
            "net_income": 55164,
            "net_income_4q": null,
            "revenue": 12532,
            "revenue_4q": null,
            "common_shares": 465789,
            "book_valuer_per_share": 3.74,
            "book_valuer_per_share_4q_avg": 2.64,
            "equity": 205786,
            "current_ratio": 94.13,
            "debt_ratio": 45.56,
            "inventory_turnover_ratio": 5.01,
            "account_receivable_turnover_ratio": 2.5,
            "reinvestment_rate": null,
            "research_to_sale_ratio": null,
            "price_fair": 0,
            "eps_avg_yearly": 0,
            "eps_latest_yearly": 0,
            "eps_growth_yearly": 0
        },
        "20213": {
            "year_quarter": 20213,
            "year": 2021,
            "quarter": 3,
            "eps": -0.45,
            "eps_growth_year": null,
            "eps_4q": 0.57,
            "eps_4q_growth_year": null,
            "roe": -13.95,
            "roe_4q": 10.130000000000003,
            "gross_profit": -884,
            "gross_margin": -5.24,
            "gross_margin_4q_avg": 15.47,
            "net_income": -26843,
            "net_income_4q": null,
            "revenue": 16878,
            "revenue_4q": null,
            "common_shares": 465789,
            "book_valuer_per_share": 3.29,
            "book_valuer_per_share_4q_avg": 3.03,
            "equity": 178943,
            "current_ratio": 68.81,
            "debt_ratio": 47.07,
            "inventory_turnover_ratio": 3.84,
            "account_receivable_turnover_ratio": 1.74,
            "reinvestment_rate": null,
            "research_to_sale_ratio": null,
            "price_fair": 0,
            "eps_avg_yearly": 0,
            "eps_latest_yearly": 0,
            "eps_growth_yearly": 0
        },
        "20214": {
            "year_quarter": 20214,
            "year": 2021,
            "quarter": 4,
            "eps": -1.3,
            "eps_growth_year": null,
            "eps_4q": -0.6,
            "eps_4q_growth_year": null,
            "roe": -41.7,
            "roe_4q": -24.660000000000004,
            "gross_profit": 28410,
            "gross_margin": 40.36,
            "gross_margin_4q_avg": 20.8,
            "net_income": -61744,
            "net_income_4q": null,
            "revenue": 70385,
            "revenue_4q": null,
            "common_shares": 465789,
            "book_valuer_per_share": 1.99,
            "book_valuer_per_share_4q_avg": 2.88,
            "equity": 117199,
            "current_ratio": 80.82,
            "debt_ratio": 76.88,
            "inventory_turnover_ratio": 7.67,
            "account_receivable_turnover_ratio": 6.66,
            "reinvestment_rate": null,
            "research_to_sale_ratio": null,
            "price_fair": 0,
            "eps_avg_yearly": 0,
            "eps_latest_yearly": 0,
            "eps_growth_yearly": 0
        },
        "20221": {
            "year_quarter": 20221,
            "year": 2022,
            "quarter": 1,
            "eps": 0.02,
            "eps_growth_year": null,
            "eps_4q": -0.5,
            "eps_4q_growth_year": null,
            "roe": 2.56,
            "roe_4q": -18.89,
            "gross_profit": 42787,
            "gross_margin": 52.15,
            "gross_margin_4q_avg": 25.48,
            "net_income": 3040,
            "net_income_4q": null,
            "revenue": 82045,
            "revenue_4q": null,
            "common_shares": 465789,
            "book_valuer_per_share": 2.01,
            "book_valuer_per_share_4q_avg": 2.76,
            "equity": 120239,
            "current_ratio": 70.45,
            "debt_ratio": 72.29,
            "inventory_turnover_ratio": 7.8,
            "account_receivable_turnover_ratio": 7.6,
            "reinvestment_rate": null,
            "research_to_sale_ratio": null,
            "price_fair": 0,
            "eps_avg_yearly": 0,
            "eps_latest_yearly": 0,
            "eps_growth_yearly": 0
        },
        "20222": {
            "year_quarter": 20222,
            "year": 2022,
            "quarter": 2,
            "eps": -0.39,
            "eps_growth_year": -131.71,
            "eps_4q": -2.12,
            "eps_4q_growth_year": -335.16,
            "roe": -21.13,
            "roe_4q": -74.22,
            "gross_profit": 3732,
            "gross_margin": 17.75,
            "gross_margin_4q_avg": 26.26,
            "net_income": -22979,
            "net_income_4q": null,
            "revenue": 21031,
            "revenue_4q": null,
            "common_shares": 465789,
            "book_valuer_per_share": 1.62,
            "book_valuer_per_share_4q_avg": 2.23,
            "equity": 97260,
            "current_ratio": 36.39,
            "debt_ratio": 75.42,
            "inventory_turnover_ratio": 4.93,
            "account_receivable_turnover_ratio": 2.2,
            "reinvestment_rate": null,
            "research_to_sale_ratio": null,
            "price_fair": 0,
            "eps_avg_yearly": 0,
            "eps_latest_yearly": 0,
            "eps_growth_yearly": 0
        },
        "20223": {
            "year_quarter": 20223,
            "year": 2022,
            "quarter": 3,
            "eps": -0.11,
            "eps_growth_year": null,
            "eps_4q": -1.79,
            "eps_4q_growth_year": -414.91,
            "roe": -5.92,
            "roe_4q": -66.19,
            "gross_profit": 25236,
            "gross_margin": 43.53,
            "gross_margin_4q_avg": 38.45,
            "net_income": -5595,
            "net_income_4q": null,
            "revenue": 57974,
            "revenue_4q": null,
            "common_shares": 465789,
            "book_valuer_per_share": 1.5,
            "book_valuer_per_share_4q_avg": 1.78,
            "equity": 91665,
            "current_ratio": 43.41,
            "debt_ratio": 77.05,
            "inventory_turnover_ratio": 8.37,
            "account_receivable_turnover_ratio": 5.93,
            "reinvestment_rate": null,
            "research_to_sale_ratio": null,
            "price_fair": 0,
            "eps_avg_yearly": 0,
            "eps_latest_yearly": 0,
            "eps_growth_yearly": 0
        },
        "20224": {
            "year_quarter": 20224,
            "year": 2022,
            "quarter": 4,
            "eps": -0.03,
            "eps_growth_year": null,
            "eps_4q": -0.63,
            "eps_4q_growth_year": null,
            "roe": 0.63,
            "roe_4q": -23.86,
            "gross_profit": 40115,
            "gross_margin": 47.45,
            "gross_margin_4q_avg": 40.22,
            "net_income": 581,
            "net_income_4q": null,
            "revenue": 84544,
            "revenue_4q": null,
            "common_shares": 372631,
            "book_valuer_per_share": 1.85,
            "book_valuer_per_share_4q_avg": 1.75,
            "equity": 92246,
            "current_ratio": 61.74,
            "debt_ratio": 78.18,
            "inventory_turnover_ratio": 7.07,
            "account_receivable_turnover_ratio": 6.93,
            "reinvestment_rate": null,
            "research_to_sale_ratio": null,
            "price_fair": 0,
            "eps_avg_yearly": 0,
            "eps_latest_yearly": 0,
            "eps_growth_yearly": 0
        },
        "20231": {
            "year_quarter": 20231,
            "year": 2023,
            "quarter": 1,
            "eps": 0,
            "eps_growth_year": -100,
            "eps_4q": -0.64,
            "eps_4q_growth_year": null,
            "roe": 2.13,
            "roe_4q": -24.29,
            "gross_profit": 51854,
            "gross_margin": 49.82,
            "gross_margin_4q_avg": 39.64,
            "net_income": 2073,
            "net_income_4q": null,
            "revenue": 104090,
            "revenue_4q": null,
            "common_shares": 381631,
            "book_valuer_per_share": 2.05,
            "book_valuer_per_share_4q_avg": 1.76,
            "equity": 101990,
            "current_ratio": 70.83,
            "debt_ratio": 75.75,
            "inventory_turnover_ratio": 6.96,
            "account_receivable_turnover_ratio": 7.14,
            "reinvestment_rate": null,
            "research_to_sale_ratio": null,
            "price_fair": 0,
            "eps_avg_yearly": 0,
            "eps_latest_yearly": 0,
            "eps_growth_yearly": 0
        },
        "20232": {
            "year_quarter": 20232,
            "year": 2023,
            "quarter": 2,
            "eps": -0.2,
            "eps_growth_year": null,
            "eps_4q": -0.37,
            "eps_4q_growth_year": null,
            "roe": -2.44,
            "roe_4q": -5.6,
            "gross_profit": 33404,
            "gross_margin": 36.17,
            "gross_margin_4q_avg": 44.24,
            "net_income": -2793,
            "net_income_4q": null,
            "revenue": 92360,
            "revenue_4q": null,
            "common_shares": 381631,
            "book_valuer_per_share": 1.87,
            "book_valuer_per_share_4q_avg": 1.82,
            "equity": 127197,
            "current_ratio": 89.76,
            "debt_ratio": 70.23,
            "inventory_turnover_ratio": 8.8,
            "account_receivable_turnover_ratio": 5.98,
            "reinvestment_rate": null,
            "research_to_sale_ratio": null,
            "price_fair": 0,
            "eps_avg_yearly": 0,
            "eps_latest_yearly": 0,
            "eps_growth_yearly": 0
        },
        "20233": {
            "year_quarter": 20233,
            "year": 2023,
            "quarter": 3,
            "eps": -0.04,
            "eps_growth_year": null,
            "eps_4q": -0.27,
            "eps_4q_growth_year": null,
            "roe": -4.85,
            "roe_4q": -4.529999999999999,
            "gross_profit": 24889,
            "gross_margin": 28.21,
            "gross_margin_4q_avg": 40.41,
            "net_income": -6023,
            "net_income_4q": null,
            "revenue": 88217,
            "revenue_4q": null,
            "common_shares": 381631,
            "book_valuer_per_share": 1.83,
            "book_valuer_per_share_4q_avg": 1.9,
            "equity": 121174,
            "current_ratio": 83.87,
            "debt_ratio": 71.11,
            "inventory_turnover_ratio": 11.43,
            "account_receivable_turnover_ratio": 8.19,
            "reinvestment_rate": null,
            "research_to_sale_ratio": null,
            "price_fair": 0,
            "eps_avg_yearly": 0,
            "eps_latest_yearly": 0,
            "eps_growth_yearly": 0
        }
    },
    "months": {
        "2001-06": {
            "month": "2001-06",
            "price": "10.80",
            "revenue": 42251
        },
        "2001-07": {
            "month": "2001-07",
            "price": "7.38",
            "revenue": 50172
        },
        "2001-08": {
            "month": "2001-08",
            "price": "7.16",
            "revenue": 67361
        },
        "2001-09": {
            "month": "2001-09",
            "price": "6.89",
            "revenue": 62629
        },
        "2001-10": {
            "month": "2001-10",
            "price": "5.56",
            "revenue": 64704
        },
        "2001-11": {
            "month": "2001-11",
            "price": "5.74",
            "revenue": 78163
        },
        "2001-12": {
            "month": "2001-12",
            "price": "6.03",
            "revenue": 59438
        },
        "2002-01": {
            "month": "2002-01",
            "price": "6.52",
            "revenue": 50772
        },
        "2002-02": {
            "month": "2002-02",
            "price": "6.90",
            "revenue": 48078
        },
        "2002-03": {
            "month": "2002-03",
            "price": "6.89",
            "revenue": 63361
        },
        "2002-04": {
            "month": "2002-04",
            "price": "7.08",
            "revenue": 54605
        },
        "2002-05": {
            "month": "2002-05",
            "price": "8.00",
            "revenue": 67022
        },
        "2002-06": {
            "month": "2002-06",
            "price": "8.74",
            "revenue": 39924
        },
        "2002-07": {
            "month": "2002-07",
            "price": "8.62",
            "revenue": 45778
        },
        "2002-08": {
            "month": "2002-08",
            "price": "7.01",
            "revenue": 58187
        },
        "2002-09": {
            "month": "2002-09",
            "price": "6.57",
            "revenue": 62573
        },
        "2002-10": {
            "month": "2002-10",
            "price": "6.01",
            "revenue": 63592
        },
        "2002-11": {
            "month": "2002-11",
            "price": "5.71",
            "revenue": 57016
        },
        "2002-12": {
            "month": "2002-12",
            "price": "5.55",
            "revenue": 26821
        },
        "2003-01": {
            "month": "2003-01",
            "price": "5.55",
            "revenue": 24289
        },
        "2003-02": {
            "month": "2003-02",
            "price": "5.47",
            "revenue": 48349
        },
        "2003-03": {
            "month": "2003-03",
            "price": "4.86",
            "revenue": 45058
        },
        "2003-04": {
            "month": "2003-04",
            "price": "5.30",
            "revenue": 51285
        },
        "2003-05": {
            "month": "2003-05",
            "price": "5.16",
            "revenue": 53268
        },
        "2003-06": {
            "month": "2003-06",
            "price": "5.06",
            "revenue": 55340
        },
        "2003-07": {
            "month": "2003-07",
            "price": "4.94",
            "revenue": 56156
        },
        "2003-08": {
            "month": "2003-08",
            "price": "5.74",
            "revenue": 54989
        },
        "2003-09": {
            "month": "2003-09",
            "price": "5.08",
            "revenue": 52615
        },
        "2003-10": {
            "month": "2003-10",
            "price": "5.25",
            "revenue": 68328
        },
        "2003-11": {
            "month": "2003-11",
            "price": "5.09",
            "revenue": 62350
        },
        "2003-12": {
            "month": "2003-12",
            "price": "4.86",
            "revenue": 37141
        },
        "2004-01": {
            "month": "2004-01",
            "price": "4.91",
            "revenue": 61235
        },
        "2004-02": {
            "month": "2004-02",
            "price": "6.08",
            "revenue": 51911
        },
        "2004-03": {
            "month": "2004-03",
            "price": "7.17",
            "revenue": 61905
        },
        "2004-04": {
            "month": "2004-04",
            "price": "7.39",
            "revenue": 65268
        },
        "2004-05": {
            "month": "2004-05",
            "price": "6.09",
            "revenue": 60593
        },
        "2004-06": {
            "month": "2004-06",
            "price": "5.78",
            "revenue": 47863
        },
        "2004-07": {
            "month": "2004-07",
            "price": "5.34",
            "revenue": 53496
        },
        "2004-08": {
            "month": "2004-08",
            "price": "5.06",
            "revenue": 69767
        },
        "2004-09": {
            "month": "2004-09",
            "price": "5.10",
            "revenue": 60264
        },
        "2004-10": {
            "month": "2004-10",
            "price": "5.01",
            "revenue": 58388
        },
        "2004-11": {
            "month": "2004-11",
            "price": "5.02",
            "revenue": 50916
        },
        "2004-12": {
            "month": "2004-12",
            "price": "5.51",
            "revenue": 42167
        },
        "2005-01": {
            "month": "2005-01",
            "price": "5.58",
            "revenue": 27654
        },
        "2005-02": {
            "month": "2005-02",
            "price": "5.40",
            "revenue": 31283
        },
        "2005-03": {
            "month": "2005-03",
            "price": "5.39",
            "revenue": 61876
        },
        "2005-04": {
            "month": "2005-04",
            "price": "5.84",
            "revenue": 71781
        },
        "2005-05": {
            "month": "2005-05",
            "price": "6.80",
            "revenue": 62813
        },
        "2005-06": {
            "month": "2005-06",
            "price": "5.66",
            "revenue": 42284
        },
        "2005-07": {
            "month": "2005-07",
            "price": "5.41",
            "revenue": 48664
        },
        "2005-08": {
            "month": "2005-08",
            "price": "5.71",
            "revenue": 61348
        },
        "2005-09": {
            "month": "2005-09",
            "price": "5.69",
            "revenue": 53213
        },
        "2005-10": {
            "month": "2005-10",
            "price": "6.98",
            "revenue": 61664
        },
        "2005-11": {
            "month": "2005-11",
            "price": "8.49",
            "revenue": 44826
        },
        "2005-12": {
            "month": "2005-12",
            "price": "10.65",
            "revenue": 45719
        },
        "2006-01": {
            "month": "2006-01",
            "price": "12.48",
            "revenue": 40670
        },
        "2006-02": {
            "month": "2006-02",
            "price": "14.58",
            "revenue": 47619
        },
        "2006-03": {
            "month": "2006-03",
            "price": "15.31",
            "revenue": 56055
        },
        "2006-04": {
            "month": "2006-04",
            "price": "19.93",
            "revenue": 56017
        },
        "2006-05": {
            "month": "2006-05",
            "price": "20.73",
            "revenue": 44840
        },
        "2006-06": {
            "month": "2006-06",
            "price": "19.96",
            "revenue": 45799
        },
        "2006-07": {
            "month": "2006-07",
            "price": "19.91",
            "revenue": 49543
        },
        "2006-08": {
            "month": "2006-08",
            "price": "19.34",
            "revenue": 40049
        },
        "2006-09": {
            "month": "2006-09",
            "price": "18.42",
            "revenue": 46416
        },
        "2006-10": {
            "month": "2006-10",
            "price": "17.78",
            "revenue": 36248
        },
        "2006-11": {
            "month": "2006-11",
            "price": "18.50",
            "revenue": 47731
        },
        "2006-12": {
            "month": "2006-12",
            "price": "18.06",
            "revenue": 48595
        },
        "2007-01": {
            "month": "2007-01",
            "price": "27.23",
            "revenue": 62110
        },
        "2007-02": {
            "month": "2007-02",
            "price": "49.62",
            "revenue": 54551
        },
        "2007-03": {
            "month": "2007-03",
            "price": "66.92",
            "revenue": 58386
        },
        "2007-04": {
            "month": "2007-04",
            "price": "52.64",
            "revenue": 42983
        },
        "2007-05": {
            "month": "2007-05",
            "price": "56.96",
            "revenue": 54411
        },
        "2007-06": {
            "month": "2007-06",
            "price": "73.62",
            "revenue": 55375
        },
        "2007-07": {
            "month": "2007-07",
            "price": "105.01",
            "revenue": 44199
        },
        "2007-08": {
            "month": "2007-08",
            "price": "93.97",
            "revenue": 42118
        },
        "2007-09": {
            "month": "2007-09",
            "price": "86.44",
            "revenue": 42748
        },
        "2007-10": {
            "month": "2007-10",
            "price": "87.65",
            "revenue": 47639
        },
        "2007-11": {
            "month": "2007-11",
            "price": "82.35",
            "revenue": 58599
        },
        "2007-12": {
            "month": "2007-12",
            "price": "83.39",
            "revenue": 42170
        },
        "2008-01": {
            "month": "2008-01",
            "price": "69.59",
            "revenue": 43895
        },
        "2008-02": {
            "month": "2008-02",
            "price": "56.17",
            "revenue": 31047
        },
        "2008-03": {
            "month": "2008-03",
            "price": "50.37",
            "revenue": 50556
        },
        "2008-04": {
            "month": "2008-04",
            "price": "49.86",
            "revenue": 56886
        },
        "2008-05": {
            "month": "2008-05",
            "price": "54.62",
            "revenue": 62351
        },
        "2008-06": {
            "month": "2008-06",
            "price": "52.33",
            "revenue": 40540
        },
        "2008-07": {
            "month": "2008-07",
            "price": "34.33",
            "revenue": 40627
        },
        "2008-08": {
            "month": "2008-08",
            "price": "30.96",
            "revenue": 50536
        },
        "2008-09": {
            "month": "2008-09",
            "price": "29.76",
            "revenue": 57541
        },
        "2008-10": {
            "month": "2008-10",
            "price": "23.73",
            "revenue": 68392
        },
        "2008-11": {
            "month": "2008-11",
            "price": "14.98",
            "revenue": 17734
        },
        "2008-12": {
            "month": "2008-12",
            "price": "12.40",
            "revenue": 36916
        },
        "2009-01": {
            "month": "2009-01",
            "price": "11.24",
            "revenue": 16914
        },
        "2009-02": {
            "month": "2009-02",
            "price": "12.68",
            "revenue": 30704
        },
        "2009-03": {
            "month": "2009-03",
            "price": "13.75",
            "revenue": 29961
        },
        "2009-04": {
            "month": "2009-04",
            "price": "17.42",
            "revenue": 45582
        },
        "2009-05": {
            "month": "2009-05",
            "price": "13.87",
            "revenue": 61935
        },
        "2009-06": {
            "month": "2009-06",
            "price": "13.46",
            "revenue": 40140
        },
        "2009-07": {
            "month": "2009-07",
            "price": "14.73",
            "revenue": 34170
        },
        "2009-08": {
            "month": "2009-08",
            "price": "14.81",
            "revenue": 20034
        },
        "2009-09": {
            "month": "2009-09",
            "price": "14.13",
            "revenue": 27743
        },
        "2009-10": {
            "month": "2009-10",
            "price": "14.60",
            "revenue": 17344
        },
        "2009-11": {
            "month": "2009-11",
            "price": "14.82",
            "revenue": 24672
        },
        "2009-12": {
            "month": "2009-12",
            "price": "15.00",
            "revenue": 23712
        },
        "2010-01": {
            "month": "2010-01",
            "price": "16.55",
            "revenue": 22233
        },
        "2010-02": {
            "month": "2010-02",
            "price": "14.21",
            "revenue": 15770
        },
        "2010-03": {
            "month": "2010-03",
            "price": "14.45",
            "revenue": 31749
        },
        "2010-04": {
            "month": "2010-04",
            "price": "15.48",
            "revenue": 38499
        },
        "2010-05": {
            "month": "2010-05",
            "price": "12.68",
            "revenue": 31832
        },
        "2010-06": {
            "month": "2010-06",
            "price": "12.17",
            "revenue": 57648
        },
        "2010-07": {
            "month": "2010-07",
            "price": "13.20",
            "revenue": 44379
        },
        "2010-08": {
            "month": "2010-08",
            "price": "14.14",
            "revenue": 41347
        },
        "2010-09": {
            "month": "2010-09",
            "price": "13.13",
            "revenue": 20592
        },
        "2010-10": {
            "month": "2010-10",
            "price": "12.61",
            "revenue": 37759
        },
        "2010-11": {
            "month": "2010-11",
            "price": "11.62",
            "revenue": 35680
        },
        "2010-12": {
            "month": "2010-12",
            "price": "10.97",
            "revenue": 46466
        },
        "2011-01": {
            "month": "2011-01",
            "price": "14.15",
            "revenue": 53398
        },
        "2011-02": {
            "month": "2011-02",
            "price": "14.34",
            "revenue": 36905
        },
        "2011-03": {
            "month": "2011-03",
            "price": "13.93",
            "revenue": 65834
        },
        "2011-04": {
            "month": "2011-04",
            "price": "13.81",
            "revenue": 64061
        },
        "2011-05": {
            "month": "2011-05",
            "price": "16.04",
            "revenue": 42535
        },
        "2011-06": {
            "month": "2011-06",
            "price": "15.40",
            "revenue": 32185
        },
        "2011-07": {
            "month": "2011-07",
            "price": "13.35",
            "revenue": 33577
        },
        "2011-08": {
            "month": "2011-08",
            "price": "10.53",
            "revenue": 31901
        },
        "2011-09": {
            "month": "2011-09",
            "price": "10.13",
            "revenue": 29372
        },
        "2011-10": {
            "month": "2011-10",
            "price": "10.33",
            "revenue": 23404
        },
        "2011-11": {
            "month": "2011-11",
            "price": "9.89",
            "revenue": 32576
        },
        "2011-12": {
            "month": "2011-12",
            "price": "8.77",
            "revenue": 28522
        },
        "2012-01": {
            "month": "2012-01",
            "price": "9.00",
            "revenue": 14546
        },
        "2012-02": {
            "month": "2012-02",
            "price": "9.90",
            "revenue": 25074
        },
        "2012-03": {
            "month": "2012-03",
            "price": "9.90",
            "revenue": 25297
        },
        "2012-04": {
            "month": "2012-04",
            "price": "12.01",
            "revenue": 19833
        },
        "2012-05": {
            "month": "2012-05",
            "price": "11.17",
            "revenue": 16677
        },
        "2012-06": {
            "month": "2012-06",
            "price": "10.01",
            "revenue": 63836
        },
        "2012-07": {
            "month": "2012-07",
            "price": "9.94",
            "revenue": 52342
        },
        "2012-08": {
            "month": "2012-08",
            "price": "9.13",
            "revenue": 79962
        },
        "2012-09": {
            "month": "2012-09",
            "price": "9.80",
            "revenue": 45034
        },
        "2012-10": {
            "month": "2012-10",
            "price": "9.34",
            "revenue": 43194
        },
        "2012-11": {
            "month": "2012-11",
            "price": "9.55",
            "revenue": 47110
        },
        "2012-12": {
            "month": "2012-12",
            "price": "9.89",
            "revenue": 68834
        },
        "2013-01": {
            "month": "2013-01",
            "price": "9.83",
            "revenue": 20670
        },
        "2013-02": {
            "month": "2013-02",
            "price": "9.81",
            "revenue": 63003
        },
        "2013-03": {
            "month": "2013-03",
            "price": "10.90",
            "revenue": 28472
        },
        "2013-04": {
            "month": "2013-04",
            "price": "11.14",
            "revenue": 30161
        },
        "2013-05": {
            "month": "2013-05",
            "price": "10.24",
            "revenue": 22156
        },
        "2013-06": {
            "month": "2013-06",
            "price": "9.91",
            "revenue": 56013
        },
        "2013-07": {
            "month": "2013-07",
            "price": "10.60",
            "revenue": 14322
        },
        "2013-08": {
            "month": "2013-08",
            "price": "14.14",
            "revenue": 17102
        },
        "2013-09": {
            "month": "2013-09",
            "price": "11.96",
            "revenue": 47680
        },
        "2013-10": {
            "month": "2013-10",
            "price": "12.18",
            "revenue": 36619
        },
        "2013-11": {
            "month": "2013-11",
            "price": "10.54",
            "revenue": 22933
        },
        "2013-12": {
            "month": "2013-12",
            "price": "8.97",
            "revenue": 15366
        },
        "2014-01": {
            "month": "2014-01",
            "price": "4.65",
            "revenue": 16318
        },
        "2014-02": {
            "month": "2014-02",
            "price": "5.65",
            "revenue": 8972
        },
        "2014-03": {
            "month": "2014-03",
            "price": "8.62",
            "revenue": 13124
        },
        "2014-04": {
            "month": "2014-04",
            "price": "8.41",
            "revenue": 6913
        },
        "2014-05": {
            "month": "2014-05",
            "price": "6.50",
            "revenue": 15787
        },
        "2014-06": {
            "month": "2014-06",
            "price": "6.47",
            "revenue": 9485
        },
        "2014-07": {
            "month": "2014-07",
            "price": "6.45",
            "revenue": 13791
        },
        "2014-08": {
            "month": "2014-08",
            "price": "6.39",
            "revenue": 8867
        },
        "2014-09": {
            "month": "2014-09",
            "price": "4.93",
            "revenue": 8738
        },
        "2014-10": {
            "month": "2014-10",
            "price": "4.61",
            "revenue": 9100
        },
        "2014-11": {
            "month": "2014-11",
            "price": "4.94",
            "revenue": 8713
        },
        "2014-12": {
            "month": "2014-12",
            "price": "4.03",
            "revenue": 9580
        },
        "2015-01": {
            "month": "2015-01",
            "price": "4.13",
            "revenue": 7648
        },
        "2015-02": {
            "month": "2015-02",
            "price": "4.09",
            "revenue": 4711
        },
        "2015-03": {
            "month": "2015-03",
            "price": "5.27",
            "revenue": 10504
        },
        "2015-04": {
            "month": "2015-04",
            "price": "8.13",
            "revenue": 7042
        },
        "2015-05": {
            "month": "2015-05",
            "price": "8.22",
            "revenue": 5795
        },
        "2015-06": {
            "month": "2015-06",
            "price": "8.18",
            "revenue": 4752
        },
        "2015-07": {
            "month": "2015-07",
            "price": "6.49",
            "revenue": 6420
        },
        "2015-08": {
            "month": "2015-08",
            "price": "6.16",
            "revenue": 5626
        },
        "2015-09": {
            "month": "2015-09",
            "price": "5.97",
            "revenue": 3967
        },
        "2015-10": {
            "month": "2015-10",
            "price": "7.01",
            "revenue": 3071
        },
        "2015-11": {
            "month": "2015-11",
            "price": "7.22",
            "revenue": 3758
        },
        "2015-12": {
            "month": "2015-12",
            "price": "7.13",
            "revenue": 4306
        },
        "2016-01": {
            "month": "2016-01",
            "price": "6.29",
            "revenue": 3555
        },
        "2016-02": {
            "month": "2016-02",
            "price": "6.41",
            "revenue": 2368
        },
        "2016-03": {
            "month": "2016-03",
            "price": "6.57",
            "revenue": 4307
        },
        "2016-04": {
            "month": "2016-04",
            "price": "6.02",
            "revenue": 1537
        },
        "2016-05": {
            "month": "2016-05",
            "price": "5.25",
            "revenue": 1510
        },
        "2016-06": {
            "month": "2016-06",
            "price": "4.49",
            "revenue": 1626
        },
        "2016-07": {
            "month": "2016-07",
            "price": "5.06",
            "revenue": 1772
        },
        "2016-08": {
            "month": "2016-08",
            "price": "4.66",
            "revenue": 2985
        },
        "2016-09": {
            "month": "2016-09",
            "price": "4.38",
            "revenue": 1991
        },
        "2016-10": {
            "month": "2016-10",
            "price": "4.75",
            "revenue": 1832
        },
        "2016-11": {
            "month": "2016-11",
            "price": "4.31",
            "revenue": 1632
        },
        "2016-12": {
            "month": "2016-12",
            "price": "4.14",
            "revenue": 981
        },
        "2017-01": {
            "month": "2017-01",
            "price": "3.75",
            "revenue": 1377
        },
        "2017-02": {
            "month": "2017-02",
            "price": "3.88",
            "revenue": 917
        },
        "2017-03": {
            "month": "2017-03",
            "price": "6.68",
            "revenue": 1632
        },
        "2017-04": {
            "month": "2017-04",
            "price": "7.05",
            "revenue": 936
        },
        "2017-05": {
            "month": "2017-05",
            "price": "6.89",
            "revenue": 1371
        },
        "2017-06": {
            "month": "2017-06",
            "price": "7.36",
            "revenue": 1144
        },
        "2017-07": {
            "month": "2017-07",
            "price": "8.80",
            "revenue": 381
        },
        "2017-08": {
            "month": "2017-08",
            "price": "9.21",
            "revenue": 668
        },
        "2017-09": {
            "month": "2017-09",
            "price": "9.65",
            "revenue": 75
        },
        "2017-10": {
            "month": "2017-10",
            "price": "10.20",
            "revenue": 423
        },
        "2017-11": {
            "month": "2017-11",
            "price": "9.73",
            "revenue": 644
        },
        "2017-12": {
            "month": "2017-12",
            "price": "8.12",
            "revenue": 973
        },
        "2018-01": {
            "month": "2018-01",
            "price": "9.41",
            "revenue": 1488
        },
        "2018-02": {
            "month": "2018-02",
            "price": "9.10",
            "revenue": 223
        },
        "2018-03": {
            "month": "2018-03",
            "price": "8.86",
            "revenue": 1068
        },
        "2018-04": {
            "month": "2018-04",
            "price": "9.05",
            "revenue": 1554
        },
        "2018-05": {
            "month": "2018-05",
            "price": "9.59",
            "revenue": 951
        },
        "2018-06": {
            "month": "2018-06",
            "price": "10.25",
            "revenue": 530
        },
        "2018-07": {
            "month": "2018-07",
            "price": "10.33",
            "revenue": 247
        },
        "2018-08": {
            "month": "2018-08",
            "price": "10.20",
            "revenue": 108
        },
        "2018-09": {
            "month": "2018-09",
            "price": "9.67",
            "revenue": 669
        },
        "2018-10": {
            "month": "2018-10",
            "price": "8.88",
            "revenue": 480
        },
        "2018-11": {
            "month": "2018-11",
            "price": "8.80",
            "revenue": 410
        },
        "2018-12": {
            "month": "2018-12",
            "price": "9.62",
            "revenue": 301
        },
        "2019-01": {
            "month": "2019-01",
            "price": "8.57",
            "revenue": 356
        },
        "2019-02": {
            "month": "2019-02",
            "price": "9.58",
            "revenue": 265
        },
        "2019-03": {
            "month": "2019-03",
            "price": "8.45",
            "revenue": 159
        },
        "2019-04": {
            "month": "2019-04",
            "price": "8.47",
            "revenue": 308
        },
        "2019-05": {
            "month": "2019-05",
            "price": "8.36",
            "revenue": 525
        },
        "2019-06": {
            "month": "2019-06",
            "price": "7.84",
            "revenue": 255
        },
        "2019-07": {
            "month": "2019-07",
            "price": "7.88",
            "revenue": 218
        },
        "2019-08": {
            "month": "2019-08",
            "price": "7.73",
            "revenue": 183
        },
        "2019-09": {
            "month": "2019-09",
            "price": "7.24",
            "revenue": 54
        },
        "2019-10": {
            "month": "2019-10",
            "price": "6.55",
            "revenue": 205
        },
        "2019-11": {
            "month": "2019-11",
            "price": "6.14",
            "revenue": 296
        },
        "2019-12": {
            "month": "2019-12",
            "price": "5.41",
            "revenue": 491
        },
        "2020-01": {
            "month": "2020-01",
            "price": "5.10",
            "revenue": 280
        },
        "2020-02": {
            "month": "2020-02",
            "price": "4.62",
            "revenue": 133
        },
        "2020-03": {
            "month": "2020-03",
            "price": "5.85",
            "revenue": 107
        },
        "2020-04": {
            "month": "2020-04",
            "price": "5.86",
            "revenue": 72
        },
        "2020-06": {
            "month": "2020-06",
            "price": "6.30",
            "revenue": 13
        },
        "2020-07": {
            "month": "2020-07",
            "price": "7.56",
            "revenue": 18
        },
        "2020-08": {
            "month": "2020-08",
            "price": "7.21",
            "revenue": 13
        },
        "2020-09": {
            "month": "2020-09",
            "price": "7.00",
            "revenue": 10
        },
        "2020-10": {
            "month": "2020-10",
            "price": "8.74",
            "revenue": 37
        },
        "2020-11": {
            "month": "2020-11",
            "price": "12.72",
            "revenue": 423
        },
        "2020-12": {
            "month": "2020-12",
            "price": "11.36",
            "revenue": 344
        },
        "2021-01": {
            "month": "2021-01",
            "price": "11.29",
            "revenue": 2055
        },
        "2021-02": {
            "month": "2021-02",
            "price": "10.09",
            "revenue": 840
        },
        "2021-03": {
            "month": "2021-03",
            "price": "11.79",
            "revenue": 281
        },
        "2021-04": {
            "month": "2021-04",
            "price": "14.48",
            "revenue": 103
        },
        "2021-05": {
            "month": "2021-05",
            "price": "10.55",
            "revenue": 9740
        },
        "2021-06": {
            "month": "2021-06",
            "price": "9.36",
            "revenue": 2611
        },
        "2021-07": {
            "month": "2021-07",
            "price": "10.81",
            "revenue": 3675
        },
        "2021-08": {
            "month": "2021-08",
            "price": "9.27",
            "revenue": 5040
        },
        "2021-09": {
            "month": "2021-09",
            "price": "11.23",
            "revenue": 7999
        },
        "2021-10": {
            "month": "2021-10",
            "price": "11.80",
            "revenue": 16853
        },
        "2021-11": {
            "month": "2021-11",
            "price": "10.06",
            "revenue": 22604
        },
        "2021-12": {
            "month": "2021-12",
            "price": "10.00",
            "revenue": 30930
        },
        "2022-01": {
            "month": "2022-01",
            "price": "11.76",
            "revenue": 38460
        },
        "2022-02": {
            "month": "2022-02",
            "price": "10.78",
            "revenue": 21072
        },
        "2022-03": {
            "month": "2022-03",
            "price": "11.08",
            "revenue": 22608
        },
        "2022-04": {
            "month": "2022-04",
            "price": "10.16",
            "revenue": 10816
        },
        "2022-05": {
            "month": "2022-05",
            "price": "9.49",
            "revenue": 5760
        },
        "2022-06": {
            "month": "2022-06",
            "price": "9.23",
            "revenue": 4665
        },
        "2022-07": {
            "month": "2022-07",
            "price": "9.41",
            "revenue": 13076
        },
        "2022-08": {
            "month": "2022-08",
            "price": "9.97",
            "revenue": 20265
        },
        "2022-09": {
            "month": "2022-09",
            "price": "9.62",
            "revenue": 24858
        },
        "2022-11": {
            "month": "2022-11",
            "price": "9.15",
            "revenue": 28068
        },
        "2022-12": {
            "month": "2022-12",
            "price": "9.80",
            "revenue": 37852
        },
        "2023-01": {
            "month": "2023-01",
            "price": "10.07",
            "revenue": 52401
        },
        "2023-02": {
            "month": "2023-02",
            "price": "8.80",
            "revenue": 26932
        },
        "2023-03": {
            "month": "2023-03",
            "price": "17.20",
            "revenue": 25044
        },
        "2023-04": {
            "month": "2023-04",
            "price": "21.92",
            "revenue": 33461
        },
        "2023-05": {
            "month": "2023-05",
            "price": "26.02",
            "revenue": 32067
        },
        "2023-06": {
            "month": "2023-06",
            "price": "27.83",
            "revenue": 26529
        },
        "2023-07": {
            "month": "2023-07",
            "price": "33.34",
            "revenue": 31880
        },
        "2023-08": {
            "month": "2023-08",
            "price": "29.36",
            "revenue": 29356
        },
        "2023-09": {
            "month": "2023-09",
            "price": "25.28",
            "revenue": 27033
        },
        "2023-10": {
            "month": "2023-10",
            "price": "25.46",
            "revenue": 30123
        },
        "2023-11": {
            "month": "2023-11",
            "price": "25.64",
            "revenue": 36290
        },
        "2023-12": {
            "month": "2023-12",
            "price": "35.46",
            "revenue": 44792
        }
    }
}
