{
    "summary": {
        "stock_name": "光明",
        "stock_id": "4420",
        "category": "紡織纖維",
        "main_business": "聚酯加工絲<br>加工收入<br>租賃收入",
        "website_url": "http://www.kwangming.com",
        "ceo": "李業振",
        "pe_ratio": -36,
        "report_year_from": 2001,
        "report_year_to": 2023,
        "age": 22,
        "eps_negative_percentage": 13,
        "eps_growth_avg": {
            "last_all": 3.91,
            "last_2y": -100,
            "last_4y": -17.86,
            "last_8y": 18.56,
            "last_12y": 6.09,
            "last_16y": 2.74,
            "last_20y": 3.91,
            "at_2006_last_3y": -0.49,
            "at_2007_last_3y": 6.63,
            "at_2008_last_3y": -7.45,
            "at_2009_last_3y": -7.33,
            "at_2010_last_3y": 11.3,
            "at_2011_last_3y": 3.87,
            "at_2012_last_3y": -0.81,
            "at_2013_last_3y": -18.84,
            "at_2014_last_3y": -18.84,
            "at_2015_last_3y": 13.59,
            "at_2016_last_3y": 7.51,
            "at_2017_last_3y": 54.97,
            "at_2018_last_3y": 37.11,
            "at_2019_last_3y": 37.11,
            "at_2020_last_3y": 32.14,
            "at_2021_last_3y": 9.52,
            "at_2022_last_3y": -33.33,
            "at_2023_last_3y": -33.33,
            "at_2006_last_all": 11.99,
            "at_2007_last_all": 9.99,
            "at_2008_last_all": 3.27,
            "at_2009_last_all": 0.64,
            "at_2010_last_all": 11.68,
            "at_2011_last_all": 7.54,
            "at_2012_last_all": 1.78,
            "at_2013_last_all": -5.85,
            "at_2014_last_all": 2.29,
            "at_2015_last_all": 9.27,
            "at_2016_last_all": 3.31,
            "at_2017_last_all": 9.35,
            "at_2018_last_all": 10.48,
            "at_2019_last_all": 15.46,
            "at_2020_last_all": 9.38,
            "at_2021_last_all": 9.38,
            "at_2022_last_all": 3.91,
            "at_2023_last_all": 3.91
        },
        "latest_eps": -0.83,
        "latest_price": 29.75,
        "latest_roe": -2.96,
        "latest_gross_margin": 1.04,
        "latest_equity": 1070481,
        "latest_revenue": 168763,
        "latest_gross_profit": 1754,
        "latest_net_income": -9897,
        "latest_debt_ratio": 60.04,
        "latest_current_ratio": 79.29,
        "latest_account_receivable_turnover_ratio": 1.97,
        "latest_inventory_turnover_ratio": 1.48,
        "latest_reinvestment_rate": 192.94,
        "latest_research_to_sale_ratio": null
    },
    "eps_dividends": {
        "2000": {
            "cash": 1.2,
            "stock": 0,
            "eps": 0
        },
        "2001": {
            "cash": 1.51,
            "stock": 0,
            "eps": 1.39
        },
        "2002": {
            "cash": 1.38,
            "stock": 0,
            "eps": 2.25
        },
        "2003": {
            "cash": 1.8,
            "stock": 0,
            "eps": 1.61
        },
        "2004": {
            "cash": 1.5,
            "stock": 0,
            "eps": 1.92
        },
        "2005": {
            "cash": 1.63,
            "stock": 0,
            "eps": 1.57
        },
        "2006": {
            "cash": 1.5,
            "stock": 0,
            "eps": 1.97
        },
        "2007": {
            "cash": 1.6,
            "stock": 0,
            "eps": 1.97
        },
        "2008": {
            "cash": 1.6,
            "stock": 0,
            "eps": 1.24
        },
        "2009": {
            "cash": 1,
            "stock": 0,
            "eps": 1.02
        },
        "2010": {
            "cash": 1.1,
            "stock": 0,
            "eps": 2.22
        },
        "2011": {
            "cash": 1.7,
            "stock": 0,
            "eps": 1.56
        },
        "2012": {
            "cash": 1.35,
            "stock": 0,
            "eps": 0.69
        },
        "2013": {
            "cash": 1,
            "stock": 0,
            "eps": 0.07
        },
        "2014": {
            "cash": 1,
            "stock": 0,
            "eps": 1.03
        },
        "2015": {
            "cash": 1,
            "stock": 0,
            "eps": 3.32
        },
        "2016": {
            "cash": 2.06,
            "stock": 0,
            "eps": 0.66
        },
        "2017": {
            "cash": 1.2,
            "stock": 0,
            "eps": 1.47
        },
        "2018": {
            "cash": 1.2,
            "stock": 0,
            "eps": 1.89
        },
        "2019": {
            "cash": 2.6,
            "stock": 0,
            "eps": 13.64
        },
        "2020": {
            "cash": 2,
            "stock": 0,
            "eps": -0.46
        },
        "2021": {
            "cash": 2,
            "stock": 0,
            "eps": 2.05
        },
        "2022": {
            "cash": 2,
            "stock": 0,
            "eps": -0.11
        },
        "2023": {
            "cash": 2,
            "stock": 0,
            "eps": -0.24
        }
    },
    "dividends": {
        "2000-04-09": {
            "cash": 1.2,
            "stock": 0
        },
        "2001-03-29": {
            "cash": 1.51,
            "stock": 0
        },
        "2002-04-18": {
            "cash": 1.38,
            "stock": 0
        },
        "2003-05-09": {
            "cash": 1.8,
            "stock": 0
        },
        "2004-03-25": {
            "cash": 1.5,
            "stock": 0
        },
        "2005-02-24": {
            "cash": 1.63,
            "stock": 0
        },
        "2006-02-23": {
            "cash": 1.5,
            "stock": 0
        },
        "2007-03-02": {
            "cash": 1.6,
            "stock": 0
        },
        "2008-03-25": {
            "cash": 1.6,
            "stock": 0
        },
        "2009-03-10": {
            "cash": 1,
            "stock": 0
        },
        "2010-03-09": {
            "cash": 1.1,
            "stock": 0
        },
        "2011-03-09": {
            "cash": 1.7,
            "stock": 0
        },
        "2012-06-06": {
            "cash": 1.35,
            "stock": 0
        },
        "2013-06-04": {
            "cash": 1,
            "stock": 0
        },
        "2014-06-04": {
            "cash": 1,
            "stock": 0
        },
        "2015-07-14": {
            "cash": 1,
            "stock": 0
        },
        "2016-07-22": {
            "cash": 2.06,
            "stock": 0
        },
        "2017-07-25": {
            "cash": 1.2,
            "stock": 0
        },
        "2018-07-13": {
            "cash": 1.2,
            "stock": 0
        },
        "2019-07-15": {
            "cash": 1.6,
            "stock": 0
        },
        "2019-09-30": {
            "cash": 1,
            "stock": 0
        },
        "2020-07-01": {
            "cash": 1,
            "stock": 0
        },
        "2020-09-24": {
            "cash": 1,
            "stock": 0
        },
        "2021-05-14": {
            "cash": 2,
            "stock": 0
        },
        "2022-05-16": {
            "cash": 2,
            "stock": 0
        },
        "2023-04-26": {
            "cash": 2,
            "stock": 0
        }
    },
    "prices": {
        "200101": "無",
        "200102": "無",
        "200103": "無",
        "200104": "無",
        "200105": "無",
        "200106": "無",
        "200107": "無",
        "200108": "無",
        "200109": "無",
        "200110": "無",
        "200111": "無",
        "200112": "無",
        "200201": "無",
        "200202": "無",
        "200203": "無",
        "200204": "14.92",
        "200205": "15.71",
        "200206": "19.11",
        "200207": "21.46",
        "200208": "20.80",
        "200209": "19.15",
        "200210": "18.25",
        "200211": "20.36",
        "200212": "22.27",
        "200301": "21.97",
        "200302": "20.48",
        "200303": "19.50",
        "200304": "19.39",
        "200305": "18.59",
        "200306": "17.17",
        "200307": "16.22",
        "200308": "16.22",
        "200309": "16.05",
        "200310": "15.68",
        "200311": "16.04",
        "200312": "16.32",
        "200401": "16.68",
        "200402": "18.58",
        "200403": "18.54",
        "200404": "18.04",
        "200405": "17.02",
        "200406": "15.58",
        "200407": "15.48",
        "200408": "15.32",
        "200409": "15.88",
        "200410": "16.18",
        "200411": "16.06",
        "200412": "15.98",
        "200501": "16.38",
        "200502": "16.90",
        "200503": "17.20",
        "200504": "17.06",
        "200505": "17.02",
        "200506": "15.47",
        "200507": "15.46",
        "200508": "15.52",
        "200509": "15.41",
        "200510": "15.46",
        "200511": "15.50",
        "200512": "15.57",
        "200601": "15.73",
        "200602": "15.92",
        "200603": "16.34",
        "200604": "16.95",
        "200605": "15.79",
        "200606": "15.72",
        "200607": "15.93",
        "200608": "16.23",
        "200609": "16.83",
        "200610": "17.32",
        "200611": "17.50",
        "200612": "17.98",
        "200701": "18.54",
        "200702": "18.72",
        "200703": "19.32",
        "200704": "19.94",
        "200705": "20.70",
        "200706": "19.10",
        "200707": "20.15",
        "200708": "19.85",
        "200709": "19.76",
        "200710": "20.13",
        "200711": "20.04",
        "200712": "19.53",
        "200801": "19.60",
        "200802": "19.74",
        "200803": "20.36",
        "200804": "21.29",
        "200805": "22.19",
        "200806": "19.31",
        "200807": "18.66",
        "200808": "18.71",
        "200809": "17.64",
        "200810": "15.93",
        "200811": "14.63",
        "200812": "14.26",
        "200901": "14.06",
        "200902": "14.04",
        "200903": "14.46",
        "200904": "14.96",
        "200905": "15.27",
        "200906": "15.71",
        "200907": "14.75",
        "200908": "15.17",
        "200909": "15.41",
        "200910": "15.85",
        "200911": "16.06",
        "200912": "16.67",
        "201001": "16.89",
        "201002": "16.60",
        "201003": "17.72",
        "201004": "18.71",
        "201005": "19.06",
        "201006": "19.01",
        "201007": "18.47",
        "201008": "22.29",
        "201009": "23.42",
        "201010": "24.12",
        "201011": "22.80",
        "201012": "22.84",
        "201101": "22.94",
        "201102": "22.99",
        "201103": "23.59",
        "201104": "25.67",
        "201105": "28.07",
        "201106": "27.03",
        "201107": "24.32",
        "201108": "21.36",
        "201109": "20.21",
        "201110": "20.02",
        "201111": "19.31",
        "201112": "18.16",
        "201201": "18.30",
        "201202": "19.32",
        "201203": "20.34",
        "201204": "20.10",
        "201205": "19.98",
        "201206": "19.72",
        "201207": "18.89",
        "201208": "18.83",
        "201209": "19.03",
        "201210": "18.72",
        "201211": "18.37",
        "201212": "18.28",
        "201301": "18.28",
        "201302": "18.37",
        "201303": "18.60",
        "201304": "18.33",
        "201305": "18.52",
        "201306": "18.85",
        "201307": "18.40",
        "201308": "20.85",
        "201309": "29.02",
        "201310": "26.04",
        "201311": "24.29",
        "201312": "24.69",
        "201401": "26.09",
        "201402": "25.82",
        "201403": "26.54",
        "201404": "27.66",
        "201405": "27.80",
        "201406": "27.04",
        "201407": "25.75",
        "201408": "25.17",
        "201409": "27.17",
        "201410": "27.29",
        "201411": "27.81",
        "201412": "26.83",
        "201501": "27.34",
        "201502": "27.10",
        "201503": "27.08",
        "201504": "26.55",
        "201505": "27.05",
        "201506": "28.19",
        "201507": "27.51",
        "201508": "32.43",
        "201509": "42.27",
        "201510": "56.86",
        "201511": "51.94",
        "201512": "42.49",
        "201601": "34.37",
        "201602": "33.78",
        "201603": "40.55",
        "201604": "44.57",
        "201605": "35.64",
        "201606": "35.31",
        "201607": "33.18",
        "201608": "31.97",
        "201609": "30.57",
        "201610": "28.47",
        "201611": "25.85",
        "201612": "26.93",
        "201701": "27.27",
        "201702": "26.89",
        "201703": "27.07",
        "201704": "26.04",
        "201705": "25.69",
        "201706": "27.99",
        "201707": "27.64",
        "201708": "26.75",
        "201709": "27.50",
        "201710": "27.97",
        "201711": "26.91",
        "201712": "25.57",
        "201801": "26.03",
        "201802": "24.77",
        "201803": "24.30",
        "201804": "25.23",
        "201805": "24.71",
        "201806": "24.51",
        "201807": "22.36",
        "201808": "22.00",
        "201809": "22.50",
        "201810": "21.64",
        "201811": "27.76",
        "201812": "34.45",
        "201901": "34.42",
        "201902": "34.12",
        "201903": "35.56",
        "201904": "36.93",
        "201905": "37.42",
        "201906": "35.15",
        "201907": "33.88",
        "201908": "34.32",
        "201909": "33.52",
        "201910": "33.16",
        "201911": "32.80",
        "201912": "31.47",
        "202001": "32.03",
        "202002": "30.29",
        "202003": "23.45",
        "202004": "21.87",
        "202005": "24.24",
        "202006": "23.97",
        "202007": "23.19",
        "202008": "23.49",
        "202009": "23.43",
        "202010": "24.68",
        "202011": "24.06",
        "202012": "24.69",
        "202101": "24.81",
        "202102": "24.24",
        "202103": "26.49",
        "202104": "29.45",
        "202105": "27.41",
        "202106": "28.11",
        "202107": "28.41",
        "202108": "28.82",
        "202109": "29.56",
        "202110": "29.83",
        "202111": "30.32",
        "202112": "32.15",
        "202201": "33.56",
        "202202": "32.70",
        "202203": "32.98",
        "202204": "33.57",
        "202205": "31.74",
        "202206": "31.30",
        "202207": "29.96",
        "202208": "30.23",
        "202209": "29.73",
        "202210": "29.76",
        "202211": "30.04",
        "202212": "30.09",
        "202301": "29.92",
        "202302": "29.96",
        "202303": "30.27",
        "202304": "29.52",
        "202305": "29.80"
    },
    "quarters": {
        "20011": {
            "year_quarter": 20011,
            "year": 2001,
            "quarter": 1,
            "eps": 0.21,
            "eps_growth_year": null,
            "eps_4q": null,
            "eps_4q_growth_year": null,
            "roe": 1.22,
            "roe_4q": 1.22,
            "gross_profit": 12904,
            "gross_margin": 8.84,
            "gross_margin_4q_avg": 8.84,
            "net_income": 6293,
            "revenue": 146039,
            "common_shares": 300000,
            "book_valuer_per_share": 17.37,
            "book_valuer_per_share_4q_avg": 17.37,
            "equity": 520979,
            "current_ratio": 187.22,
            "debt_ratio": 26.09,
            "inventory_turnover_ratio": 4.08,
            "account_receivable_turnover_ratio": null,
            "reinvestment_rate": null,
            "research_to_sale_ratio": null,
            "price_fair": 0,
            "eps_avg_yearly": 0,
            "eps_latest_yearly": 0,
            "eps_growth_yearly": 0
        },
        "20012": {
            "year_quarter": 20012,
            "year": 2001,
            "quarter": 2,
            "eps": 0.47,
            "eps_growth_year": null,
            "eps_4q": null,
            "eps_4q_growth_year": null,
            "roe": 2.77,
            "roe_4q": 3.99,
            "gross_profit": 25475,
            "gross_margin": 14.13,
            "gross_margin_4q_avg": 11.49,
            "net_income": 13950,
            "revenue": 180327,
            "common_shares": 300000,
            "book_valuer_per_share": 16.15,
            "book_valuer_per_share_4q_avg": 16.76,
            "equity": 484534,
            "current_ratio": 167.31,
            "debt_ratio": 26.69,
            "inventory_turnover_ratio": 4.01,
            "account_receivable_turnover_ratio": null,
            "reinvestment_rate": null,
            "research_to_sale_ratio": null,
            "price_fair": 0,
            "eps_avg_yearly": 0,
            "eps_latest_yearly": 0,
            "eps_growth_yearly": 0
        },
        "20013": {
            "year_quarter": 20013,
            "year": 2001,
            "quarter": 3,
            "eps": 0.25,
            "eps_growth_year": null,
            "eps_4q": null,
            "eps_4q_growth_year": null,
            "roe": 1.52,
            "roe_4q": 5.51,
            "gross_profit": 16723,
            "gross_margin": 10.22,
            "gross_margin_4q_avg": 11.06,
            "net_income": 7432,
            "revenue": 163639,
            "common_shares": 300000,
            "book_valuer_per_share": 16.4,
            "book_valuer_per_share_4q_avg": 16.64,
            "equity": 491966,
            "current_ratio": 181.7,
            "debt_ratio": 25.04,
            "inventory_turnover_ratio": 3.37,
            "account_receivable_turnover_ratio": null,
            "reinvestment_rate": null,
            "research_to_sale_ratio": null,
            "price_fair": 0,
            "eps_avg_yearly": 0,
            "eps_latest_yearly": 0,
            "eps_growth_yearly": 0
        },
        "20014": {
            "year_quarter": 20014,
            "year": 2001,
            "quarter": 4,
            "eps": 0.46,
            "eps_growth_year": null,
            "eps_4q": 1.39,
            "eps_4q_growth_year": null,
            "roe": 2.75,
            "roe_4q": 8.26,
            "gross_profit": 22490,
            "gross_margin": 12.67,
            "gross_margin_4q_avg": 11.47,
            "net_income": 13711,
            "revenue": 177575,
            "common_shares": 300000,
            "book_valuer_per_share": 16.86,
            "book_valuer_per_share_4q_avg": 16.7,
            "equity": 505677,
            "current_ratio": 256.45,
            "debt_ratio": 17.72,
            "inventory_turnover_ratio": 4.06,
            "account_receivable_turnover_ratio": null,
            "reinvestment_rate": null,
            "research_to_sale_ratio": null,
            "price_fair": 0,
            "eps_avg_yearly": 0,
            "eps_latest_yearly": 0,
            "eps_growth_yearly": 0
        },
        "20021": {
            "year_quarter": 20021,
            "year": 2002,
            "quarter": 1,
            "eps": 0.46,
            "eps_growth_year": 119.05,
            "eps_4q": 1.63,
            "eps_4q_growth_year": null,
            "roe": 2.69,
            "roe_4q": 9.729999999999999,
            "gross_profit": 23419,
            "gross_margin": 14.04,
            "gross_margin_4q_avg": 12.77,
            "net_income": 13802,
            "revenue": 166859,
            "common_shares": 300000,
            "book_valuer_per_share": 17.32,
            "book_valuer_per_share_4q_avg": 16.68,
            "equity": 519479,
            "current_ratio": 257.92,
            "debt_ratio": 19.64,
            "inventory_turnover_ratio": 4.07,
            "account_receivable_turnover_ratio": null,
            "reinvestment_rate": null,
            "research_to_sale_ratio": null,
            "price_fair": 18.4,
            "eps_avg_yearly": 1.84,
            "eps_latest_yearly": 1.84,
            "eps_growth_yearly": 0
        },
        "20022": {
            "year_quarter": 20022,
            "year": 2002,
            "quarter": 2,
            "eps": 0.72,
            "eps_growth_year": 53.19,
            "eps_4q": 1.88,
            "eps_4q_growth_year": null,
            "roe": 4.26,
            "roe_4q": 11.219999999999999,
            "gross_profit": 35228,
            "gross_margin": 17.05,
            "gross_margin_4q_avg": 13.5,
            "net_income": 21609,
            "revenue": 206565,
            "common_shares": 300000,
            "book_valuer_per_share": 16.52,
            "book_valuer_per_share_4q_avg": 16.78,
            "equity": 495740,
            "current_ratio": 212.4,
            "debt_ratio": 23.65,
            "inventory_turnover_ratio": 5.11,
            "account_receivable_turnover_ratio": null,
            "reinvestment_rate": null,
            "research_to_sale_ratio": null,
            "price_fair": 82.6,
            "eps_avg_yearly": 2.36,
            "eps_latest_yearly": 2.88,
            "eps_growth_yearly": 113.04
        },
        "20023": {
            "year_quarter": 20023,
            "year": 2002,
            "quarter": 3,
            "eps": 0.5,
            "eps_growth_year": 100,
            "eps_4q": 2.13,
            "eps_4q_growth_year": null,
            "roe": 3,
            "roe_4q": 12.7,
            "gross_profit": 25774,
            "gross_margin": 13.54,
            "gross_margin_4q_avg": 14.33,
            "net_income": 15080,
            "revenue": 190347,
            "common_shares": 300000,
            "book_valuer_per_share": 17.03,
            "book_valuer_per_share_4q_avg": 16.93,
            "equity": 510821,
            "current_ratio": 242.15,
            "debt_ratio": 22.54,
            "inventory_turnover_ratio": 4.73,
            "account_receivable_turnover_ratio": null,
            "reinvestment_rate": null,
            "research_to_sale_ratio": null,
            "price_fair": 78.4,
            "eps_avg_yearly": 2.24,
            "eps_latest_yearly": 2,
            "eps_growth_yearly": 34.62
        },
        "20024": {
            "year_quarter": 20024,
            "year": 2002,
            "quarter": 4,
            "eps": 0.57,
            "eps_growth_year": 23.91,
            "eps_4q": 2.25,
            "eps_4q_growth_year": 62.39,
            "roe": 3.29,
            "roe_4q": 13.24,
            "gross_profit": 22473,
            "gross_margin": 11.91,
            "gross_margin_4q_avg": 14.14,
            "net_income": 17083,
            "revenue": 188655,
            "common_shares": 300000,
            "book_valuer_per_share": 17.6,
            "book_valuer_per_share_4q_avg": 17.12,
            "equity": 527903,
            "current_ratio": 214.24,
            "debt_ratio": 24.62,
            "inventory_turnover_ratio": 4.57,
            "account_receivable_turnover_ratio": null,
            "reinvestment_rate": null,
            "research_to_sale_ratio": null,
            "price_fair": 78.75,
            "eps_avg_yearly": 2.25,
            "eps_latest_yearly": 2.28,
            "eps_growth_yearly": 39.97
        },
        "20031": {
            "year_quarter": 20031,
            "year": 2003,
            "quarter": 1,
            "eps": 0.44,
            "eps_growth_year": -4.35,
            "eps_4q": 2.22,
            "eps_4q_growth_year": 36.07,
            "roe": 2.5,
            "roe_4q": 13.049999999999999,
            "gross_profit": 20558,
            "gross_margin": 11.22,
            "gross_margin_4q_avg": 13.43,
            "net_income": 13311,
            "revenue": 183259,
            "common_shares": 300000,
            "book_valuer_per_share": 17.9,
            "book_valuer_per_share_4q_avg": 17.26,
            "equity": 537045,
            "current_ratio": 234.34,
            "debt_ratio": 23.69,
            "inventory_turnover_ratio": 3.77,
            "account_receivable_turnover_ratio": null,
            "reinvestment_rate": null,
            "research_to_sale_ratio": null,
            "price_fair": 51.06,
            "eps_avg_yearly": 2.15,
            "eps_latest_yearly": 1.76,
            "eps_growth_yearly": 13.73
        },
        "20032": {
            "year_quarter": 20032,
            "year": 2003,
            "quarter": 2,
            "eps": 0.43,
            "eps_growth_year": -40.28,
            "eps_4q": 1.94,
            "eps_4q_growth_year": 3.18,
            "roe": 2.52,
            "roe_4q": 11.309999999999999,
            "gross_profit": 23571,
            "gross_margin": 12.1,
            "gross_margin_4q_avg": 12.19,
            "net_income": 12913,
            "revenue": 194816,
            "common_shares": 300000,
            "book_valuer_per_share": 16.27,
            "book_valuer_per_share_4q_avg": 17.2,
            "equity": 487957,
            "current_ratio": 194.87,
            "debt_ratio": 28.12,
            "inventory_turnover_ratio": 3.95,
            "account_receivable_turnover_ratio": null,
            "reinvestment_rate": null,
            "research_to_sale_ratio": null,
            "price_fair": 41.44,
            "eps_avg_yearly": 2.08,
            "eps_latest_yearly": 1.72,
            "eps_growth_yearly": 9.92
        },
        "20033": {
            "year_quarter": 20033,
            "year": 2003,
            "quarter": 3,
            "eps": 0.32,
            "eps_growth_year": -36,
            "eps_4q": 1.79,
            "eps_4q_growth_year": -16.12,
            "roe": 1.92,
            "roe_4q": 10.23,
            "gross_profit": 16439,
            "gross_margin": 9.28,
            "gross_margin_4q_avg": 11.13,
            "net_income": 9456,
            "revenue": 177080,
            "common_shares": 300000,
            "book_valuer_per_share": 16.53,
            "book_valuer_per_share_4q_avg": 17.08,
            "equity": 495909,
            "current_ratio": 256.21,
            "debt_ratio": 22.49,
            "inventory_turnover_ratio": 4.04,
            "account_receivable_turnover_ratio": null,
            "reinvestment_rate": null,
            "research_to_sale_ratio": null,
            "price_fair": 5.9,
            "eps_avg_yearly": 1.97,
            "eps_latest_yearly": 1.28,
            "eps_growth_yearly": -6.11
        },
        "20034": {
            "year_quarter": 20034,
            "year": 2003,
            "quarter": 4,
            "eps": 0.42,
            "eps_growth_year": -26.32,
            "eps_4q": 1.62,
            "eps_4q_growth_year": -28.01,
            "roe": 2.48,
            "roe_4q": 9.42,
            "gross_profit": 21763,
            "gross_margin": 11.03,
            "gross_margin_4q_avg": 10.91,
            "net_income": 12456,
            "revenue": 197364,
            "common_shares": 300000,
            "book_valuer_per_share": 16.98,
            "book_valuer_per_share_4q_avg": 16.92,
            "equity": 509299,
            "current_ratio": 488.89,
            "debt_ratio": 14.43,
            "inventory_turnover_ratio": 4.64,
            "account_receivable_turnover_ratio": null,
            "reinvestment_rate": null,
            "research_to_sale_ratio": null,
            "price_fair": 39.14,
            "eps_avg_yearly": 1.93,
            "eps_latest_yearly": 1.68,
            "eps_growth_yearly": 10.28
        },
        "20041": {
            "year_quarter": 20041,
            "year": 2004,
            "quarter": 1,
            "eps": 0.42,
            "eps_growth_year": -4.55,
            "eps_4q": 1.58,
            "eps_4q_growth_year": -28.82,
            "roe": 2.45,
            "roe_4q": 9.37,
            "gross_profit": 21588,
            "gross_margin": 11.53,
            "gross_margin_4q_avg": 10.99,
            "net_income": 12626,
            "revenue": 187282,
            "common_shares": 300000,
            "book_valuer_per_share": 17.4,
            "book_valuer_per_share_4q_avg": 16.8,
            "equity": 521924,
            "current_ratio": 338.71,
            "debt_ratio": 19.64,
            "inventory_turnover_ratio": 4,
            "account_receivable_turnover_ratio": null,
            "reinvestment_rate": null,
            "research_to_sale_ratio": null,
            "price_fair": 36.4,
            "eps_avg_yearly": 1.9,
            "eps_latest_yearly": 1.68,
            "eps_growth_yearly": 9.14
        },
        "20042": {
            "year_quarter": 20042,
            "year": 2004,
            "quarter": 2,
            "eps": 0.55,
            "eps_growth_year": 27.91,
            "eps_4q": 1.71,
            "eps_4q_growth_year": -12.29,
            "roe": 3.27,
            "roe_4q": 10.120000000000001,
            "gross_profit": 26828,
            "gross_margin": 12.73,
            "gross_margin_4q_avg": 11.14,
            "net_income": 16442,
            "revenue": 210738,
            "common_shares": 300000,
            "book_valuer_per_share": 16.14,
            "book_valuer_per_share_4q_avg": 16.76,
            "equity": 484137,
            "current_ratio": 335.13,
            "debt_ratio": 20.2,
            "inventory_turnover_ratio": 4.21,
            "account_receivable_turnover_ratio": null,
            "reinvestment_rate": null,
            "research_to_sale_ratio": null,
            "price_fair": 59.12,
            "eps_avg_yearly": 1.93,
            "eps_latest_yearly": 2.2,
            "eps_growth_yearly": 20.6
        },
        "20043": {
            "year_quarter": 20043,
            "year": 2004,
            "quarter": 3,
            "eps": 0.41,
            "eps_growth_year": 28.12,
            "eps_4q": 1.79,
            "eps_4q_growth_year": 0.02,
            "roe": 2.53,
            "roe_4q": 10.73,
            "gross_profit": 18409,
            "gross_margin": 9.15,
            "gross_margin_4q_avg": 11.11,
            "net_income": 12374,
            "revenue": 201277,
            "common_shares": 300000,
            "book_valuer_per_share": 16.43,
            "book_valuer_per_share_4q_avg": 16.74,
            "equity": 492930,
            "current_ratio": 329.4,
            "debt_ratio": 22.01,
            "inventory_turnover_ratio": 4.18,
            "account_receivable_turnover_ratio": null,
            "reinvestment_rate": null,
            "research_to_sale_ratio": null,
            "price_fair": 37.11,
            "eps_avg_yearly": 1.91,
            "eps_latest_yearly": 1.64,
            "eps_growth_yearly": 9.47
        },
        "20044": {
            "year_quarter": 20044,
            "year": 2004,
            "quarter": 4,
            "eps": 0.54,
            "eps_growth_year": 28.57,
            "eps_4q": 1.91,
            "eps_4q_growth_year": 17.75,
            "roe": 3.22,
            "roe_4q": 11.469999999999999,
            "gross_profit": 24491,
            "gross_margin": 11.04,
            "gross_margin_4q_avg": 11.11,
            "net_income": 16320,
            "revenue": 221928,
            "common_shares": 300000,
            "book_valuer_per_share": 17.35,
            "book_valuer_per_share_4q_avg": 16.83,
            "equity": 520496,
            "current_ratio": 402.22,
            "debt_ratio": 18.03,
            "inventory_turnover_ratio": 3.89,
            "account_receivable_turnover_ratio": null,
            "reinvestment_rate": -72.41,
            "research_to_sale_ratio": null,
            "price_fair": 56.36,
            "eps_avg_yearly": 1.93,
            "eps_latest_yearly": 2.16,
            "eps_growth_yearly": 19.25
        },
        "20051": {
            "year_quarter": 20051,
            "year": 2005,
            "quarter": 1,
            "eps": 0.41,
            "eps_growth_year": -2.38,
            "eps_4q": 1.9,
            "eps_4q_growth_year": 20.36,
            "roe": 2.34,
            "roe_4q": 11.36,
            "gross_profit": 18649,
            "gross_margin": 9.77,
            "gross_margin_4q_avg": 10.67,
            "net_income": 12422,
            "revenue": 190847,
            "common_shares": 300000,
            "book_valuer_per_share": 18.06,
            "book_valuer_per_share_4q_avg": 17,
            "equity": 541933,
            "current_ratio": 316.49,
            "debt_ratio": 21.04,
            "inventory_turnover_ratio": 3.44,
            "account_receivable_turnover_ratio": null,
            "reinvestment_rate": -64.77,
            "research_to_sale_ratio": null,
            "price_fair": 38.79,
            "eps_avg_yearly": 1.9,
            "eps_latest_yearly": 1.64,
            "eps_growth_yearly": 10.36
        },
        "20052": {
            "year_quarter": 20052,
            "year": 2005,
            "quarter": 2,
            "eps": 0.42,
            "eps_growth_year": -23.64,
            "eps_4q": 1.79,
            "eps_4q_growth_year": 4.95,
            "roe": 2.41,
            "roe_4q": 10.5,
            "gross_profit": 22136,
            "gross_margin": 10.6,
            "gross_margin_4q_avg": 10.14,
            "net_income": 12607,
            "revenue": 208917,
            "common_shares": 300000,
            "book_valuer_per_share": 16.76,
            "book_valuer_per_share_4q_avg": 17.15,
            "equity": 502834,
            "current_ratio": 485.1,
            "debt_ratio": 13.96,
            "inventory_turnover_ratio": 3.84,
            "account_receivable_turnover_ratio": null,
            "reinvestment_rate": -63.69,
            "research_to_sale_ratio": null,
            "price_fair": 38.38,
            "eps_avg_yearly": 1.89,
            "eps_latest_yearly": 1.68,
            "eps_growth_yearly": 10.32
        },
        "20053": {
            "year_quarter": 20053,
            "year": 2005,
            "quarter": 3,
            "eps": 0.38,
            "eps_growth_year": -7.32,
            "eps_4q": 1.75,
            "eps_4q_growth_year": -2.07,
            "roe": 2.26,
            "roe_4q": 10.23,
            "gross_profit": 18244,
            "gross_margin": 9.87,
            "gross_margin_4q_avg": 10.32,
            "net_income": 11479,
            "revenue": 184771,
            "common_shares": 300000,
            "book_valuer_per_share": 17.1,
            "book_valuer_per_share_4q_avg": 17.32,
            "equity": 512972,
            "current_ratio": 379.6,
            "debt_ratio": 17.97,
            "inventory_turnover_ratio": 3.41,
            "account_receivable_turnover_ratio": null,
            "reinvestment_rate": -62.01,
            "research_to_sale_ratio": null,
            "price_fair": 31.86,
            "eps_avg_yearly": 1.86,
            "eps_latest_yearly": 1.52,
            "eps_growth_yearly": 7.09
        },
        "20054": {
            "year_quarter": 20054,
            "year": 2005,
            "quarter": 4,
            "eps": 0.36,
            "eps_growth_year": -33.33,
            "eps_4q": 1.56,
            "eps_4q_growth_year": -18.24,
            "roe": 2.11,
            "roe_4q": 9.12,
            "gross_profit": 20050,
            "gross_margin": 10.64,
            "gross_margin_4q_avg": 10.22,
            "net_income": 10928,
            "revenue": 188435,
            "common_shares": 300000,
            "book_valuer_per_share": 17.51,
            "book_valuer_per_share_4q_avg": 17.36,
            "equity": 525192,
            "current_ratio": 588.26,
            "debt_ratio": 12.8,
            "inventory_turnover_ratio": 3.42,
            "account_receivable_turnover_ratio": null,
            "reinvestment_rate": -61.57,
            "research_to_sale_ratio": null,
            "price_fair": 28.18,
            "eps_avg_yearly": 1.84,
            "eps_latest_yearly": 1.44,
            "eps_growth_yearly": 5.33
        },
        "20061": {
            "year_quarter": 20061,
            "year": 2006,
            "quarter": 1,
            "eps": 0.49,
            "eps_growth_year": 19.51,
            "eps_4q": 1.66,
            "eps_4q_growth_year": -12.66,
            "roe": 2.76,
            "roe_4q": 9.54,
            "gross_profit": 23664,
            "gross_margin": 12.96,
            "gross_margin_4q_avg": 11.02,
            "net_income": 14673,
            "revenue": 182585,
            "common_shares": 300000,
            "book_valuer_per_share": 17.94,
            "book_valuer_per_share_4q_avg": 17.33,
            "equity": 538198,
            "current_ratio": 458.11,
            "debt_ratio": 16.45,
            "inventory_turnover_ratio": 3.19,
            "account_receivable_turnover_ratio": null,
            "reinvestment_rate": -58.75,
            "research_to_sale_ratio": null,
            "price_fair": 44.95,
            "eps_avg_yearly": 1.85,
            "eps_latest_yearly": 1.96,
            "eps_growth_yearly": 14.36
        },
        "20062": {
            "year_quarter": 20062,
            "year": 2006,
            "quarter": 2,
            "eps": 0.53,
            "eps_growth_year": 26.19,
            "eps_4q": 1.76,
            "eps_4q_growth_year": -1.79,
            "roe": 3.06,
            "roe_4q": 10.19,
            "gross_profit": 24924,
            "gross_margin": 11.73,
            "gross_margin_4q_avg": 11.3,
            "net_income": 16006,
            "revenue": 212507,
            "common_shares": 300000,
            "book_valuer_per_share": 16.9,
            "book_valuer_per_share_4q_avg": 17.36,
            "equity": 506892,
            "current_ratio": 256.28,
            "debt_ratio": 27.41,
            "inventory_turnover_ratio": 3.91,
            "account_receivable_turnover_ratio": null,
            "reinvestment_rate": -57.29,
            "research_to_sale_ratio": null,
            "price_fair": 22.06,
            "eps_avg_yearly": 1.8,
            "eps_latest_yearly": 2.12,
            "eps_growth_yearly": 2.27
        },
        "20063": {
            "year_quarter": 20063,
            "year": 2006,
            "quarter": 3,
            "eps": 0.53,
            "eps_growth_year": 39.47,
            "eps_4q": 1.93,
            "eps_4q_growth_year": 10.31,
            "roe": 3.06,
            "roe_4q": 10.989999999999998,
            "gross_profit": 25767,
            "gross_margin": 12.1,
            "gross_margin_4q_avg": 11.86,
            "net_income": 15762,
            "revenue": 213025,
            "common_shares": 300000,
            "book_valuer_per_share": 17.46,
            "book_valuer_per_share_4q_avg": 17.45,
            "equity": 523874,
            "current_ratio": 410.27,
            "debt_ratio": 17.64,
            "inventory_turnover_ratio": 3.78,
            "account_receivable_turnover_ratio": null,
            "reinvestment_rate": -54.24,
            "research_to_sale_ratio": null,
            "price_fair": 35.94,
            "eps_avg_yearly": 1.81,
            "eps_latest_yearly": 2.12,
            "eps_growth_yearly": 9.91
        },
        "20064": {
            "year_quarter": 20064,
            "year": 2006,
            "quarter": 4,
            "eps": 0.42,
            "eps_growth_year": 16.67,
            "eps_4q": 1.97,
            "eps_4q_growth_year": 26.18,
            "roe": 2.39,
            "roe_4q": 11.27,
            "gross_profit": 21741,
            "gross_margin": 10.91,
            "gross_margin_4q_avg": 11.93,
            "net_income": 12569,
            "revenue": 199356,
            "common_shares": 300000,
            "book_valuer_per_share": 17.64,
            "book_valuer_per_share_4q_avg": 17.49,
            "equity": 529334,
            "current_ratio": 236.26,
            "debt_ratio": 32.25,
            "inventory_turnover_ratio": 3.28,
            "account_receivable_turnover_ratio": null,
            "reinvestment_rate": -72.24,
            "research_to_sale_ratio": null,
            "price_fair": 19.84,
            "eps_avg_yearly": 1.77,
            "eps_latest_yearly": 1.68,
            "eps_growth_yearly": 1.22
        },
        "20071": {
            "year_quarter": 20071,
            "year": 2007,
            "quarter": 1,
            "eps": 0.48,
            "eps_growth_year": -2.04,
            "eps_4q": 1.97,
            "eps_4q_growth_year": 18.71,
            "roe": 2.66,
            "roe_4q": 11.170000000000002,
            "gross_profit": 23366,
            "gross_margin": 12.1,
            "gross_margin_4q_avg": 11.71,
            "net_income": 14286,
            "revenue": 193067,
            "common_shares": 300000,
            "book_valuer_per_share": 18.1,
            "book_valuer_per_share_4q_avg": 17.53,
            "equity": 543037,
            "current_ratio": 413.6,
            "debt_ratio": 19.28,
            "inventory_turnover_ratio": 3.17,
            "account_receivable_turnover_ratio": null,
            "reinvestment_rate": -70.66,
            "research_to_sale_ratio": null,
            "price_fair": 36.43,
            "eps_avg_yearly": 1.78,
            "eps_latest_yearly": 1.92,
            "eps_growth_yearly": 10.5
        },
        "20072": {
            "year_quarter": 20072,
            "year": 2007,
            "quarter": 2,
            "eps": 0.5,
            "eps_growth_year": -5.66,
            "eps_4q": 1.92,
            "eps_4q_growth_year": 9.36,
            "roe": 2.86,
            "roe_4q": 10.97,
            "gross_profit": 24915,
            "gross_margin": 11.64,
            "gross_margin_4q_avg": 11.69,
            "net_income": 14981,
            "revenue": 213995,
            "common_shares": 300000,
            "book_valuer_per_share": 16.83,
            "book_valuer_per_share_4q_avg": 17.51,
            "equity": 504921,
            "current_ratio": 682.06,
            "debt_ratio": 13.27,
            "inventory_turnover_ratio": 3.79,
            "account_receivable_turnover_ratio": null,
            "reinvestment_rate": -63.74,
            "research_to_sale_ratio": null,
            "price_fair": 39.68,
            "eps_avg_yearly": 1.8,
            "eps_latest_yearly": 2,
            "eps_growth_yearly": 12.11
        },
        "20073": {
            "year_quarter": 20073,
            "year": 2007,
            "quarter": 3,
            "eps": 0.59,
            "eps_growth_year": 11.32,
            "eps_4q": 1.99,
            "eps_4q_growth_year": 3.18,
            "roe": 3.43,
            "roe_4q": 11.34,
            "gross_profit": 24717,
            "gross_margin": 11.18,
            "gross_margin_4q_avg": 11.46,
            "net_income": 17625,
            "revenue": 221094,
            "common_shares": 300000,
            "book_valuer_per_share": 17.47,
            "book_valuer_per_share_4q_avg": 17.51,
            "equity": 524000,
            "current_ratio": 701.76,
            "debt_ratio": 13.08,
            "inventory_turnover_ratio": 4.04,
            "account_receivable_turnover_ratio": null,
            "reinvestment_rate": -59.88,
            "research_to_sale_ratio": null,
            "price_fair": 61.46,
            "eps_avg_yearly": 1.86,
            "eps_latest_yearly": 2.36,
            "eps_growth_yearly": 23
        },
        "20074": {
            "year_quarter": 20074,
            "year": 2007,
            "quarter": 4,
            "eps": 0.4,
            "eps_growth_year": -4.76,
            "eps_4q": 1.95,
            "eps_4q_growth_year": -1.18,
            "roe": 2.29,
            "roe_4q": 11.24,
            "gross_profit": 19999,
            "gross_margin": 9.73,
            "gross_margin_4q_avg": 11.16,
            "net_income": 12113,
            "revenue": 205601,
            "common_shares": 300000,
            "book_valuer_per_share": 17.74,
            "book_valuer_per_share_4q_avg": 17.54,
            "equity": 532190,
            "current_ratio": 570.54,
            "debt_ratio": 15.53,
            "inventory_turnover_ratio": 3.4,
            "account_receivable_turnover_ratio": null,
            "reinvestment_rate": -51.68,
            "research_to_sale_ratio": null,
            "price_fair": 31.83,
            "eps_avg_yearly": 1.86,
            "eps_latest_yearly": 1.6,
            "eps_growth_yearly": 7.14
        },
        "20081": {
            "year_quarter": 20081,
            "year": 2008,
            "quarter": 1,
            "eps": 0.53,
            "eps_growth_year": 10.42,
            "eps_4q": 2.02,
            "eps_4q_growth_year": 2.32,
            "roe": 2.95,
            "roe_4q": 11.53,
            "gross_profit": 26172,
            "gross_margin": 12.42,
            "gross_margin_4q_avg": 11.24,
            "net_income": 15956,
            "revenue": 210750,
            "common_shares": 300000,
            "book_valuer_per_share": 18.27,
            "book_valuer_per_share_4q_avg": 17.58,
            "equity": 548145,
            "current_ratio": 714.16,
            "debt_ratio": 13.33,
            "inventory_turnover_ratio": 3,
            "account_receivable_turnover_ratio": null,
            "reinvestment_rate": -46.09,
            "research_to_sale_ratio": null,
            "price_fair": 47.62,
            "eps_avg_yearly": 1.89,
            "eps_latest_yearly": 2.12,
            "eps_growth_yearly": 15.26
        },
        "20082": {
            "year_quarter": 20082,
            "year": 2008,
            "quarter": 2,
            "eps": 0.38,
            "eps_growth_year": -24,
            "eps_4q": 1.89,
            "eps_4q_growth_year": -1.46,
            "roe": 2.17,
            "roe_4q": 10.84,
            "gross_profit": 19938,
            "gross_margin": 9.56,
            "gross_margin_4q_avg": 10.72,
            "net_income": 11467,
            "revenue": 208536,
            "common_shares": 300000,
            "book_valuer_per_share": 16.91,
            "book_valuer_per_share_4q_avg": 17.6,
            "equity": 507342,
            "current_ratio": 931.63,
            "debt_ratio": 11.25,
            "inventory_turnover_ratio": 3.07,
            "account_receivable_turnover_ratio": null,
            "reinvestment_rate": -44.68,
            "research_to_sale_ratio": null,
            "price_fair": 18.43,
            "eps_avg_yearly": 1.84,
            "eps_latest_yearly": 1.52,
            "eps_growth_yearly": 0.45
        },
        "20083": {
            "year_quarter": 20083,
            "year": 2008,
            "quarter": 3,
            "eps": 0.3,
            "eps_growth_year": -49.15,
            "eps_4q": 1.63,
            "eps_4q_growth_year": -18.16,
            "roe": 1.74,
            "roe_4q": 9.15,
            "gross_profit": 15641,
            "gross_margin": 8.04,
            "gross_margin_4q_avg": 9.94,
            "net_income": 8924,
            "revenue": 194630,
            "common_shares": 300000,
            "book_valuer_per_share": 17.21,
            "book_valuer_per_share_4q_avg": 17.53,
            "equity": 516266,
            "current_ratio": 922.71,
            "debt_ratio": 11.33,
            "inventory_turnover_ratio": 3.04,
            "account_receivable_turnover_ratio": null,
            "reinvestment_rate": -42.11,
            "research_to_sale_ratio": null,
            "price_fair": 20.96,
            "eps_avg_yearly": 1.82,
            "eps_latest_yearly": 1.2,
            "eps_growth_yearly": 1.55
        },
        "20084": {
            "year_quarter": 20084,
            "year": 2008,
            "quarter": 4,
            "eps": 0.03,
            "eps_growth_year": -92.5,
            "eps_4q": 1.12,
            "eps_4q_growth_year": -42.67,
            "roe": 0.19,
            "roe_4q": 7.05,
            "gross_profit": 4164,
            "gross_margin": 2.95,
            "gross_margin_4q_avg": 8.24,
            "net_income": 1003,
            "revenue": 141209,
            "common_shares": 300000,
            "book_valuer_per_share": 17.37,
            "book_valuer_per_share_4q_avg": 17.44,
            "equity": 521066,
            "current_ratio": 1028.1,
            "debt_ratio": 9.39,
            "inventory_turnover_ratio": 2.36,
            "account_receivable_turnover_ratio": 5.73,
            "reinvestment_rate": -41.71,
            "research_to_sale_ratio": null,
            "price_fair": 5.06,
            "eps_avg_yearly": 1.69,
            "eps_latest_yearly": 0.12,
            "eps_growth_yearly": -28.88
        },
        "20091": {
            "year_quarter": 20091,
            "year": 2009,
            "quarter": 1,
            "eps": -0.08,
            "eps_growth_year": -115.09,
            "eps_4q": 0.64,
            "eps_4q_growth_year": -68.25,
            "roe": -0.45,
            "roe_4q": 3.65,
            "gross_profit": -104,
            "gross_margin": -0.09,
            "gross_margin_4q_avg": 5.12,
            "net_income": -2318,
            "revenue": 111887,
            "common_shares": 298070,
            "book_valuer_per_share": 17.39,
            "book_valuer_per_share_4q_avg": 17.22,
            "equity": 518213,
            "current_ratio": 955.47,
            "debt_ratio": 9.88,
            "inventory_turnover_ratio": 2.22,
            "account_receivable_turnover_ratio": 1.93,
            "reinvestment_rate": -44.61,
            "research_to_sale_ratio": null,
            "price_fair": 5.07,
            "eps_avg_yearly": 1.69,
            "eps_latest_yearly": 0.12,
            "eps_growth_yearly": -24.38
        },
        "20092": {
            "year_quarter": 20092,
            "year": 2009,
            "quarter": 2,
            "eps": 0.36,
            "eps_growth_year": -5.26,
            "eps_4q": 0.61,
            "eps_4q_growth_year": -67.66,
            "roe": 2.12,
            "roe_4q": 3.6,
            "gross_profit": 20865,
            "gross_margin": 12.82,
            "gross_margin_4q_avg": 5.93,
            "net_income": 10848,
            "revenue": 162707,
            "common_shares": 298070,
            "book_valuer_per_share": 17.03,
            "book_valuer_per_share_4q_avg": 17.25,
            "equity": 507484,
            "current_ratio": 537.02,
            "debt_ratio": 13.78,
            "inventory_turnover_ratio": 3.22,
            "account_receivable_turnover_ratio": 2.36,
            "reinvestment_rate": -41.39,
            "research_to_sale_ratio": null,
            "price_fair": 5.07,
            "eps_avg_yearly": 1.69,
            "eps_latest_yearly": 0.12,
            "eps_growth_yearly": -26.82
        },
        "20093": {
            "year_quarter": 20093,
            "year": 2009,
            "quarter": 3,
            "eps": 0.4,
            "eps_growth_year": 33.33,
            "eps_4q": 0.72,
            "eps_4q_growth_year": -55.92,
            "roe": 2.33,
            "roe_4q": 4.19,
            "gross_profit": 19892,
            "gross_margin": 13.37,
            "gross_margin_4q_avg": 7.26,
            "net_income": 11985,
            "revenue": 148806,
            "common_shares": 298070,
            "book_valuer_per_share": 17.43,
            "book_valuer_per_share_4q_avg": 17.31,
            "equity": 519469,
            "current_ratio": 1208.02,
            "debt_ratio": 7.01,
            "inventory_turnover_ratio": 2.88,
            "account_receivable_turnover_ratio": 2.45,
            "reinvestment_rate": -37.13,
            "research_to_sale_ratio": null,
            "price_fair": 5.09,
            "eps_avg_yearly": 1.7,
            "eps_latest_yearly": 1.6,
            "eps_growth_yearly": -20.93
        },
        "20094": {
            "year_quarter": 20094,
            "year": 2009,
            "quarter": 4,
            "eps": 0.34,
            "eps_growth_year": 1033.33,
            "eps_4q": 1.03,
            "eps_4q_growth_year": -7.66,
            "roe": 1.97,
            "roe_4q": 5.97,
            "gross_profit": 23709,
            "gross_margin": 14.27,
            "gross_margin_4q_avg": 10.09,
            "net_income": 10232,
            "revenue": 166122,
            "common_shares": 298070,
            "book_valuer_per_share": 17.35,
            "book_valuer_per_share_4q_avg": 17.3,
            "equity": 517145,
            "current_ratio": 878.21,
            "debt_ratio": 11.23,
            "inventory_turnover_ratio": 3.37,
            "account_receivable_turnover_ratio": 5.38,
            "reinvestment_rate": -33.72,
            "research_to_sale_ratio": null,
            "price_fair": 5.07,
            "eps_avg_yearly": 1.69,
            "eps_latest_yearly": 1.36,
            "eps_growth_yearly": -23.71
        },
        "20101": {
            "year_quarter": 20101,
            "year": 2010,
            "quarter": 1,
            "eps": 0.51,
            "eps_growth_year": null,
            "eps_4q": 1.62,
            "eps_4q_growth_year": 152.72,
            "roe": 2.89,
            "roe_4q": 9.31,
            "gross_profit": 22425,
            "gross_margin": 13.32,
            "gross_margin_4q_avg": 13.45,
            "net_income": 15144,
            "revenue": 168367,
            "common_shares": 298070,
            "book_valuer_per_share": 17.85,
            "book_valuer_per_share_4q_avg": 17.42,
            "equity": 532073,
            "current_ratio": 1078.25,
            "debt_ratio": 9.69,
            "inventory_turnover_ratio": 3.44,
            "account_receivable_turnover_ratio": 2.57,
            "reinvestment_rate": -24.19,
            "research_to_sale_ratio": 0.1,
            "price_fair": 5.09,
            "eps_avg_yearly": 1.7,
            "eps_latest_yearly": 2.04,
            "eps_growth_yearly": -19.74
        },
        "20102": {
            "year_quarter": 20102,
            "year": 2010,
            "quarter": 2,
            "eps": 0.65,
            "eps_growth_year": 79.92,
            "eps_4q": 1.9,
            "eps_4q_growth_year": 210.38,
            "roe": 3.67,
            "roe_4q": 10.860000000000001,
            "gross_profit": 29182,
            "gross_margin": 14.71,
            "gross_margin_4q_avg": 13.92,
            "net_income": 19306,
            "revenue": 198400,
            "common_shares": 298070,
            "book_valuer_per_share": 17.41,
            "book_valuer_per_share_4q_avg": 17.51,
            "equity": 518808,
            "current_ratio": 541.03,
            "debt_ratio": 15.5,
            "inventory_turnover_ratio": 3.63,
            "account_receivable_turnover_ratio": 2.63,
            "reinvestment_rate": -21.73,
            "research_to_sale_ratio": 0.08,
            "price_fair": 5.19,
            "eps_avg_yearly": 1.73,
            "eps_latest_yearly": 2.6,
            "eps_growth_yearly": -14.23
        },
        "20103": {
            "year_quarter": 20103,
            "year": 2010,
            "quarter": 3,
            "eps": 0.55,
            "eps_growth_year": 38.22,
            "eps_4q": 2.05,
            "eps_4q_growth_year": 185.72,
            "roe": 3.13,
            "roe_4q": 11.66,
            "gross_profit": 25019,
            "gross_margin": 12.77,
            "gross_margin_4q_avg": 13.77,
            "net_income": 16480,
            "revenue": 195954,
            "common_shares": 298070,
            "book_valuer_per_share": 17.96,
            "book_valuer_per_share_4q_avg": 17.64,
            "equity": 535288,
            "current_ratio": 529.26,
            "debt_ratio": 13.6,
            "inventory_turnover_ratio": 3.54,
            "account_receivable_turnover_ratio": 2.56,
            "reinvestment_rate": 17.39,
            "research_to_sale_ratio": 0.08,
            "price_fair": 5.21,
            "eps_avg_yearly": 1.74,
            "eps_latest_yearly": 2.2,
            "eps_growth_yearly": -18.62
        },
        "20104": {
            "year_quarter": 20104,
            "year": 2010,
            "quarter": 4,
            "eps": 0.51,
            "eps_growth_year": 50.14,
            "eps_4q": 2.22,
            "eps_4q_growth_year": 115.13,
            "roe": 2.81,
            "roe_4q": 12.5,
            "gross_profit": 29567,
            "gross_margin": 15,
            "gross_margin_4q_avg": 13.95,
            "net_income": 15216,
            "revenue": 197177,
            "common_shares": 298070,
            "book_valuer_per_share": 18.41,
            "book_valuer_per_share_4q_avg": 17.91,
            "equity": 548636,
            "current_ratio": 731.26,
            "debt_ratio": 11.18,
            "inventory_turnover_ratio": 3.54,
            "account_receivable_turnover_ratio": 2.82,
            "reinvestment_rate": 18.56,
            "research_to_sale_ratio": 0.08,
            "price_fair": 5.29,
            "eps_avg_yearly": 1.76,
            "eps_latest_yearly": 2.04,
            "eps_growth_yearly": -14.77
        },
        "20111": {
            "year_quarter": 20111,
            "year": 2011,
            "quarter": 1,
            "eps": 1.03,
            "eps_growth_year": 102.73,
            "eps_4q": 2.74,
            "eps_4q_growth_year": 69.69,
            "roe": 5.46,
            "roe_4q": 15.069999999999999,
            "gross_profit": 44474,
            "gross_margin": 21.11,
            "gross_margin_4q_avg": 15.9,
            "net_income": 30804,
            "revenue": 210708,
            "common_shares": 298070,
            "book_valuer_per_share": 19.44,
            "book_valuer_per_share_4q_avg": 18.31,
            "equity": 579440,
            "current_ratio": 715.02,
            "debt_ratio": 11.3,
            "inventory_turnover_ratio": 2.92,
            "account_receivable_turnover_ratio": 2.73,
            "reinvestment_rate": 23.87,
            "research_to_sale_ratio": 0.08,
            "price_fair": 38.93,
            "eps_avg_yearly": 1.92,
            "eps_latest_yearly": 4.12,
            "eps_growth_yearly": 10.28
        },
        "20112": {
            "year_quarter": 20112,
            "year": 2011,
            "quarter": 2,
            "eps": 0.26,
            "eps_growth_year": -59.83,
            "eps_4q": 2.36,
            "eps_4q_growth_year": 23.98,
            "roe": 1.39,
            "roe_4q": 12.79,
            "gross_profit": 16325,
            "gross_margin": 8.64,
            "gross_margin_4q_avg": 14.38,
            "net_income": 7755,
            "revenue": 188945,
            "common_shares": 298070,
            "book_valuer_per_share": 18,
            "book_valuer_per_share_4q_avg": 18.45,
            "equity": 536524,
            "current_ratio": 356.89,
            "debt_ratio": 18.12,
            "inventory_turnover_ratio": 2.89,
            "account_receivable_turnover_ratio": 2.5,
            "reinvestment_rate": 36.89,
            "research_to_sale_ratio": 0.08,
            "price_fair": 5.55,
            "eps_avg_yearly": 1.85,
            "eps_latest_yearly": 1.04,
            "eps_growth_yearly": -12.27
        },
        "20113": {
            "year_quarter": 20113,
            "year": 2011,
            "quarter": 3,
            "eps": -0.04,
            "eps_growth_year": -107.61,
            "eps_4q": 1.76,
            "eps_4q_growth_year": -14.13,
            "roe": -0.23,
            "roe_4q": 9.43,
            "gross_profit": 3985,
            "gross_margin": 3.01,
            "gross_margin_4q_avg": 11.94,
            "net_income": -1254,
            "revenue": 132304,
            "common_shares": 298070,
            "book_valuer_per_share": 17.96,
            "book_valuer_per_share_4q_avg": 18.45,
            "equity": 535269,
            "current_ratio": 666.06,
            "debt_ratio": 10.7,
            "inventory_turnover_ratio": 2.5,
            "account_receivable_turnover_ratio": 2.32,
            "reinvestment_rate": 49.82,
            "research_to_sale_ratio": 0.12,
            "price_fair": 5.44,
            "eps_avg_yearly": 1.81,
            "eps_latest_yearly": 1.04,
            "eps_growth_yearly": -18.75
        },
        "20114": {
            "year_quarter": 20114,
            "year": 2011,
            "quarter": 4,
            "eps": 0.31,
            "eps_growth_year": -40.1,
            "eps_4q": 1.56,
            "eps_4q_growth_year": -29.82,
            "roe": 1.69,
            "roe_4q": 8.309999999999999,
            "gross_profit": 10783,
            "gross_margin": 7.48,
            "gross_margin_4q_avg": 10.06,
            "net_income": 9115,
            "revenue": 144192,
            "common_shares": 298070,
            "book_valuer_per_share": 18.32,
            "book_valuer_per_share_4q_avg": 18.43,
            "equity": 546076,
            "current_ratio": 603.69,
            "debt_ratio": 10.69,
            "inventory_turnover_ratio": 2.27,
            "account_receivable_turnover_ratio": 2.79,
            "reinvestment_rate": 54.21,
            "research_to_sale_ratio": 0.11,
            "price_fair": 5.49,
            "eps_avg_yearly": 1.83,
            "eps_latest_yearly": 1.04,
            "eps_growth_yearly": -9.58
        },
        "20121": {
            "year_quarter": 20121,
            "year": 2012,
            "quarter": 1,
            "eps": 0.26,
            "eps_growth_year": -74.76,
            "eps_4q": 0.78,
            "eps_4q_growth_year": -71.43,
            "roe": 1.41,
            "roe_4q": 4.26,
            "gross_profit": 14976,
            "gross_margin": 9.4,
            "gross_margin_4q_avg": 7.13,
            "net_income": 7760,
            "revenue": 159236,
            "common_shares": 298070,
            "book_valuer_per_share": 18.58,
            "book_valuer_per_share_4q_avg": 18.22,
            "equity": 553836,
            "current_ratio": 650.19,
            "debt_ratio": 9.89,
            "inventory_turnover_ratio": 2.13,
            "account_receivable_turnover_ratio": 2.83,
            "reinvestment_rate": 65.53,
            "research_to_sale_ratio": 0.1,
            "price_fair": 5.22,
            "eps_avg_yearly": 1.74,
            "eps_latest_yearly": 1.04,
            "eps_growth_yearly": -25.79
        },
        "20122": {
            "year_quarter": 20122,
            "year": 2012,
            "quarter": 2,
            "eps": 0.21,
            "eps_growth_year": -17.94,
            "eps_4q": 0.74,
            "eps_4q_growth_year": -68.71,
            "roe": 1.19,
            "roe_4q": 4.059999999999999,
            "gross_profit": 14320,
            "gross_margin": 8.15,
            "gross_margin_4q_avg": 7.01,
            "net_income": 6364,
            "revenue": 175781,
            "common_shares": 298070,
            "book_valuer_per_share": 17.44,
            "book_valuer_per_share_4q_avg": 18.08,
            "equity": 519960,
            "current_ratio": 333.47,
            "debt_ratio": 16.39,
            "inventory_turnover_ratio": 2.44,
            "account_receivable_turnover_ratio": 2.75,
            "reinvestment_rate": 67.46,
            "research_to_sale_ratio": 0.09,
            "price_fair": 5.05,
            "eps_avg_yearly": 1.68,
            "eps_latest_yearly": 0.84,
            "eps_growth_yearly": -22.77
        },
        "20123": {
            "year_quarter": 20123,
            "year": 2012,
            "quarter": 3,
            "eps": 0.13,
            "eps_growth_year": null,
            "eps_4q": 0.91,
            "eps_4q_growth_year": -48.33,
            "roe": 0.75,
            "roe_4q": 5.039999999999999,
            "gross_profit": 10408,
            "gross_margin": 7.03,
            "gross_margin_4q_avg": 8.02,
            "net_income": 3896,
            "revenue": 147989,
            "common_shares": 298070,
            "book_valuer_per_share": 17.57,
            "book_valuer_per_share_4q_avg": 17.98,
            "equity": 523856,
            "current_ratio": 748.07,
            "debt_ratio": 8.79,
            "inventory_turnover_ratio": 2.33,
            "account_receivable_turnover_ratio": 2.35,
            "reinvestment_rate": 71.22,
            "research_to_sale_ratio": 0.08,
            "price_fair": 4.88,
            "eps_avg_yearly": 1.63,
            "eps_latest_yearly": 0.52,
            "eps_growth_yearly": -28.45
        },
        "20124": {
            "year_quarter": 20124,
            "year": 2012,
            "quarter": 4,
            "eps": 0.09,
            "eps_growth_year": -70.65,
            "eps_4q": 0.69,
            "eps_4q_growth_year": -55.42,
            "roe": 0.51,
            "roe_4q": 3.8600000000000003,
            "gross_profit": 8501,
            "gross_margin": 6.63,
            "gross_margin_4q_avg": 7.8,
            "net_income": 2675,
            "revenue": 128248,
            "common_shares": 298070,
            "book_valuer_per_share": 17.52,
            "book_valuer_per_share_4q_avg": 17.78,
            "equity": 522226,
            "current_ratio": 490.94,
            "debt_ratio": 12.16,
            "inventory_turnover_ratio": 1.76,
            "account_receivable_turnover_ratio": 2.41,
            "reinvestment_rate": 79.12,
            "research_to_sale_ratio": 0.09,
            "price_fair": 4.94,
            "eps_avg_yearly": 1.65,
            "eps_latest_yearly": 0.36,
            "eps_growth_yearly": -8.71
        },
        "20131": {
            "year_quarter": 20131,
            "year": 2013,
            "quarter": 1,
            "eps": 0.14,
            "eps_growth_year": -46.15,
            "eps_4q": 0.57,
            "eps_4q_growth_year": -26.92,
            "roe": 0.79,
            "roe_4q": 3.2399999999999998,
            "gross_profit": 10239,
            "gross_margin": 8.4,
            "gross_margin_4q_avg": 7.55,
            "net_income": 4147,
            "revenue": 121918,
            "common_shares": 298070,
            "book_valuer_per_share": 17.57,
            "book_valuer_per_share_4q_avg": 17.53,
            "equity": 523583,
            "current_ratio": 949.54,
            "debt_ratio": 9.19,
            "inventory_turnover_ratio": 1.37,
            "account_receivable_turnover_ratio": 2.16,
            "reinvestment_rate": 66.46,
            "research_to_sale_ratio": 0.1,
            "price_fair": 29.79,
            "eps_avg_yearly": 1.56,
            "eps_latest_yearly": 0.56,
            "eps_growth_yearly": 9.06
        },
        "20132": {
            "year_quarter": 20132,
            "year": 2013,
            "quarter": 2,
            "eps": -0.04,
            "eps_growth_year": -118.73,
            "eps_4q": 0.32,
            "eps_4q_growth_year": -56.37,
            "roe": -0.23,
            "roe_4q": 1.82,
            "gross_profit": 2507,
            "gross_margin": 1.98,
            "gross_margin_4q_avg": 6.01,
            "net_income": -1162,
            "revenue": 126890,
            "common_shares": 298070,
            "book_valuer_per_share": 16.52,
            "book_valuer_per_share_4q_avg": 17.3,
            "equity": 490610,
            "current_ratio": 334.34,
            "debt_ratio": 16.94,
            "inventory_turnover_ratio": 1.74,
            "account_receivable_turnover_ratio": 2.03,
            "reinvestment_rate": 83.83,
            "research_to_sale_ratio": -0.1,
            "price_fair": 29.79,
            "eps_avg_yearly": 1.56,
            "eps_latest_yearly": 0.56,
            "eps_growth_yearly": 9.06
        },
        "20133": {
            "year_quarter": 20133,
            "year": 2013,
            "quarter": 3,
            "eps": -0.03,
            "eps_growth_year": -122.95,
            "eps_4q": 0.16,
            "eps_4q_growth_year": -82.2,
            "roe": -0.18,
            "roe_4q": 0.89,
            "gross_profit": -1122,
            "gross_margin": -1.06,
            "gross_margin_4q_avg": 3.99,
            "net_income": -888,
            "revenue": 105760,
            "common_shares": 298070,
            "book_valuer_per_share": 16.47,
            "book_valuer_per_share_4q_avg": 17.02,
            "equity": 485244,
            "current_ratio": 962.59,
            "debt_ratio": 8.38,
            "inventory_turnover_ratio": 1.83,
            "account_receivable_turnover_ratio": 1.96,
            "reinvestment_rate": 89.05,
            "research_to_sale_ratio": 0,
            "price_fair": 25.13,
            "eps_avg_yearly": 1.56,
            "eps_latest_yearly": 0.56,
            "eps_growth_yearly": 6.11
        },
        "20134": {
            "year_quarter": 20134,
            "year": 2013,
            "quarter": 4,
            "eps": -0,
            "eps_growth_year": -104.92,
            "eps_4q": 0.07,
            "eps_4q_growth_year": -90.38,
            "roe": -0.03,
            "roe_4q": 0.35000000000000003,
            "gross_profit": -115,
            "gross_margin": -0.11,
            "gross_margin_4q_avg": 2.3,
            "net_income": -130,
            "revenue": 109148,
            "common_shares": 294550,
            "book_valuer_per_share": 16.33,
            "book_valuer_per_share_4q_avg": 16.72,
            "equity": 480949,
            "current_ratio": 878.24,
            "debt_ratio": 9.79,
            "inventory_turnover_ratio": 2.28,
            "account_receivable_turnover_ratio": 2.37,
            "reinvestment_rate": 96.75,
            "research_to_sale_ratio": 0,
            "price_fair": 34.91,
            "eps_avg_yearly": 1.58,
            "eps_latest_yearly": 0.56,
            "eps_growth_yearly": 12.12
        },
        "20141": {
            "year_quarter": 20141,
            "year": 2014,
            "quarter": 1,
            "eps": -0.08,
            "eps_growth_year": -157.14,
            "eps_4q": -0.16,
            "eps_4q_growth_year": -127.11,
            "roe": -0.5,
            "roe_4q": -0.94,
            "gross_profit": -379,
            "gross_margin": -0.39,
            "gross_margin_4q_avg": 0.11,
            "net_income": -2397,
            "revenue": 97788,
            "common_shares": 294550,
            "book_valuer_per_share": 16.25,
            "book_valuer_per_share_4q_avg": 16.39,
            "equity": 478552,
            "current_ratio": 1014.22,
            "debt_ratio": 9.28,
            "inventory_turnover_ratio": 2.82,
            "account_receivable_turnover_ratio": 2.11,
            "reinvestment_rate": 69.21,
            "research_to_sale_ratio": 0,
            "price_fair": 4.6,
            "eps_avg_yearly": 1.53,
            "eps_latest_yearly": 0.56,
            "eps_growth_yearly": -6.67
        },
        "20142": {
            "year_quarter": 20142,
            "year": 2014,
            "quarter": 2,
            "eps": 0.5,
            "eps_growth_year": null,
            "eps_4q": 0.38,
            "eps_4q_growth_year": 18.29,
            "roe": 3.1,
            "roe_4q": 2.39,
            "gross_profit": 3865,
            "gross_margin": 3.38,
            "gross_margin_4q_avg": 0.46,
            "net_income": 14627,
            "revenue": 114212,
            "common_shares": 294550,
            "book_valuer_per_share": 15.74,
            "book_valuer_per_share_4q_avg": 16.2,
            "equity": 463724,
            "current_ratio": 379.44,
            "debt_ratio": 14.86,
            "inventory_turnover_ratio": 4,
            "account_receivable_turnover_ratio": 2.5,
            "reinvestment_rate": 9.82,
            "research_to_sale_ratio": 0,
            "price_fair": 4.24,
            "eps_avg_yearly": 1.41,
            "eps_latest_yearly": 0.56,
            "eps_growth_yearly": -19.61
        },
        "20143": {
            "year_quarter": 20143,
            "year": 2014,
            "quarter": 3,
            "eps": 0.24,
            "eps_growth_year": null,
            "eps_4q": 0.66,
            "eps_4q_growth_year": 304.4,
            "roe": 1.54,
            "roe_4q": 4.11,
            "gross_profit": 9693,
            "gross_margin": 8.86,
            "gross_margin_4q_avg": 2.94,
            "net_income": 7198,
            "revenue": 109360,
            "common_shares": 294550,
            "book_valuer_per_share": 15.99,
            "book_valuer_per_share_4q_avg": 16.08,
            "equity": 470922,
            "current_ratio": 654.81,
            "debt_ratio": 10.26,
            "inventory_turnover_ratio": 3.51,
            "account_receivable_turnover_ratio": 2.9,
            "reinvestment_rate": -56.09,
            "research_to_sale_ratio": null,
            "price_fair": 3.83,
            "eps_avg_yearly": 1.28,
            "eps_latest_yearly": 0.96,
            "eps_growth_yearly": -35.88
        },
        "20144": {
            "year_quarter": 20144,
            "year": 2014,
            "quarter": 4,
            "eps": 0.37,
            "eps_growth_year": null,
            "eps_4q": 1.03,
            "eps_4q_growth_year": 1442.95,
            "roe": 2.3,
            "roe_4q": 6.4399999999999995,
            "gross_profit": 12442,
            "gross_margin": 12.09,
            "gross_margin_4q_avg": 5.99,
            "net_income": 10922,
            "revenue": 102913,
            "common_shares": 294550,
            "book_valuer_per_share": 16.25,
            "book_valuer_per_share_4q_avg": 16.06,
            "equity": 478767,
            "current_ratio": 745.32,
            "debt_ratio": 9.58,
            "inventory_turnover_ratio": 3.44,
            "account_receivable_turnover_ratio": 2.89,
            "reinvestment_rate": -53.39,
            "research_to_sale_ratio": null,
            "price_fair": 3.64,
            "eps_avg_yearly": 1.21,
            "eps_latest_yearly": 1.48,
            "eps_growth_yearly": -8.58
        },
        "20151": {
            "year_quarter": 20151,
            "year": 2015,
            "quarter": 1,
            "eps": 0.21,
            "eps_growth_year": null,
            "eps_4q": 1.32,
            "eps_4q_growth_year": null,
            "roe": 1.29,
            "roe_4q": 8.23,
            "gross_profit": 11456,
            "gross_margin": 13.98,
            "gross_margin_4q_avg": 9.58,
            "net_income": 6219,
            "revenue": 81938,
            "common_shares": 294550,
            "book_valuer_per_share": 16.47,
            "book_valuer_per_share_4q_avg": 16.11,
            "equity": 484986,
            "current_ratio": 906.46,
            "debt_ratio": 8.27,
            "inventory_turnover_ratio": 3.1,
            "account_receivable_turnover_ratio": 2.05,
            "reinvestment_rate": -94.44,
            "research_to_sale_ratio": null,
            "price_fair": 2.55,
            "eps_avg_yearly": 0.85,
            "eps_latest_yearly": 0.84,
            "eps_growth_yearly": -73.11
        },
        "20152": {
            "year_quarter": 20152,
            "year": 2015,
            "quarter": 2,
            "eps": 2.56,
            "eps_growth_year": 412,
            "eps_4q": 3.39,
            "eps_4q_growth_year": 790.4,
            "roe": 14.86,
            "roe_4q": 19.99,
            "gross_profit": 13086,
            "gross_margin": 13.85,
            "gross_margin_4q_avg": 12.2,
            "net_income": 75493,
            "revenue": 94500,
            "common_shares": 294550,
            "book_valuer_per_share": 18.03,
            "book_valuer_per_share_4q_avg": 16.69,
            "equity": 531024,
            "current_ratio": 84.13,
            "debt_ratio": 25.95,
            "inventory_turnover_ratio": 3.45,
            "account_receivable_turnover_ratio": 2.42,
            "reinvestment_rate": 93.77,
            "research_to_sale_ratio": null,
            "price_fair": 65.49,
            "eps_avg_yearly": 1.87,
            "eps_latest_yearly": 10.24,
            "eps_growth_yearly": 457.47
        },
        "20153": {
            "year_quarter": 20153,
            "year": 2015,
            "quarter": 3,
            "eps": 0.15,
            "eps_growth_year": -37.5,
            "eps_4q": 3.3,
            "eps_4q_growth_year": 403.55,
            "roe": 0.85,
            "roe_4q": 19.3,
            "gross_profit": 15757,
            "gross_margin": 8.56,
            "gross_margin_4q_avg": 12.12,
            "net_income": 4541,
            "revenue": 184142,
            "common_shares": 294550,
            "book_valuer_per_share": 18.18,
            "book_valuer_per_share_4q_avg": 17.23,
            "equity": 535565,
            "current_ratio": 91.83,
            "debt_ratio": 36.36,
            "inventory_turnover_ratio": 2.62,
            "account_receivable_turnover_ratio": 2.85,
            "reinvestment_rate": 79.29,
            "research_to_sale_ratio": null,
            "price_fair": 61.04,
            "eps_avg_yearly": 1.74,
            "eps_latest_yearly": 0.6,
            "eps_growth_yearly": 374.06
        },
        "20154": {
            "year_quarter": 20154,
            "year": 2015,
            "quarter": 4,
            "eps": 0.4,
            "eps_growth_year": 7.6,
            "eps_4q": 3.33,
            "eps_4q_growth_year": 222.92,
            "roe": 2.18,
            "roe_4q": 19.18,
            "gross_profit": 19378,
            "gross_margin": 7.98,
            "gross_margin_4q_avg": 11.09,
            "net_income": 11752,
            "revenue": 242714,
            "common_shares": 294550,
            "book_valuer_per_share": 18.45,
            "book_valuer_per_share_4q_avg": 17.78,
            "equity": 543517,
            "current_ratio": 391.43,
            "debt_ratio": 43.41,
            "inventory_turnover_ratio": 1.75,
            "account_receivable_turnover_ratio": 2.56,
            "reinvestment_rate": 65.1,
            "research_to_sale_ratio": null,
            "price_fair": 60.58,
            "eps_avg_yearly": 1.73,
            "eps_latest_yearly": 1.6,
            "eps_growth_yearly": 400.66
        },
        "20161": {
            "year_quarter": 20161,
            "year": 2016,
            "quarter": 1,
            "eps": 0.24,
            "eps_growth_year": 14.29,
            "eps_4q": 3.35,
            "eps_4q_growth_year": 153.61,
            "roe": 1.29,
            "roe_4q": 19.18,
            "gross_profit": 18354,
            "gross_margin": 8.56,
            "gross_margin_4q_avg": 9.74,
            "net_income": 7034,
            "revenue": 214366,
            "common_shares": 294550,
            "book_valuer_per_share": 18.69,
            "book_valuer_per_share_4q_avg": 18.34,
            "equity": 550551,
            "current_ratio": 319.97,
            "debt_ratio": 43.54,
            "inventory_turnover_ratio": 1.23,
            "account_receivable_turnover_ratio": 2.01,
            "reinvestment_rate": 53.65,
            "research_to_sale_ratio": null,
            "price_fair": 60.33,
            "eps_avg_yearly": 1.72,
            "eps_latest_yearly": 0.96,
            "eps_growth_yearly": 391.98
        },
        "20162": {
            "year_quarter": 20162,
            "year": 2016,
            "quarter": 2,
            "eps": 0.08,
            "eps_growth_year": -96.88,
            "eps_4q": 0.64,
            "eps_4q_growth_year": -81.17,
            "roe": 0.36,
            "roe_4q": 4.68,
            "gross_profit": 18815,
            "gross_margin": 7.78,
            "gross_margin_4q_avg": 8.22,
            "net_income": 2495,
            "revenue": 241950,
            "common_shares": 404550,
            "book_valuer_per_share": 20.9,
            "book_valuer_per_share_4q_avg": 19.06,
            "equity": 845554,
            "current_ratio": 292.67,
            "debt_ratio": 17.93,
            "inventory_turnover_ratio": 1.24,
            "account_receivable_turnover_ratio": 2.13,
            "reinvestment_rate": 49.8,
            "research_to_sale_ratio": null,
            "price_fair": 58.67,
            "eps_avg_yearly": 1.68,
            "eps_latest_yearly": 0.32,
            "eps_growth_yearly": 374.74
        },
        "20163": {
            "year_quarter": 20163,
            "year": 2016,
            "quarter": 3,
            "eps": 0.14,
            "eps_growth_year": -6.67,
            "eps_4q": 0.67,
            "eps_4q_growth_year": -79.83,
            "roe": 0.66,
            "roe_4q": 4.49,
            "gross_profit": 14415,
            "gross_margin": 6.15,
            "gross_margin_4q_avg": 7.62,
            "net_income": 5639,
            "revenue": 234543,
            "common_shares": 404550,
            "book_valuer_per_share": 21.04,
            "book_valuer_per_share_4q_avg": 19.77,
            "equity": 851193,
            "current_ratio": 241.09,
            "debt_ratio": 18.66,
            "inventory_turnover_ratio": 1.15,
            "account_receivable_turnover_ratio": 1.95,
            "reinvestment_rate": 40.19,
            "research_to_sale_ratio": null,
            "price_fair": 58.8,
            "eps_avg_yearly": 1.68,
            "eps_latest_yearly": 0.56,
            "eps_growth_yearly": 415.86
        },
        "20164": {
            "year_quarter": 20164,
            "year": 2016,
            "quarter": 4,
            "eps": 0.2,
            "eps_growth_year": -50.73,
            "eps_4q": 0.57,
            "eps_4q_growth_year": -82.82,
            "roe": 0.93,
            "roe_4q": 3.24,
            "gross_profit": 23972,
            "gross_margin": 8.83,
            "gross_margin_4q_avg": 7.83,
            "net_income": 7952,
            "revenue": 271599,
            "common_shares": 404550,
            "book_valuer_per_share": 21.24,
            "book_valuer_per_share_4q_avg": 20.47,
            "equity": 859142,
            "current_ratio": 303.14,
            "debt_ratio": 18.54,
            "inventory_turnover_ratio": 1.35,
            "account_receivable_turnover_ratio": 1.96,
            "reinvestment_rate": 68.51,
            "research_to_sale_ratio": null,
            "price_fair": 60.2,
            "eps_avg_yearly": 1.72,
            "eps_latest_yearly": 0.8,
            "eps_growth_yearly": 442.63
        },
        "20171": {
            "year_quarter": 20171,
            "year": 2017,
            "quarter": 1,
            "eps": 0.43,
            "eps_growth_year": 79.17,
            "eps_4q": 0.83,
            "eps_4q_growth_year": -75.31,
            "roe": 2.01,
            "roe_4q": 3.96,
            "gross_profit": 32075,
            "gross_margin": 12.12,
            "gross_margin_4q_avg": 8.72,
            "net_income": 17420,
            "revenue": 264589,
            "common_shares": 404550,
            "book_valuer_per_share": 21.67,
            "book_valuer_per_share_4q_avg": 21.21,
            "equity": 876562,
            "current_ratio": 392.96,
            "debt_ratio": 15.37,
            "inventory_turnover_ratio": 1.26,
            "account_receivable_turnover_ratio": 1.84,
            "reinvestment_rate": 70.46,
            "research_to_sale_ratio": null,
            "price_fair": 63.89,
            "eps_avg_yearly": 1.83,
            "eps_latest_yearly": 1.72,
            "eps_growth_yearly": 464.25
        },
        "20172": {
            "year_quarter": 20172,
            "year": 2017,
            "quarter": 2,
            "eps": 0.42,
            "eps_growth_year": 425,
            "eps_4q": 1.19,
            "eps_4q_growth_year": 86.48,
            "roe": 1.99,
            "roe_4q": 5.59,
            "gross_profit": 28106,
            "gross_margin": 9.83,
            "gross_margin_4q_avg": 9.23,
            "net_income": 17141,
            "revenue": 285840,
            "common_shares": 404550,
            "book_valuer_per_share": 20.89,
            "book_valuer_per_share_4q_avg": 21.21,
            "equity": 845157,
            "current_ratio": 267.35,
            "debt_ratio": 18.72,
            "inventory_turnover_ratio": 1.32,
            "account_receivable_turnover_ratio": 2.21,
            "reinvestment_rate": 52.31,
            "research_to_sale_ratio": null,
            "price_fair": 63.47,
            "eps_avg_yearly": 1.81,
            "eps_latest_yearly": 1.68,
            "eps_growth_yearly": 424.79
        },
        "20173": {
            "year_quarter": 20173,
            "year": 2017,
            "quarter": 3,
            "eps": 0.3,
            "eps_growth_year": 114.29,
            "eps_4q": 1.35,
            "eps_4q_growth_year": 103.19,
            "roe": 1.43,
            "roe_4q": 6.359999999999999,
            "gross_profit": 23245,
            "gross_margin": 8.12,
            "gross_margin_4q_avg": 9.73,
            "net_income": 12187,
            "revenue": 286210,
            "common_shares": 404550,
            "book_valuer_per_share": 21.19,
            "book_valuer_per_share_4q_avg": 21.25,
            "equity": 857344,
            "current_ratio": 361.18,
            "debt_ratio": 16.5,
            "inventory_turnover_ratio": 1.37,
            "account_receivable_turnover_ratio": 2.29,
            "reinvestment_rate": 50.01,
            "research_to_sale_ratio": null,
            "price_fair": 61.82,
            "eps_avg_yearly": 1.77,
            "eps_latest_yearly": 1.2,
            "eps_growth_yearly": 383.32
        },
        "20174": {
            "year_quarter": 20174,
            "year": 2017,
            "quarter": 4,
            "eps": 0.32,
            "eps_growth_year": 60.9,
            "eps_4q": 1.47,
            "eps_4q_growth_year": 157.54,
            "roe": 1.48,
            "roe_4q": 6.91,
            "gross_profit": 25605,
            "gross_margin": 9.5,
            "gross_margin_4q_avg": 9.89,
            "net_income": 12795,
            "revenue": 269641,
            "common_shares": 404550,
            "book_valuer_per_share": 21.51,
            "book_valuer_per_share_4q_avg": 21.32,
            "equity": 870139,
            "current_ratio": 143.33,
            "debt_ratio": 29.28,
            "inventory_turnover_ratio": 1.32,
            "account_receivable_turnover_ratio": 2,
            "reinvestment_rate": 31.32,
            "research_to_sale_ratio": null,
            "price_fair": 60.6,
            "eps_avg_yearly": 1.73,
            "eps_latest_yearly": 1.28,
            "eps_growth_yearly": 357.84
        },
        "20181": {
            "year_quarter": 20181,
            "year": 2018,
            "quarter": 1,
            "eps": 0.35,
            "eps_growth_year": -18.6,
            "eps_4q": 1.39,
            "eps_4q_growth_year": 67.61,
            "roe": 1.6,
            "roe_4q": 6.5,
            "gross_profit": 30331,
            "gross_margin": 11.05,
            "gross_margin_4q_avg": 9.63,
            "net_income": 14038,
            "revenue": 274592,
            "common_shares": 404550,
            "book_valuer_per_share": 21.86,
            "book_valuer_per_share_4q_avg": 21.36,
            "equity": 884215,
            "current_ratio": 159.02,
            "debt_ratio": 45.77,
            "inventory_turnover_ratio": 1.43,
            "account_receivable_turnover_ratio": 2.2,
            "reinvestment_rate": -11.91,
            "research_to_sale_ratio": null,
            "price_fair": 59.83,
            "eps_avg_yearly": 1.71,
            "eps_latest_yearly": 1.4,
            "eps_growth_yearly": 336.49
        },
        "20182": {
            "year_quarter": 20182,
            "year": 2018,
            "quarter": 2,
            "eps": 0.35,
            "eps_growth_year": -16.67,
            "eps_4q": 1.32,
            "eps_4q_growth_year": 10.53,
            "roe": 1.64,
            "roe_4q": 6.15,
            "gross_profit": 26190,
            "gross_margin": 9.99,
            "gross_margin_4q_avg": 9.67,
            "net_income": 14203,
            "revenue": 262193,
            "common_shares": 404550,
            "book_valuer_per_share": 21,
            "book_valuer_per_share_4q_avg": 21.39,
            "equity": 849745,
            "current_ratio": 151.86,
            "debt_ratio": 45.93,
            "inventory_turnover_ratio": 1.44,
            "account_receivable_turnover_ratio": 2.38,
            "reinvestment_rate": 18.12,
            "research_to_sale_ratio": null,
            "price_fair": 59.15,
            "eps_avg_yearly": 1.69,
            "eps_latest_yearly": 1.4,
            "eps_growth_yearly": 315.46
        },
        "20183": {
            "year_quarter": 20183,
            "year": 2018,
            "quarter": 3,
            "eps": 0.42,
            "eps_growth_year": 40,
            "eps_4q": 1.43,
            "eps_4q_growth_year": 5.84,
            "roe": 1.96,
            "roe_4q": 6.68,
            "gross_profit": 32269,
            "gross_margin": 11.01,
            "gross_margin_4q_avg": 10.39,
            "net_income": 16859,
            "revenue": 293157,
            "common_shares": 404550,
            "book_valuer_per_share": 21.42,
            "book_valuer_per_share_4q_avg": 21.45,
            "equity": 866515,
            "current_ratio": 160.8,
            "debt_ratio": 45.35,
            "inventory_turnover_ratio": 1.67,
            "account_receivable_turnover_ratio": 2.59,
            "reinvestment_rate": 17.39,
            "research_to_sale_ratio": null,
            "price_fair": 60.73,
            "eps_avg_yearly": 1.74,
            "eps_latest_yearly": 1.68,
            "eps_growth_yearly": 333.46
        },
        "20184": {
            "year_quarter": 20184,
            "year": 2018,
            "quarter": 4,
            "eps": 0.77,
            "eps_growth_year": 142.09,
            "eps_4q": 1.88,
            "eps_4q_growth_year": 27.76,
            "roe": 3.51,
            "roe_4q": 8.709999999999999,
            "gross_profit": 29095,
            "gross_margin": 10.85,
            "gross_margin_4q_avg": 10.73,
            "net_income": 30975,
            "revenue": 268107,
            "common_shares": 404550,
            "book_valuer_per_share": 22.18,
            "book_valuer_per_share_4q_avg": 21.62,
            "equity": 897490,
            "current_ratio": 256.51,
            "debt_ratio": 41.76,
            "inventory_turnover_ratio": 1.65,
            "account_receivable_turnover_ratio": 2.32,
            "reinvestment_rate": 12.34,
            "research_to_sale_ratio": null,
            "price_fair": 64.23,
            "eps_avg_yearly": 1.84,
            "eps_latest_yearly": 3.08,
            "eps_growth_yearly": 340.75
        },
        "20191": {
            "year_quarter": 20191,
            "year": 2019,
            "quarter": 1,
            "eps": 13.32,
            "eps_growth_year": 3705.71,
            "eps_4q": 14.86,
            "eps_4q_growth_year": 970.22,
            "roe": 46.19,
            "roe_4q": 53.3,
            "gross_profit": 24302,
            "gross_margin": 10.15,
            "gross_margin_4q_avg": 10.5,
            "net_income": 539008,
            "revenue": 239476,
            "common_shares": 404550,
            "book_valuer_per_share": 35.51,
            "book_valuer_per_share_4q_avg": 25.03,
            "equity": 1436548,
            "current_ratio": 537.08,
            "debt_ratio": 35.86,
            "inventory_turnover_ratio": 1.46,
            "account_receivable_turnover_ratio": 2.03,
            "reinvestment_rate": 14.33,
            "research_to_sale_ratio": null,
            "price_fair": 178.94,
            "eps_avg_yearly": 5.11,
            "eps_latest_yearly": 53.28,
            "eps_growth_yearly": 759.03
        },
        "20192": {
            "year_quarter": 20192,
            "year": 2019,
            "quarter": 2,
            "eps": 0.28,
            "eps_growth_year": -20,
            "eps_4q": 14.79,
            "eps_4q_growth_year": 1023.93,
            "roe": 0.8,
            "roe_4q": 52.459999999999994,
            "gross_profit": 22304,
            "gross_margin": 10.61,
            "gross_margin_4q_avg": 10.66,
            "net_income": 11348,
            "revenue": 210140,
            "common_shares": 404550,
            "book_valuer_per_share": 34.19,
            "book_valuer_per_share_4q_avg": 28.33,
            "equity": 1383072,
            "current_ratio": 432.4,
            "debt_ratio": 37.13,
            "inventory_turnover_ratio": 1.25,
            "account_receivable_turnover_ratio": 1.95,
            "reinvestment_rate": -15.71,
            "research_to_sale_ratio": null,
            "price_fair": 158.99,
            "eps_avg_yearly": 4.54,
            "eps_latest_yearly": 1.12,
            "eps_growth_yearly": 454.79
        },
        "20193": {
            "year_quarter": 20193,
            "year": 2019,
            "quarter": 3,
            "eps": 0.16,
            "eps_growth_year": -61.9,
            "eps_4q": 14.53,
            "eps_4q_growth_year": 914.97,
            "roe": 0.46,
            "roe_4q": 50.959999999999994,
            "gross_profit": 18524,
            "gross_margin": 9.18,
            "gross_margin_4q_avg": 10.2,
            "net_income": 6283,
            "revenue": 201757,
            "common_shares": 404550,
            "book_valuer_per_share": 33.34,
            "book_valuer_per_share_4q_avg": 31.31,
            "equity": 1348900,
            "current_ratio": 580.52,
            "debt_ratio": 35.7,
            "inventory_turnover_ratio": 1.2,
            "account_receivable_turnover_ratio": 2.18,
            "reinvestment_rate": -14.66,
            "research_to_sale_ratio": null,
            "price_fair": 159.08,
            "eps_avg_yearly": 4.55,
            "eps_latest_yearly": 0.64,
            "eps_growth_yearly": 467.61
        },
        "20194": {
            "year_quarter": 20194,
            "year": 2019,
            "quarter": 4,
            "eps": -0.12,
            "eps_growth_year": -115.75,
            "eps_4q": 13.64,
            "eps_4q_growth_year": 625.29,
            "roe": -0.36,
            "roe_4q": 47.089999999999996,
            "gross_profit": 12109,
            "gross_margin": 6.25,
            "gross_margin_4q_avg": 9.05,
            "net_income": -4878,
            "revenue": 193661,
            "common_shares": 404550,
            "book_valuer_per_share": 33.14,
            "book_valuer_per_share_4q_avg": 34.05,
            "equity": 1340492,
            "current_ratio": 415.61,
            "debt_ratio": 45.49,
            "inventory_turnover_ratio": 1.21,
            "account_receivable_turnover_ratio": 1.98,
            "reinvestment_rate": -14.77,
            "research_to_sale_ratio": null,
            "price_fair": 165.95,
            "eps_avg_yearly": 4.74,
            "eps_latest_yearly": 0.64,
            "eps_growth_yearly": 454.34
        },
        "20201": {
            "year_quarter": 20201,
            "year": 2020,
            "quarter": 1,
            "eps": -0.4,
            "eps_growth_year": -103,
            "eps_4q": -0.08,
            "eps_4q_growth_year": -100.56,
            "roe": -1.21,
            "roe_4q": -0.30999999999999983,
            "gross_profit": 13883,
            "gross_margin": 8.07,
            "gross_margin_4q_avg": 8.53,
            "net_income": -16121,
            "revenue": 171945,
            "common_shares": 404550,
            "book_valuer_per_share": 32.74,
            "book_valuer_per_share_4q_avg": 33.35,
            "equity": 1324371,
            "current_ratio": 411.89,
            "debt_ratio": 46.6,
            "inventory_turnover_ratio": 1.08,
            "account_receivable_turnover_ratio": 1.74,
            "reinvestment_rate": -15.26,
            "research_to_sale_ratio": null,
            "price_fair": 175.4,
            "eps_avg_yearly": 5.01,
            "eps_latest_yearly": 0.64,
            "eps_growth_yearly": 498.22
        },
        "20202": {
            "year_quarter": 20202,
            "year": 2020,
            "quarter": 2,
            "eps": -0.52,
            "eps_growth_year": -285.71,
            "eps_4q": -0.88,
            "eps_4q_growth_year": -105.94,
            "roe": -1.61,
            "roe_4q": -2.72,
            "gross_profit": 469,
            "gross_margin": 0.49,
            "gross_margin_4q_avg": 6,
            "net_income": -20841,
            "revenue": 95456,
            "common_shares": 404550,
            "book_valuer_per_share": 31.22,
            "book_valuer_per_share_4q_avg": 32.61,
            "equity": 1263075,
            "current_ratio": 424.82,
            "debt_ratio": 47.5,
            "inventory_turnover_ratio": 0.66,
            "account_receivable_turnover_ratio": 1.34,
            "reinvestment_rate": -9,
            "research_to_sale_ratio": null,
            "price_fair": 188.03,
            "eps_avg_yearly": 5.37,
            "eps_latest_yearly": 0.64,
            "eps_growth_yearly": 557.06
        },
        "20203": {
            "year_quarter": 20203,
            "year": 2020,
            "quarter": 3,
            "eps": 0.05,
            "eps_growth_year": -68.75,
            "eps_4q": -0.99,
            "eps_4q_growth_year": -106.8,
            "roe": 0.15,
            "roe_4q": -3.03,
            "gross_profit": 9185,
            "gross_margin": 7.15,
            "gross_margin_4q_avg": 5.49,
            "net_income": 1868,
            "revenue": 128489,
            "common_shares": 404550,
            "book_valuer_per_share": 30.4,
            "book_valuer_per_share_4q_avg": 31.88,
            "equity": 1229827,
            "current_ratio": 217.04,
            "debt_ratio": 51.33,
            "inventory_turnover_ratio": 0.86,
            "account_receivable_turnover_ratio": 2.05,
            "reinvestment_rate": -6.76,
            "research_to_sale_ratio": null,
            "price_fair": 202.07,
            "eps_avg_yearly": 5.77,
            "eps_latest_yearly": 0.64,
            "eps_growth_yearly": 578.48
        },
        "20204": {
            "year_quarter": 20204,
            "year": 2020,
            "quarter": 4,
            "eps": 0.41,
            "eps_growth_year": null,
            "eps_4q": -0.46,
            "eps_4q_growth_year": -103.38,
            "roe": 1.33,
            "roe_4q": -1.34,
            "gross_profit": 18300,
            "gross_margin": 9.34,
            "gross_margin_4q_avg": 6.26,
            "net_income": 16430,
            "revenue": 195848,
            "common_shares": 404550,
            "book_valuer_per_share": 30.67,
            "book_valuer_per_share_4q_avg": 31.26,
            "equity": 1240927,
            "current_ratio": 209.56,
            "debt_ratio": 52.59,
            "inventory_turnover_ratio": 1.42,
            "account_receivable_turnover_ratio": 1.9,
            "reinvestment_rate": -14.34,
            "research_to_sale_ratio": null,
            "price_fair": 204.52,
            "eps_avg_yearly": 5.84,
            "eps_latest_yearly": 1.64,
            "eps_growth_yearly": 804.2
        },
        "20211": {
            "year_quarter": 20211,
            "year": 2021,
            "quarter": 1,
            "eps": 0.71,
            "eps_growth_year": null,
            "eps_4q": 0.64,
            "eps_4q_growth_year": null,
            "roe": 2.27,
            "roe_4q": 2.1399999999999997,
            "gross_profit": 35002,
            "gross_margin": 14.81,
            "gross_margin_4q_avg": 7.95,
            "net_income": 28568,
            "revenue": 236340,
            "common_shares": 404550,
            "book_valuer_per_share": 31.42,
            "book_valuer_per_share_4q_avg": 30.93,
            "equity": 1271184,
            "current_ratio": 240.13,
            "debt_ratio": 50.87,
            "inventory_turnover_ratio": 1.89,
            "account_receivable_turnover_ratio": 1.75,
            "reinvestment_rate": -14.13,
            "research_to_sale_ratio": null,
            "price_fair": 207.78,
            "eps_avg_yearly": 5.94,
            "eps_latest_yearly": 2.84,
            "eps_growth_yearly": 790.25
        },
        "20212": {
            "year_quarter": 20212,
            "year": 2021,
            "quarter": 2,
            "eps": 0.66,
            "eps_growth_year": null,
            "eps_4q": 1.82,
            "eps_4q_growth_year": null,
            "roe": 2.14,
            "roe_4q": 5.890000000000001,
            "gross_profit": 36326,
            "gross_margin": 15.29,
            "gross_margin_4q_avg": 11.65,
            "net_income": 26605,
            "revenue": 237525,
            "common_shares": 404550,
            "book_valuer_per_share": 30.15,
            "book_valuer_per_share_4q_avg": 30.66,
            "equity": 1219646,
            "current_ratio": 301.52,
            "debt_ratio": 50.06,
            "inventory_turnover_ratio": 2.06,
            "account_receivable_turnover_ratio": 1.89,
            "reinvestment_rate": -14.01,
            "research_to_sale_ratio": null,
            "price_fair": 210.58,
            "eps_avg_yearly": 6.02,
            "eps_latest_yearly": 2.64,
            "eps_growth_yearly": 788.68
        },
        "20213": {
            "year_quarter": 20213,
            "year": 2021,
            "quarter": 3,
            "eps": 0.4,
            "eps_growth_year": 700,
            "eps_4q": 2.17,
            "eps_4q_growth_year": null,
            "roe": 1.31,
            "roe_4q": 7.050000000000001,
            "gross_profit": 27858,
            "gross_margin": 13.63,
            "gross_margin_4q_avg": 13.27,
            "net_income": 16141,
            "revenue": 204314,
            "common_shares": 404550,
            "book_valuer_per_share": 30.55,
            "book_valuer_per_share_4q_avg": 30.7,
            "equity": 1235786,
            "current_ratio": 279.59,
            "debt_ratio": 49.88,
            "inventory_turnover_ratio": 1.58,
            "account_receivable_turnover_ratio": 1.97,
            "reinvestment_rate": -14.23,
            "research_to_sale_ratio": null,
            "price_fair": 211.75,
            "eps_avg_yearly": 6.05,
            "eps_latest_yearly": 1.6,
            "eps_growth_yearly": 785.07
        },
        "20214": {
            "year_quarter": 20214,
            "year": 2021,
            "quarter": 4,
            "eps": 0.28,
            "eps_growth_year": -31.27,
            "eps_4q": 2.04,
            "eps_4q_growth_year": null,
            "roe": 0.91,
            "roe_4q": 6.630000000000001,
            "gross_profit": 29683,
            "gross_margin": 12.44,
            "gross_margin_4q_avg": 14.04,
            "net_income": 11292,
            "revenue": 238659,
            "common_shares": 404550,
            "book_valuer_per_share": 30.83,
            "book_valuer_per_share_4q_avg": 30.74,
            "equity": 1247078,
            "current_ratio": 213.58,
            "debt_ratio": 54.02,
            "inventory_turnover_ratio": 1.72,
            "account_receivable_turnover_ratio": 2.15,
            "reinvestment_rate": -9.62,
            "research_to_sale_ratio": null,
            "price_fair": 211.28,
            "eps_avg_yearly": 6.04,
            "eps_latest_yearly": 1.12,
            "eps_growth_yearly": 772.85
        },
        "20221": {
            "year_quarter": 20221,
            "year": 2022,
            "quarter": 1,
            "eps": 0.47,
            "eps_growth_year": -33.8,
            "eps_4q": 1.81,
            "eps_4q_growth_year": 181.31,
            "roe": 1.58,
            "roe_4q": 5.94,
            "gross_profit": 29389,
            "gross_margin": 11.98,
            "gross_margin_4q_avg": 13.34,
            "net_income": 19174,
            "revenue": 245346,
            "common_shares": 404550,
            "book_valuer_per_share": 29.3,
            "book_valuer_per_share_4q_avg": 30.21,
            "equity": 1185342,
            "current_ratio": 156.69,
            "debt_ratio": 56.66,
            "inventory_turnover_ratio": 1.94,
            "account_receivable_turnover_ratio": 2.08,
            "reinvestment_rate": 10.55,
            "research_to_sale_ratio": null,
            "price_fair": 212.68,
            "eps_avg_yearly": 6.08,
            "eps_latest_yearly": 1.88,
            "eps_growth_yearly": 792.35
        },
        "20222": {
            "year_quarter": 20222,
            "year": 2022,
            "quarter": 2,
            "eps": -0.46,
            "eps_growth_year": -169.7,
            "eps_4q": 0.69,
            "eps_4q_growth_year": -62.1,
            "roe": -1.6,
            "roe_4q": 2.2,
            "gross_profit": 18102,
            "gross_margin": 7.91,
            "gross_margin_4q_avg": 11.49,
            "net_income": -18764,
            "revenue": 228839,
            "common_shares": 404550,
            "book_valuer_per_share": 28.82,
            "book_valuer_per_share_4q_avg": 29.88,
            "equity": 1166013,
            "current_ratio": 133.44,
            "debt_ratio": 57.3,
            "inventory_turnover_ratio": 1.93,
            "account_receivable_turnover_ratio": 2.23,
            "reinvestment_rate": 16.27,
            "research_to_sale_ratio": null,
            "price_fair": 227.56,
            "eps_avg_yearly": 6.5,
            "eps_latest_yearly": 1.88,
            "eps_growth_yearly": 864.38
        },
        "20223": {
            "year_quarter": 20223,
            "year": 2022,
            "quarter": 3,
            "eps": -0.1,
            "eps_growth_year": -125,
            "eps_4q": 0.19,
            "eps_4q_growth_year": -91.24,
            "roe": -0.34,
            "roe_4q": 0.5499999999999999,
            "gross_profit": 15293,
            "gross_margin": 6.49,
            "gross_margin_4q_avg": 9.71,
            "net_income": -4012,
            "revenue": 235818,
            "common_shares": 404550,
            "book_valuer_per_share": 28.72,
            "book_valuer_per_share_4q_avg": 29.42,
            "equity": 1162001,
            "current_ratio": 114.59,
            "debt_ratio": 57.49,
            "inventory_turnover_ratio": 1.98,
            "account_receivable_turnover_ratio": 2.06,
            "reinvestment_rate": 16.78,
            "research_to_sale_ratio": null,
            "price_fair": 244.44,
            "eps_avg_yearly": 6.98,
            "eps_latest_yearly": 1.88,
            "eps_growth_yearly": 942.82
        },
        "20224": {
            "year_quarter": 20224,
            "year": 2022,
            "quarter": 4,
            "eps": -0.02,
            "eps_growth_year": -106.66,
            "eps_4q": -0.11,
            "eps_4q_growth_year": -105.27,
            "roe": -0.06,
            "roe_4q": -0.41999999999999993,
            "gross_profit": 8460,
            "gross_margin": 3.87,
            "gross_margin_4q_avg": 7.56,
            "net_income": -752,
            "revenue": 218542,
            "common_shares": 404550,
            "book_valuer_per_share": 28.7,
            "book_valuer_per_share_4q_avg": 28.89,
            "equity": 1160866,
            "current_ratio": 105.02,
            "debt_ratio": 56.84,
            "inventory_turnover_ratio": 1.87,
            "account_receivable_turnover_ratio": 1.99,
            "reinvestment_rate": 17.44,
            "research_to_sale_ratio": null,
            "price_fair": 259.62,
            "eps_avg_yearly": 7.42,
            "eps_latest_yearly": 1.88,
            "eps_growth_yearly": 1010.54
        },
        "20231": {
            "year_quarter": 20231,
            "year": 2023,
            "quarter": 1,
            "eps": -0.24,
            "eps_growth_year": -151.06,
            "eps_4q": -0.83,
            "eps_4q_growth_year": -145.66,
            "roe": -0.89,
            "roe_4q": -2.89,
            "gross_profit": 1754,
            "gross_margin": 1.04,
            "gross_margin_4q_avg": 4.83,
            "net_income": -9897,
            "revenue": 168763,
            "common_shares": 404550,
            "book_valuer_per_share": 26.46,
            "book_valuer_per_share_4q_avg": 28.18,
            "equity": 1070481,
            "current_ratio": 79.29,
            "debt_ratio": 60.04,
            "inventory_turnover_ratio": 1.48,
            "account_receivable_turnover_ratio": 1.97,
            "reinvestment_rate": 192.94,
            "research_to_sale_ratio": null,
            "price_fair": 58.98,
            "eps_avg_yearly": 1.69,
            "eps_latest_yearly": 1.88,
            "eps_growth_yearly": 321.92
        }
    },
    "months": {
        "2002-04": {
            "month": "2002-04",
            "price": "14.92",
            "revenue": 66122
        },
        "2002-05": {
            "month": "2002-05",
            "price": "15.71",
            "revenue": 70119
        },
        "2002-06": {
            "month": "2002-06",
            "price": "19.11",
            "revenue": 70324
        },
        "2002-07": {
            "month": "2002-07",
            "price": "21.46",
            "revenue": 70474
        },
        "2002-08": {
            "month": "2002-08",
            "price": "20.80",
            "revenue": 61657
        },
        "2002-09": {
            "month": "2002-09",
            "price": "19.15",
            "revenue": 58216
        },
        "2002-10": {
            "month": "2002-10",
            "price": "18.25",
            "revenue": 61119
        },
        "2002-11": {
            "month": "2002-11",
            "price": "20.36",
            "revenue": 60107
        },
        "2002-12": {
            "month": "2002-12",
            "price": "22.27",
            "revenue": 67429
        },
        "2003-02": {
            "month": "2003-02",
            "price": "20.48",
            "revenue": 58463
        },
        "2003-03": {
            "month": "2003-03",
            "price": "19.50",
            "revenue": 69115
        },
        "2003-04": {
            "month": "2003-04",
            "price": "19.39",
            "revenue": 66067
        },
        "2003-05": {
            "month": "2003-05",
            "price": "18.59",
            "revenue": 67797
        },
        "2003-06": {
            "month": "2003-06",
            "price": "17.17",
            "revenue": 60952
        },
        "2003-07": {
            "month": "2003-07",
            "price": "16.22",
            "revenue": 63069
        },
        "2003-08": {
            "month": "2003-08",
            "price": "16.22",
            "revenue": 58791
        },
        "2003-09": {
            "month": "2003-09",
            "price": "16.05",
            "revenue": 55221
        },
        "2003-10": {
            "month": "2003-10",
            "price": "15.68",
            "revenue": 67507
        },
        "2003-11": {
            "month": "2003-11",
            "price": "16.04",
            "revenue": 65862
        },
        "2003-12": {
            "month": "2003-12",
            "price": "16.32",
            "revenue": 63996
        },
        "2004-01": {
            "month": "2004-01",
            "price": "16.68",
            "revenue": 58174
        },
        "2004-02": {
            "month": "2004-02",
            "price": "18.58",
            "revenue": 64587
        },
        "2004-03": {
            "month": "2004-03",
            "price": "18.54",
            "revenue": 64521
        },
        "2004-04": {
            "month": "2004-04",
            "price": "18.04",
            "revenue": 68529
        },
        "2004-05": {
            "month": "2004-05",
            "price": "17.02",
            "revenue": 70952
        },
        "2004-06": {
            "month": "2004-06",
            "price": "15.58",
            "revenue": 71257
        },
        "2004-07": {
            "month": "2004-07",
            "price": "15.48",
            "revenue": 64566
        },
        "2004-08": {
            "month": "2004-08",
            "price": "15.32",
            "revenue": 68355
        },
        "2004-09": {
            "month": "2004-09",
            "price": "15.88",
            "revenue": 68356
        },
        "2004-10": {
            "month": "2004-10",
            "price": "16.18",
            "revenue": 74983
        },
        "2004-11": {
            "month": "2004-11",
            "price": "16.06",
            "revenue": 74167
        },
        "2004-12": {
            "month": "2004-12",
            "price": "15.98",
            "revenue": 72778
        },
        "2005-01": {
            "month": "2005-01",
            "price": "16.38",
            "revenue": 68361
        },
        "2005-02": {
            "month": "2005-02",
            "price": "16.90",
            "revenue": 50335
        },
        "2005-03": {
            "month": "2005-03",
            "price": "17.20",
            "revenue": 72151
        },
        "2005-04": {
            "month": "2005-04",
            "price": "17.06",
            "revenue": 67987
        },
        "2005-05": {
            "month": "2005-05",
            "price": "17.02",
            "revenue": 74605
        },
        "2005-06": {
            "month": "2005-06",
            "price": "15.47",
            "revenue": 66324
        },
        "2005-07": {
            "month": "2005-07",
            "price": "15.46",
            "revenue": 63554
        },
        "2005-08": {
            "month": "2005-08",
            "price": "15.52",
            "revenue": 61302
        },
        "2005-09": {
            "month": "2005-09",
            "price": "15.41",
            "revenue": 59915
        },
        "2005-10": {
            "month": "2005-10",
            "price": "15.46",
            "revenue": 64355
        },
        "2005-11": {
            "month": "2005-11",
            "price": "15.50",
            "revenue": 64457
        },
        "2005-12": {
            "month": "2005-12",
            "price": "15.57",
            "revenue": 59625
        },
        "2006-01": {
            "month": "2006-01",
            "price": "15.73",
            "revenue": 55783
        },
        "2006-02": {
            "month": "2006-02",
            "price": "15.92",
            "revenue": 56406
        },
        "2006-03": {
            "month": "2006-03",
            "price": "16.34",
            "revenue": 70396
        },
        "2006-04": {
            "month": "2006-04",
            "price": "16.95",
            "revenue": 68934
        },
        "2006-05": {
            "month": "2006-05",
            "price": "15.79",
            "revenue": 72486
        },
        "2006-06": {
            "month": "2006-06",
            "price": "15.72",
            "revenue": 71086
        },
        "2006-07": {
            "month": "2006-07",
            "price": "15.93",
            "revenue": 74651
        },
        "2006-08": {
            "month": "2006-08",
            "price": "16.23",
            "revenue": 70272
        },
        "2006-09": {
            "month": "2006-09",
            "price": "16.83",
            "revenue": 68102
        },
        "2006-10": {
            "month": "2006-10",
            "price": "17.32",
            "revenue": 66522
        },
        "2006-11": {
            "month": "2006-11",
            "price": "17.50",
            "revenue": 67296
        },
        "2006-12": {
            "month": "2006-12",
            "price": "17.98",
            "revenue": 65538
        },
        "2007-01": {
            "month": "2007-01",
            "price": "18.54",
            "revenue": 66693
        },
        "2007-02": {
            "month": "2007-02",
            "price": "18.72",
            "revenue": 56211
        },
        "2007-03": {
            "month": "2007-03",
            "price": "19.32",
            "revenue": 70164
        },
        "2007-04": {
            "month": "2007-04",
            "price": "19.94",
            "revenue": 69962
        },
        "2007-05": {
            "month": "2007-05",
            "price": "20.70",
            "revenue": 72076
        },
        "2007-06": {
            "month": "2007-06",
            "price": "19.10",
            "revenue": 71956
        },
        "2007-07": {
            "month": "2007-07",
            "price": "20.15",
            "revenue": 76640
        },
        "2007-08": {
            "month": "2007-08",
            "price": "19.85",
            "revenue": 73881
        },
        "2007-09": {
            "month": "2007-09",
            "price": "19.76",
            "revenue": 70573
        },
        "2007-10": {
            "month": "2007-10",
            "price": "20.13",
            "revenue": 68942
        },
        "2007-11": {
            "month": "2007-11",
            "price": "20.04",
            "revenue": 67428
        },
        "2007-12": {
            "month": "2007-12",
            "price": "19.53",
            "revenue": 69231
        },
        "2008-01": {
            "month": "2008-01",
            "price": "19.60",
            "revenue": 71354
        },
        "2008-02": {
            "month": "2008-02",
            "price": "19.74",
            "revenue": 67811
        },
        "2008-03": {
            "month": "2008-03",
            "price": "20.36",
            "revenue": 71583
        },
        "2008-04": {
            "month": "2008-04",
            "price": "21.29",
            "revenue": 64804
        },
        "2008-05": {
            "month": "2008-05",
            "price": "22.19",
            "revenue": 70538
        },
        "2008-06": {
            "month": "2008-06",
            "price": "19.31",
            "revenue": 73195
        },
        "2008-07": {
            "month": "2008-07",
            "price": "18.66",
            "revenue": 71844
        },
        "2008-08": {
            "month": "2008-08",
            "price": "18.71",
            "revenue": 66954
        },
        "2008-09": {
            "month": "2008-09",
            "price": "17.64",
            "revenue": 55831
        },
        "2008-10": {
            "month": "2008-10",
            "price": "15.93",
            "revenue": 56991
        },
        "2008-11": {
            "month": "2008-11",
            "price": "14.63",
            "revenue": 47077
        },
        "2008-12": {
            "month": "2008-12",
            "price": "14.26",
            "revenue": 37143
        },
        "2009-01": {
            "month": "2009-01",
            "price": "14.06",
            "revenue": 29418
        },
        "2009-02": {
            "month": "2009-02",
            "price": "14.04",
            "revenue": 38031
        },
        "2009-03": {
            "month": "2009-03",
            "price": "14.46",
            "revenue": 44438
        },
        "2009-04": {
            "month": "2009-04",
            "price": "14.96",
            "revenue": 47651
        },
        "2009-05": {
            "month": "2009-05",
            "price": "15.27",
            "revenue": 55395
        },
        "2009-06": {
            "month": "2009-06",
            "price": "15.71",
            "revenue": 59661
        },
        "2009-07": {
            "month": "2009-07",
            "price": "14.75",
            "revenue": 53849
        },
        "2009-08": {
            "month": "2009-08",
            "price": "15.17",
            "revenue": 45690
        },
        "2009-09": {
            "month": "2009-09",
            "price": "15.41",
            "revenue": 49267
        },
        "2009-10": {
            "month": "2009-10",
            "price": "15.85",
            "revenue": 52345
        },
        "2009-11": {
            "month": "2009-11",
            "price": "16.06",
            "revenue": 57331
        },
        "2009-12": {
            "month": "2009-12",
            "price": "16.67",
            "revenue": 56447
        },
        "2010-01": {
            "month": "2010-01",
            "price": "16.89",
            "revenue": 60460
        },
        "2010-02": {
            "month": "2010-02",
            "price": "16.60",
            "revenue": 46613
        },
        "2010-03": {
            "month": "2010-03",
            "price": "17.72",
            "revenue": 61294
        },
        "2010-04": {
            "month": "2010-04",
            "price": "18.71",
            "revenue": 61196
        },
        "2010-05": {
            "month": "2010-05",
            "price": "19.06",
            "revenue": 66577
        },
        "2010-06": {
            "month": "2010-06",
            "price": "19.01",
            "revenue": 70626
        },
        "2010-07": {
            "month": "2010-07",
            "price": "18.47",
            "revenue": 67991
        },
        "2010-08": {
            "month": "2010-08",
            "price": "22.29",
            "revenue": 63827
        },
        "2010-09": {
            "month": "2010-09",
            "price": "23.42",
            "revenue": 64136
        },
        "2010-10": {
            "month": "2010-10",
            "price": "24.12",
            "revenue": 64234
        },
        "2010-11": {
            "month": "2010-11",
            "price": "22.80",
            "revenue": 66975
        },
        "2010-12": {
            "month": "2010-12",
            "price": "22.84",
            "revenue": 65969
        },
        "2011-01": {
            "month": "2011-01",
            "price": "22.94",
            "revenue": 70702
        },
        "2011-02": {
            "month": "2011-02",
            "price": "22.99",
            "revenue": 61976
        },
        "2011-03": {
            "month": "2011-03",
            "price": "23.59",
            "revenue": 78030
        },
        "2011-04": {
            "month": "2011-04",
            "price": "25.67",
            "revenue": 71997
        },
        "2011-05": {
            "month": "2011-05",
            "price": "28.07",
            "revenue": 65270
        },
        "2011-06": {
            "month": "2011-06",
            "price": "27.03",
            "revenue": 51677
        },
        "2011-07": {
            "month": "2011-07",
            "price": "24.32",
            "revenue": 45829
        },
        "2011-08": {
            "month": "2011-08",
            "price": "21.36",
            "revenue": 44780
        },
        "2011-09": {
            "month": "2011-09",
            "price": "20.21",
            "revenue": 41696
        },
        "2011-10": {
            "month": "2011-10",
            "price": "20.02",
            "revenue": 45339
        },
        "2011-11": {
            "month": "2011-11",
            "price": "19.31",
            "revenue": 53670
        },
        "2011-12": {
            "month": "2011-12",
            "price": "18.16",
            "revenue": 45182
        },
        "2012-01": {
            "month": "2012-01",
            "price": "18.30",
            "revenue": 47526
        },
        "2012-02": {
            "month": "2012-02",
            "price": "19.32",
            "revenue": 54550
        },
        "2012-03": {
            "month": "2012-03",
            "price": "20.34",
            "revenue": 57160
        },
        "2012-04": {
            "month": "2012-04",
            "price": "20.10",
            "revenue": 57290
        },
        "2012-05": {
            "month": "2012-05",
            "price": "19.98",
            "revenue": 58884
        },
        "2012-06": {
            "month": "2012-06",
            "price": "19.72",
            "revenue": 59606
        },
        "2012-07": {
            "month": "2012-07",
            "price": "18.89",
            "revenue": 53333
        },
        "2012-08": {
            "month": "2012-08",
            "price": "18.83",
            "revenue": 49525
        },
        "2012-09": {
            "month": "2012-09",
            "price": "19.03",
            "revenue": 45132
        },
        "2012-10": {
            "month": "2012-10",
            "price": "18.72",
            "revenue": 46946
        },
        "2012-11": {
            "month": "2012-11",
            "price": "18.37",
            "revenue": 42605
        },
        "2012-12": {
            "month": "2012-12",
            "price": "18.28",
            "revenue": 38696
        },
        "2013-01": {
            "month": "2013-01",
            "price": "18.28",
            "revenue": 39750
        },
        "2013-02": {
            "month": "2013-02",
            "price": "18.37",
            "revenue": 37684
        },
        "2013-03": {
            "month": "2013-03",
            "price": "18.60",
            "revenue": 44485
        },
        "2013-04": {
            "month": "2013-04",
            "price": "18.33",
            "revenue": 39429
        },
        "2013-05": {
            "month": "2013-05",
            "price": "18.52",
            "revenue": 44166
        },
        "2013-06": {
            "month": "2013-06",
            "price": "18.85",
            "revenue": 43294
        },
        "2013-07": {
            "month": "2013-07",
            "price": "18.40",
            "revenue": 42702
        },
        "2013-08": {
            "month": "2013-08",
            "price": "20.85",
            "revenue": 30895
        },
        "2013-09": {
            "month": "2013-09",
            "price": "29.02",
            "revenue": 32163
        },
        "2013-10": {
            "month": "2013-10",
            "price": "26.04",
            "revenue": 33901
        },
        "2013-11": {
            "month": "2013-11",
            "price": "24.29",
            "revenue": 39242
        },
        "2013-12": {
            "month": "2013-12",
            "price": "24.69",
            "revenue": 36005
        },
        "2014-01": {
            "month": "2014-01",
            "price": "26.09",
            "revenue": 31265
        },
        "2014-02": {
            "month": "2014-02",
            "price": "25.82",
            "revenue": 27045
        },
        "2014-03": {
            "month": "2014-03",
            "price": "26.54",
            "revenue": 39477
        },
        "2014-04": {
            "month": "2014-04",
            "price": "27.66",
            "revenue": 33627
        },
        "2014-05": {
            "month": "2014-05",
            "price": "27.80",
            "revenue": 40765
        },
        "2014-06": {
            "month": "2014-06",
            "price": "27.04",
            "revenue": 39819
        },
        "2014-07": {
            "month": "2014-07",
            "price": "25.75",
            "revenue": 41634
        },
        "2014-08": {
            "month": "2014-08",
            "price": "25.17",
            "revenue": 36605
        },
        "2014-09": {
            "month": "2014-09",
            "price": "27.17",
            "revenue": 31122
        },
        "2014-10": {
            "month": "2014-10",
            "price": "27.29",
            "revenue": 35440
        },
        "2014-11": {
            "month": "2014-11",
            "price": "27.81",
            "revenue": 33597
        },
        "2014-12": {
            "month": "2014-12",
            "price": "26.83",
            "revenue": 33876
        },
        "2015-01": {
            "month": "2015-01",
            "price": "27.34",
            "revenue": 31906
        },
        "2015-02": {
            "month": "2015-02",
            "price": "27.10",
            "revenue": 23822
        },
        "2015-03": {
            "month": "2015-03",
            "price": "27.08",
            "revenue": 26209
        },
        "2015-04": {
            "month": "2015-04",
            "price": "26.55",
            "revenue": 31640
        },
        "2015-05": {
            "month": "2015-05",
            "price": "27.05",
            "revenue": 31079
        },
        "2015-06": {
            "month": "2015-06",
            "price": "28.19",
            "revenue": 31782
        },
        "2015-07": {
            "month": "2015-07",
            "price": "27.51",
            "revenue": 49248
        },
        "2015-08": {
            "month": "2015-08",
            "price": "32.43",
            "revenue": 62215
        },
        "2015-09": {
            "month": "2015-09",
            "price": "42.27",
            "revenue": 80646
        },
        "2015-10": {
            "month": "2015-10",
            "price": "56.86",
            "revenue": 83756
        },
        "2015-11": {
            "month": "2015-11",
            "price": "51.94",
            "revenue": 77630
        },
        "2015-12": {
            "month": "2015-12",
            "price": "42.49",
            "revenue": 87260
        },
        "2016-01": {
            "month": "2016-01",
            "price": "34.37",
            "revenue": 72247
        },
        "2016-02": {
            "month": "2016-02",
            "price": "33.78",
            "revenue": 50216
        },
        "2016-03": {
            "month": "2016-03",
            "price": "40.55",
            "revenue": 101520
        },
        "2016-04": {
            "month": "2016-04",
            "price": "44.57",
            "revenue": 77465
        },
        "2016-05": {
            "month": "2016-05",
            "price": "35.64",
            "revenue": 91848
        },
        "2016-06": {
            "month": "2016-06",
            "price": "35.31",
            "revenue": 85188
        },
        "2016-07": {
            "month": "2016-07",
            "price": "33.18",
            "revenue": 83603
        },
        "2016-08": {
            "month": "2016-08",
            "price": "31.97",
            "revenue": 88627
        },
        "2016-09": {
            "month": "2016-09",
            "price": "30.57",
            "revenue": 83767
        },
        "2016-10": {
            "month": "2016-10",
            "price": "28.47",
            "revenue": 85211
        },
        "2016-11": {
            "month": "2016-11",
            "price": "25.85",
            "revenue": 99859
        },
        "2016-12": {
            "month": "2016-12",
            "price": "26.93",
            "revenue": 108620
        },
        "2017-01": {
            "month": "2017-01",
            "price": "27.27",
            "revenue": 76728
        },
        "2017-02": {
            "month": "2017-02",
            "price": "26.89",
            "revenue": 83528
        },
        "2017-03": {
            "month": "2017-03",
            "price": "27.07",
            "revenue": 104333
        },
        "2017-04": {
            "month": "2017-04",
            "price": "26.04",
            "revenue": 91028
        },
        "2017-05": {
            "month": "2017-05",
            "price": "25.69",
            "revenue": 101484
        },
        "2017-06": {
            "month": "2017-06",
            "price": "27.99",
            "revenue": 93328
        },
        "2017-07": {
            "month": "2017-07",
            "price": "27.64",
            "revenue": 91088
        },
        "2017-08": {
            "month": "2017-08",
            "price": "26.75",
            "revenue": 97527
        },
        "2017-09": {
            "month": "2017-09",
            "price": "27.50",
            "revenue": 97601
        },
        "2017-10": {
            "month": "2017-10",
            "price": "27.97",
            "revenue": 80328
        },
        "2017-11": {
            "month": "2017-11",
            "price": "26.91",
            "revenue": 86689
        },
        "2017-12": {
            "month": "2017-12",
            "price": "25.57",
            "revenue": 102624
        },
        "2018-01": {
            "month": "2018-01",
            "price": "26.03",
            "revenue": 103627
        },
        "2018-02": {
            "month": "2018-02",
            "price": "24.77",
            "revenue": 76027
        },
        "2018-03": {
            "month": "2018-03",
            "price": "24.30",
            "revenue": 94938
        },
        "2018-04": {
            "month": "2018-04",
            "price": "25.23",
            "revenue": 83266
        },
        "2018-05": {
            "month": "2018-05",
            "price": "24.71",
            "revenue": 99702
        },
        "2018-06": {
            "month": "2018-06",
            "price": "24.51",
            "revenue": 86420
        },
        "2018-07": {
            "month": "2018-07",
            "price": "22.36",
            "revenue": 107596
        },
        "2018-08": {
            "month": "2018-08",
            "price": "22.00",
            "revenue": 110469
        },
        "2018-09": {
            "month": "2018-09",
            "price": "22.50",
            "revenue": 98904
        },
        "2018-10": {
            "month": "2018-10",
            "price": "21.64",
            "revenue": 99699
        },
        "2018-11": {
            "month": "2018-11",
            "price": "27.76",
            "revenue": 84483
        },
        "2018-12": {
            "month": "2018-12",
            "price": "34.45",
            "revenue": 84049
        },
        "2019-01": {
            "month": "2019-01",
            "price": "34.42",
            "revenue": 84799
        },
        "2019-02": {
            "month": "2019-02",
            "price": "34.12",
            "revenue": 69464
        },
        "2019-03": {
            "month": "2019-03",
            "price": "35.56",
            "revenue": 85212
        },
        "2019-04": {
            "month": "2019-04",
            "price": "36.93",
            "revenue": 76716
        },
        "2019-05": {
            "month": "2019-05",
            "price": "37.42",
            "revenue": 75173
        },
        "2019-06": {
            "month": "2019-06",
            "price": "35.15",
            "revenue": 58668
        },
        "2019-07": {
            "month": "2019-07",
            "price": "33.88",
            "revenue": 76023
        },
        "2019-08": {
            "month": "2019-08",
            "price": "34.32",
            "revenue": 73121
        },
        "2019-09": {
            "month": "2019-09",
            "price": "33.52",
            "revenue": 52194
        },
        "2019-10": {
            "month": "2019-10",
            "price": "33.16",
            "revenue": 61123
        },
        "2019-11": {
            "month": "2019-11",
            "price": "32.80",
            "revenue": 56840
        },
        "2019-12": {
            "month": "2019-12",
            "price": "31.47",
            "revenue": 75699
        },
        "2020-01": {
            "month": "2020-01",
            "price": "32.03",
            "revenue": 52872
        },
        "2020-02": {
            "month": "2020-02",
            "price": "30.29",
            "revenue": 65238
        },
        "2020-03": {
            "month": "2020-03",
            "price": "23.45",
            "revenue": 53835
        },
        "2020-04": {
            "month": "2020-04",
            "price": "21.87",
            "revenue": 30603
        },
        "2020-05": {
            "month": "2020-05",
            "price": "24.24",
            "revenue": 27592
        },
        "2020-06": {
            "month": "2020-06",
            "price": "23.97",
            "revenue": 37261
        },
        "2020-07": {
            "month": "2020-07",
            "price": "23.19",
            "revenue": 36354
        },
        "2020-08": {
            "month": "2020-08",
            "price": "23.49",
            "revenue": 41165
        },
        "2020-09": {
            "month": "2020-09",
            "price": "23.43",
            "revenue": 50969
        },
        "2020-10": {
            "month": "2020-10",
            "price": "24.68",
            "revenue": 47770
        },
        "2020-11": {
            "month": "2020-11",
            "price": "24.06",
            "revenue": 58180
        },
        "2020-12": {
            "month": "2020-12",
            "price": "24.69",
            "revenue": 89898
        },
        "2021-01": {
            "month": "2021-01",
            "price": "24.81",
            "revenue": 76837
        },
        "2021-02": {
            "month": "2021-02",
            "price": "24.24",
            "revenue": 64243
        },
        "2021-03": {
            "month": "2021-03",
            "price": "26.49",
            "revenue": 95260
        },
        "2021-04": {
            "month": "2021-04",
            "price": "29.45",
            "revenue": 84825
        },
        "2021-05": {
            "month": "2021-05",
            "price": "27.41",
            "revenue": 76166
        },
        "2021-06": {
            "month": "2021-06",
            "price": "28.11",
            "revenue": 76534
        },
        "2021-07": {
            "month": "2021-07",
            "price": "28.41",
            "revenue": 71059
        },
        "2021-08": {
            "month": "2021-08",
            "price": "28.82",
            "revenue": 69187
        },
        "2021-09": {
            "month": "2021-09",
            "price": "29.56",
            "revenue": 64068
        },
        "2021-10": {
            "month": "2021-10",
            "price": "29.83",
            "revenue": 74807
        },
        "2021-11": {
            "month": "2021-11",
            "price": "30.32",
            "revenue": 89176
        },
        "2021-12": {
            "month": "2021-12",
            "price": "32.15",
            "revenue": 74676
        },
        "2022-01": {
            "month": "2022-01",
            "price": "33.56",
            "revenue": 81985
        },
        "2022-02": {
            "month": "2022-02",
            "price": "32.70",
            "revenue": 69106
        },
        "2022-03": {
            "month": "2022-03",
            "price": "32.98",
            "revenue": 94254
        },
        "2022-04": {
            "month": "2022-04",
            "price": "33.57",
            "revenue": 73851
        },
        "2022-05": {
            "month": "2022-05",
            "price": "31.74",
            "revenue": 79679
        },
        "2022-06": {
            "month": "2022-06",
            "price": "31.30",
            "revenue": 75308
        },
        "2022-07": {
            "month": "2022-07",
            "price": "29.96",
            "revenue": 67462
        },
        "2022-08": {
            "month": "2022-08",
            "price": "30.23",
            "revenue": 80243
        },
        "2022-09": {
            "month": "2022-09",
            "price": "29.73",
            "revenue": 88113
        },
        "2022-10": {
            "month": "2022-10",
            "price": "29.76",
            "revenue": 80768
        },
        "2022-11": {
            "month": "2022-11",
            "price": "30.04",
            "revenue": 72205
        },
        "2022-12": {
            "month": "2022-12",
            "price": "30.09",
            "revenue": 65568
        },
        "2023-01": {
            "month": "2023-01",
            "price": "29.92",
            "revenue": 47477
        },
        "2023-02": {
            "month": "2023-02",
            "price": "29.96",
            "revenue": 54697
        },
        "2023-03": {
            "month": "2023-03",
            "price": "30.27",
            "revenue": 66590
        },
        "2023-04": {
            "month": "2023-04",
            "price": "29.52",
            "revenue": 52303
        }
    }
}
