{
    "summary": {
        "stock_name": "利勤",
        "stock_id": "4426",
        "category": "紡織纖維",
        "main_business": "針織布",
        "website_url": "http://www.li-cheng.com.tw",
        "ceo": "待補",
        "pe_ratio": 100,
        "report_year_from": 2003,
        "report_year_to": 2023,
        "age": 20,
        "eps_negative_percentage": 16,
        "eps_growth_avg": {
            "last_all": 13.72,
            "last_2y": -100,
            "last_4y": -20.24,
            "last_8y": -2.77,
            "last_12y": 12.74,
            "last_16y": 13.72,
            "last_20y": null,
            "at_2006_last_3y": null,
            "at_2007_last_3y": null,
            "at_2008_last_3y": null,
            "at_2009_last_3y": 16.39,
            "at_2010_last_3y": 51.42,
            "at_2011_last_3y": 32.3,
            "at_2012_last_3y": 32.3,
            "at_2013_last_3y": 39.9,
            "at_2014_last_3y": 23.23,
            "at_2015_last_3y": 62.69,
            "at_2016_last_3y": 36.76,
            "at_2017_last_3y": 10.33,
            "at_2018_last_3y": 12.34,
            "at_2019_last_3y": -10.15,
            "at_2020_last_3y": -34.22,
            "at_2021_last_3y": -20.24,
            "at_2022_last_3y": -45.12,
            "at_2023_last_3y": -45.12,
            "at_2006_last_all": null,
            "at_2007_last_all": -16.8,
            "at_2008_last_all": 22.14,
            "at_2009_last_all": 16.39,
            "at_2010_last_all": 30.74,
            "at_2011_last_all": 15.93,
            "at_2012_last_all": 27.94,
            "at_2013_last_all": 28.14,
            "at_2014_last_all": 27.4,
            "at_2015_last_all": 34.64,
            "at_2016_last_all": 31.15,
            "at_2017_last_all": 22.21,
            "at_2018_last_all": 22.77,
            "at_2019_last_all": 21.84,
            "at_2020_last_all": 13.72,
            "at_2021_last_all": 13.72,
            "at_2022_last_all": 13.72,
            "at_2023_last_all": 13.72
        },
        "latest_eps": 0.09,
        "latest_price": 21.8,
        "latest_roe": 0.57,
        "latest_gross_margin": 23.89,
        "latest_equity": 2701525,
        "latest_revenue": 379641,
        "latest_gross_profit": 90686,
        "latest_net_income": 9526,
        "latest_debt_ratio": 43.89,
        "latest_current_ratio": 125.58,
        "latest_account_receivable_turnover_ratio": 1.4,
        "latest_inventory_turnover_ratio": 1.08,
        "latest_reinvestment_rate": null,
        "latest_research_to_sale_ratio": 1.18
    },
    "eps_dividends": {
        "2001": {
            "cash": 0,
            "stock": 0,
            "eps": 0
        },
        "2002": {
            "cash": 0,
            "stock": 0,
            "eps": 0
        },
        "2003": {
            "cash": 0,
            "stock": 0,
            "eps": 0
        },
        "2004": {
            "cash": 0,
            "stock": 3,
            "eps": 0
        },
        "2005": {
            "cash": 1,
            "stock": 0,
            "eps": 1.02
        },
        "2006": {
            "cash": 0,
            "stock": 0,
            "eps": 0.49
        },
        "2007": {
            "cash": 0,
            "stock": 0,
            "eps": 0.58
        },
        "2008": {
            "cash": 0,
            "stock": 0,
            "eps": 1.19
        },
        "2009": {
            "cash": 0,
            "stock": 0,
            "eps": 1.18
        },
        "2010": {
            "cash": 0,
            "stock": 0,
            "eps": 2.22
        },
        "2011": {
            "cash": 0,
            "stock": 1,
            "eps": 0.93
        },
        "2012": {
            "cash": 0,
            "stock": 0,
            "eps": 2.3
        },
        "2013": {
            "cash": 0,
            "stock": 1,
            "eps": 2.98
        },
        "2014": {
            "cash": 0,
            "stock": 1,
            "eps": 3.62
        },
        "2015": {
            "cash": 1,
            "stock": 2,
            "eps": 7.23
        },
        "2016": {
            "cash": 1,
            "stock": 2,
            "eps": 6.96
        },
        "2017": {
            "cash": 1,
            "stock": 2,
            "eps": 1.66
        },
        "2018": {
            "cash": 0,
            "stock": 1,
            "eps": 2.15
        },
        "2019": {
            "cash": 0,
            "stock": 1,
            "eps": 2.36
        },
        "2020": {
            "cash": 0,
            "stock": 1,
            "eps": -0.65
        },
        "2021": {
            "cash": 0,
            "stock": 0,
            "eps": -2.15
        },
        "2022": {
            "cash": 0,
            "stock": 0,
            "eps": -0.45
        },
        "2023": {
            "cash": 0,
            "stock": 0,
            "eps": 0.06
        }
    },
    "dividends": {
        "2004-04-16": {
            "cash": 0,
            "stock": 3
        },
        "2005-04-15": {
            "cash": 1.3,
            "stock": 0.4
        },
        "2006-05-09": {
            "cash": 0.24,
            "stock": 0.45
        },
        "2007-03-29": {
            "cash": 0,
            "stock": 0.3
        },
        "2008-03-25": {
            "cash": 0.2,
            "stock": 0.2
        },
        "2009-03-27": {
            "cash": 0.3,
            "stock": 0.3
        },
        "2010-03-25": {
            "cash": 0.18,
            "stock": 0.42
        },
        "2011-01-01": {
            "cash": 0.18,
            "stock": 0.42
        },
        "2011-05-04": {
            "cash": 0.3,
            "stock": 0.7
        },
        "2013-05-03": {
            "cash": 0.36,
            "stock": 0.84
        },
        "2014-09-12": {
            "cash": 0.44,
            "stock": 1.04
        },
        "2015-09-16": {
            "cash": 0.6,
            "stock": 1.9
        },
        "2016-03-16": {
            "cash": 0.6,
            "stock": 2.4
        },
        "2017-03-20": {
            "cash": 0.6,
            "stock": 2.4
        },
        "2018-03-19": {
            "cash": 0.4,
            "stock": 0.6
        },
        "2019-03-18": {
            "cash": 0.36,
            "stock": 0.84
        },
        "2020-09-16": {
            "cash": 0.48,
            "stock": 0.72
        }
    },
    "prices": {
        "200101": "無",
        "200102": "無",
        "200103": "無",
        "200104": "無",
        "200105": "無",
        "200106": "無",
        "200107": "無",
        "200108": "無",
        "200109": "無",
        "200110": "無",
        "200111": "無",
        "200112": "無",
        "200201": "無",
        "200202": "無",
        "200203": "無",
        "200204": "無",
        "200205": "無",
        "200206": "無",
        "200207": "無",
        "200208": "無",
        "200209": "無",
        "200210": "無",
        "200211": "無",
        "200212": "無",
        "200301": "無",
        "200302": "無",
        "200303": "無",
        "200304": "無",
        "200305": "無",
        "200306": "無",
        "200307": "無",
        "200308": "無",
        "200309": "無",
        "200310": "無",
        "200311": "無",
        "200312": "無",
        "200401": "無",
        "200402": "無",
        "200403": "無",
        "200404": "無",
        "200405": "無",
        "200406": "無",
        "200407": "無",
        "200408": "無",
        "200409": "無",
        "200410": "無",
        "200411": "無",
        "200412": "無",
        "200501": "無",
        "200502": "無",
        "200503": "無",
        "200504": "無",
        "200505": "無",
        "200506": "無",
        "200507": "無",
        "200508": "無",
        "200509": "22.50",
        "200510": "無",
        "200511": "無",
        "200512": "無",
        "200601": "無",
        "200602": "無",
        "200603": "無",
        "200604": "無",
        "200605": "無",
        "200606": "無",
        "200607": "18.67",
        "200608": "無",
        "200609": "無",
        "200610": "16.07",
        "200611": "13.04",
        "200612": "13.20",
        "200701": "12.51",
        "200702": "12.18",
        "200703": "11.27",
        "200704": "11.74",
        "200705": "13.02",
        "200706": "12.27",
        "200707": "12.70",
        "200708": "12.21",
        "200709": "11.51",
        "200710": "11.34",
        "200711": "10.57",
        "200712": "9.89",
        "200801": "9.22",
        "200802": "8.47",
        "200803": "9.32",
        "200804": "10.00",
        "200805": "9.98",
        "200806": "9.70",
        "200807": "9.01",
        "200808": "8.46",
        "200809": "7.41",
        "200810": "6.01",
        "200811": "6.78",
        "200812": "8.16",
        "200901": "7.65",
        "200902": "7.23",
        "200903": "7.45",
        "200904": "8.63",
        "200905": "9.52",
        "200906": "9.46",
        "200907": "9.89",
        "200908": "10.98",
        "200909": "10.36",
        "200910": "10.83",
        "200911": "12.09",
        "200912": "12.46",
        "201001": "13.26",
        "201002": "12.72",
        "201003": "13.26",
        "201004": "17.17",
        "201005": "20.07",
        "201006": "19.94",
        "201007": "23.51",
        "201008": "27.67",
        "201009": "28.00",
        "201010": "28.17",
        "201011": "23.83",
        "201012": "22.56",
        "201101": "22.63",
        "201102": "19.52",
        "201103": "17.88",
        "201104": "18.50",
        "201105": "17.13",
        "201106": "15.34",
        "201107": "14.04",
        "201108": "13.22",
        "201109": "12.26",
        "201110": "11.58",
        "201111": "11.15",
        "201112": "10.19",
        "201201": "10.31",
        "201202": "12.42",
        "201203": "14.29",
        "201204": "14.91",
        "201205": "17.68",
        "201206": "21.91",
        "201207": "19.56",
        "201208": "21.42",
        "201209": "26.72",
        "201210": "27.06",
        "201211": "26.00",
        "201212": "25.66",
        "201301": "26.33",
        "201302": "27.88",
        "201303": "32.21",
        "201304": "33.44",
        "201305": "38.16",
        "201306": "35.86",
        "201307": "31.26",
        "201308": "29.25",
        "201309": "30.96",
        "201310": "36.09",
        "201311": "35.49",
        "201312": "33.78",
        "201401": "32.42",
        "201402": "32.08",
        "201403": "33.57",
        "201404": "38.22",
        "201405": "34.90",
        "201406": "34.03",
        "201407": "33.59",
        "201408": "32.48",
        "201409": "31.12",
        "201410": "33.04",
        "201411": "35.16",
        "201412": "33.49",
        "201501": "38.39",
        "201502": "48.18",
        "201503": "67.32",
        "201504": "114.93",
        "201505": "131.25",
        "201506": "157.79",
        "201507": "142.82",
        "201508": "123.40",
        "201509": "155.55",
        "201510": "181.83",
        "201511": "188.71",
        "201512": "160.00",
        "201601": "162.88",
        "201602": "190.92",
        "201603": "193.61",
        "201604": "162.68",
        "201605": "134.86",
        "201606": "138.24",
        "201607": "152.75",
        "201608": "158.52",
        "201609": "142.39",
        "201610": "126.88",
        "201611": "114.57",
        "201612": "111.71",
        "201701": "95.81",
        "201702": "88.56",
        "201703": "86.80",
        "201704": "79.51",
        "201705": "75.53",
        "201706": "82.91",
        "201707": "87.56",
        "201708": "81.92",
        "201709": "65.20",
        "201710": "57.59",
        "201711": "51.55",
        "201712": "48.67",
        "201801": "46.59",
        "201802": "46.80",
        "201803": "52.87",
        "201804": "45.34",
        "201805": "40.92",
        "201806": "39.06",
        "201807": "34.54",
        "201808": "38.12",
        "201809": "47.47",
        "201810": "41.74",
        "201811": "43.67",
        "201812": "41.75",
        "201901": "41.04",
        "201902": "45.49",
        "201903": "53.78",
        "201904": "71.58",
        "201905": "65.19",
        "201906": "67.66",
        "201907": "64.24",
        "201908": "58.72",
        "201909": "57.18",
        "201910": "52.51",
        "201911": "49.22",
        "201912": "47.34",
        "202001": "46.09",
        "202002": "39.87",
        "202003": "31.03",
        "202004": "30.16",
        "202005": "32.03",
        "202006": "34.12",
        "202007": "32.68",
        "202008": "31.50",
        "202009": "29.56",
        "202010": "27.52",
        "202011": "28.12",
        "202012": "28.71",
        "202101": "26.51",
        "202102": "26.17",
        "202103": "26.42",
        "202104": "26.78",
        "202105": "25.55",
        "202106": "24.33",
        "202107": "23.18",
        "202108": "20.48",
        "202109": "18.52",
        "202110": "18.82",
        "202111": "20.73",
        "202112": "22.01",
        "202201": "22.60",
        "202202": "23.03",
        "202203": "22.29",
        "202204": "24.00",
        "202205": "23.14",
        "202206": "25.80",
        "202207": "28.71",
        "202208": "30.29",
        "202209": "28.08",
        "202210": "23.06",
        "202211": "23.69",
        "202212": "25.98",
        "202301": "27.05",
        "202302": "26.98",
        "202303": "26.43",
        "202304": "25.13",
        "202305": "22.83"
    },
    "quarters": {
        "20011": {
            "year_quarter": 20011,
            "year": 2001,
            "quarter": 1,
            "eps": null,
            "eps_growth_year": null,
            "eps_4q": null,
            "eps_4q_growth_year": null,
            "roe": null,
            "roe_4q": 0,
            "gross_profit": null,
            "gross_margin": null,
            "gross_margin_4q_avg": 0,
            "net_income": null,
            "revenue": null,
            "common_shares": null,
            "book_valuer_per_share": null,
            "book_valuer_per_share_4q_avg": 0,
            "equity": null,
            "current_ratio": null,
            "debt_ratio": null,
            "inventory_turnover_ratio": null,
            "account_receivable_turnover_ratio": null,
            "reinvestment_rate": null,
            "research_to_sale_ratio": null,
            "price_fair": 0,
            "eps_avg_yearly": 0,
            "eps_latest_yearly": 0,
            "eps_growth_yearly": 0
        },
        "20012": {
            "year_quarter": 20012,
            "year": 2001,
            "quarter": 2,
            "eps": null,
            "eps_growth_year": null,
            "eps_4q": null,
            "eps_4q_growth_year": null,
            "roe": null,
            "roe_4q": 0,
            "gross_profit": null,
            "gross_margin": null,
            "gross_margin_4q_avg": 0,
            "net_income": null,
            "revenue": null,
            "common_shares": null,
            "book_valuer_per_share": null,
            "book_valuer_per_share_4q_avg": 0,
            "equity": null,
            "current_ratio": null,
            "debt_ratio": null,
            "inventory_turnover_ratio": null,
            "account_receivable_turnover_ratio": null,
            "reinvestment_rate": null,
            "research_to_sale_ratio": null,
            "price_fair": 0,
            "eps_avg_yearly": 0,
            "eps_latest_yearly": 0,
            "eps_growth_yearly": 0
        },
        "20013": {
            "year_quarter": 20013,
            "year": 2001,
            "quarter": 3,
            "eps": null,
            "eps_growth_year": null,
            "eps_4q": null,
            "eps_4q_growth_year": null,
            "roe": null,
            "roe_4q": 0,
            "gross_profit": null,
            "gross_margin": null,
            "gross_margin_4q_avg": 0,
            "net_income": null,
            "revenue": null,
            "common_shares": null,
            "book_valuer_per_share": null,
            "book_valuer_per_share_4q_avg": 0,
            "equity": null,
            "current_ratio": null,
            "debt_ratio": null,
            "inventory_turnover_ratio": null,
            "account_receivable_turnover_ratio": null,
            "reinvestment_rate": null,
            "research_to_sale_ratio": null,
            "price_fair": 0,
            "eps_avg_yearly": 0,
            "eps_latest_yearly": 0,
            "eps_growth_yearly": 0
        },
        "20014": {
            "year_quarter": 20014,
            "year": 2001,
            "quarter": 4,
            "eps": null,
            "eps_growth_year": null,
            "eps_4q": null,
            "eps_4q_growth_year": null,
            "roe": null,
            "roe_4q": 0,
            "gross_profit": null,
            "gross_margin": null,
            "gross_margin_4q_avg": 0,
            "net_income": null,
            "revenue": null,
            "common_shares": 188183,
            "book_valuer_per_share": 14.58,
            "book_valuer_per_share_4q_avg": 3.65,
            "equity": 274389,
            "current_ratio": 234.74,
            "debt_ratio": 52.23,
            "inventory_turnover_ratio": null,
            "account_receivable_turnover_ratio": null,
            "reinvestment_rate": null,
            "research_to_sale_ratio": null,
            "price_fair": 0,
            "eps_avg_yearly": 0,
            "eps_latest_yearly": 0,
            "eps_growth_yearly": 0
        },
        "20021": {
            "year_quarter": 20021,
            "year": 2002,
            "quarter": 1,
            "eps": null,
            "eps_growth_year": null,
            "eps_4q": null,
            "eps_4q_growth_year": null,
            "roe": null,
            "roe_4q": 0,
            "gross_profit": null,
            "gross_margin": null,
            "gross_margin_4q_avg": 0,
            "net_income": null,
            "revenue": null,
            "common_shares": null,
            "book_valuer_per_share": null,
            "book_valuer_per_share_4q_avg": 3.65,
            "equity": null,
            "current_ratio": null,
            "debt_ratio": null,
            "inventory_turnover_ratio": null,
            "account_receivable_turnover_ratio": null,
            "reinvestment_rate": null,
            "research_to_sale_ratio": null,
            "price_fair": 0,
            "eps_avg_yearly": 0,
            "eps_latest_yearly": 0,
            "eps_growth_yearly": 0
        },
        "20022": {
            "year_quarter": 20022,
            "year": 2002,
            "quarter": 2,
            "eps": null,
            "eps_growth_year": null,
            "eps_4q": null,
            "eps_4q_growth_year": null,
            "roe": null,
            "roe_4q": 0,
            "gross_profit": null,
            "gross_margin": null,
            "gross_margin_4q_avg": 0,
            "net_income": null,
            "revenue": null,
            "common_shares": null,
            "book_valuer_per_share": null,
            "book_valuer_per_share_4q_avg": 3.65,
            "equity": null,
            "current_ratio": null,
            "debt_ratio": null,
            "inventory_turnover_ratio": null,
            "account_receivable_turnover_ratio": null,
            "reinvestment_rate": null,
            "research_to_sale_ratio": null,
            "price_fair": 0,
            "eps_avg_yearly": 0,
            "eps_latest_yearly": 0,
            "eps_growth_yearly": 0
        },
        "20023": {
            "year_quarter": 20023,
            "year": 2002,
            "quarter": 3,
            "eps": null,
            "eps_growth_year": null,
            "eps_4q": null,
            "eps_4q_growth_year": null,
            "roe": null,
            "roe_4q": 0,
            "gross_profit": null,
            "gross_margin": null,
            "gross_margin_4q_avg": 0,
            "net_income": null,
            "revenue": null,
            "common_shares": null,
            "book_valuer_per_share": null,
            "book_valuer_per_share_4q_avg": 3.65,
            "equity": null,
            "current_ratio": null,
            "debt_ratio": null,
            "inventory_turnover_ratio": null,
            "account_receivable_turnover_ratio": null,
            "reinvestment_rate": null,
            "research_to_sale_ratio": null,
            "price_fair": 0,
            "eps_avg_yearly": 0,
            "eps_latest_yearly": 0,
            "eps_growth_yearly": 0
        },
        "20024": {
            "year_quarter": 20024,
            "year": 2002,
            "quarter": 4,
            "eps": null,
            "eps_growth_year": null,
            "eps_4q": null,
            "eps_4q_growth_year": null,
            "roe": null,
            "roe_4q": 0,
            "gross_profit": null,
            "gross_margin": null,
            "gross_margin_4q_avg": 0,
            "net_income": null,
            "revenue": null,
            "common_shares": 244529,
            "book_valuer_per_share": 14.73,
            "book_valuer_per_share_4q_avg": 3.68,
            "equity": 360174,
            "current_ratio": 249.47,
            "debt_ratio": 40.42,
            "inventory_turnover_ratio": null,
            "account_receivable_turnover_ratio": null,
            "reinvestment_rate": null,
            "research_to_sale_ratio": null,
            "price_fair": 0,
            "eps_avg_yearly": 0,
            "eps_latest_yearly": 0,
            "eps_growth_yearly": 0
        },
        "20031": {
            "year_quarter": 20031,
            "year": 2003,
            "quarter": 1,
            "eps": null,
            "eps_growth_year": null,
            "eps_4q": null,
            "eps_4q_growth_year": null,
            "roe": null,
            "roe_4q": 0,
            "gross_profit": null,
            "gross_margin": null,
            "gross_margin_4q_avg": 0,
            "net_income": null,
            "revenue": null,
            "common_shares": null,
            "book_valuer_per_share": null,
            "book_valuer_per_share_4q_avg": 3.68,
            "equity": null,
            "current_ratio": null,
            "debt_ratio": null,
            "inventory_turnover_ratio": null,
            "account_receivable_turnover_ratio": null,
            "reinvestment_rate": null,
            "research_to_sale_ratio": null,
            "price_fair": 0,
            "eps_avg_yearly": 0,
            "eps_latest_yearly": 0,
            "eps_growth_yearly": 0
        },
        "20032": {
            "year_quarter": 20032,
            "year": 2003,
            "quarter": 2,
            "eps": null,
            "eps_growth_year": null,
            "eps_4q": null,
            "eps_4q_growth_year": null,
            "roe": null,
            "roe_4q": 0,
            "gross_profit": null,
            "gross_margin": null,
            "gross_margin_4q_avg": 0,
            "net_income": null,
            "revenue": null,
            "common_shares": null,
            "book_valuer_per_share": null,
            "book_valuer_per_share_4q_avg": 3.68,
            "equity": null,
            "current_ratio": null,
            "debt_ratio": null,
            "inventory_turnover_ratio": null,
            "account_receivable_turnover_ratio": null,
            "reinvestment_rate": null,
            "research_to_sale_ratio": null,
            "price_fair": 0,
            "eps_avg_yearly": 0,
            "eps_latest_yearly": 0,
            "eps_growth_yearly": 0
        },
        "20033": {
            "year_quarter": 20033,
            "year": 2003,
            "quarter": 3,
            "eps": null,
            "eps_growth_year": null,
            "eps_4q": null,
            "eps_4q_growth_year": null,
            "roe": null,
            "roe_4q": 0,
            "gross_profit": null,
            "gross_margin": null,
            "gross_margin_4q_avg": 0,
            "net_income": null,
            "revenue": null,
            "common_shares": null,
            "book_valuer_per_share": null,
            "book_valuer_per_share_4q_avg": 3.68,
            "equity": null,
            "current_ratio": null,
            "debt_ratio": null,
            "inventory_turnover_ratio": null,
            "account_receivable_turnover_ratio": null,
            "reinvestment_rate": null,
            "research_to_sale_ratio": null,
            "price_fair": 0,
            "eps_avg_yearly": 0,
            "eps_latest_yearly": 0,
            "eps_growth_yearly": 0
        },
        "20034": {
            "year_quarter": 20034,
            "year": 2003,
            "quarter": 4,
            "eps": null,
            "eps_growth_year": null,
            "eps_4q": null,
            "eps_4q_growth_year": null,
            "roe": null,
            "roe_4q": 0,
            "gross_profit": null,
            "gross_margin": null,
            "gross_margin_4q_avg": 0,
            "net_income": null,
            "revenue": null,
            "common_shares": 320000,
            "book_valuer_per_share": 15.72,
            "book_valuer_per_share_4q_avg": 3.93,
            "equity": 503082,
            "current_ratio": 329.45,
            "debt_ratio": 28.45,
            "inventory_turnover_ratio": null,
            "account_receivable_turnover_ratio": null,
            "reinvestment_rate": null,
            "research_to_sale_ratio": null,
            "price_fair": 0,
            "eps_avg_yearly": 0,
            "eps_latest_yearly": 0,
            "eps_growth_yearly": 0
        },
        "20041": {
            "year_quarter": 20041,
            "year": 2004,
            "quarter": 1,
            "eps": null,
            "eps_growth_year": null,
            "eps_4q": null,
            "eps_4q_growth_year": null,
            "roe": null,
            "roe_4q": 0,
            "gross_profit": null,
            "gross_margin": null,
            "gross_margin_4q_avg": 0,
            "net_income": null,
            "revenue": null,
            "common_shares": null,
            "book_valuer_per_share": null,
            "book_valuer_per_share_4q_avg": 3.93,
            "equity": null,
            "current_ratio": null,
            "debt_ratio": null,
            "inventory_turnover_ratio": null,
            "account_receivable_turnover_ratio": null,
            "reinvestment_rate": null,
            "research_to_sale_ratio": null,
            "price_fair": 0,
            "eps_avg_yearly": 0,
            "eps_latest_yearly": 0,
            "eps_growth_yearly": 0
        },
        "20042": {
            "year_quarter": 20042,
            "year": 2004,
            "quarter": 2,
            "eps": null,
            "eps_growth_year": null,
            "eps_4q": null,
            "eps_4q_growth_year": null,
            "roe": null,
            "roe_4q": 0,
            "gross_profit": null,
            "gross_margin": null,
            "gross_margin_4q_avg": 0,
            "net_income": null,
            "revenue": null,
            "common_shares": null,
            "book_valuer_per_share": null,
            "book_valuer_per_share_4q_avg": 3.93,
            "equity": null,
            "current_ratio": null,
            "debt_ratio": null,
            "inventory_turnover_ratio": null,
            "account_receivable_turnover_ratio": null,
            "reinvestment_rate": null,
            "research_to_sale_ratio": null,
            "price_fair": 0,
            "eps_avg_yearly": 0,
            "eps_latest_yearly": 0,
            "eps_growth_yearly": 0
        },
        "20043": {
            "year_quarter": 20043,
            "year": 2004,
            "quarter": 3,
            "eps": null,
            "eps_growth_year": null,
            "eps_4q": null,
            "eps_4q_growth_year": null,
            "roe": null,
            "roe_4q": 0,
            "gross_profit": null,
            "gross_margin": null,
            "gross_margin_4q_avg": 0,
            "net_income": null,
            "revenue": null,
            "common_shares": null,
            "book_valuer_per_share": null,
            "book_valuer_per_share_4q_avg": 3.93,
            "equity": null,
            "current_ratio": null,
            "debt_ratio": null,
            "inventory_turnover_ratio": null,
            "account_receivable_turnover_ratio": null,
            "reinvestment_rate": null,
            "research_to_sale_ratio": null,
            "price_fair": 0,
            "eps_avg_yearly": 0,
            "eps_latest_yearly": 0,
            "eps_growth_yearly": 0
        },
        "20044": {
            "year_quarter": 20044,
            "year": 2004,
            "quarter": 4,
            "eps": null,
            "eps_growth_year": null,
            "eps_4q": null,
            "eps_4q_growth_year": null,
            "roe": null,
            "roe_4q": 0,
            "gross_profit": null,
            "gross_margin": null,
            "gross_margin_4q_avg": 0,
            "net_income": null,
            "revenue": null,
            "common_shares": 420000,
            "book_valuer_per_share": 13.91,
            "book_valuer_per_share_4q_avg": 3.48,
            "equity": 584404,
            "current_ratio": 388.4,
            "debt_ratio": 24.72,
            "inventory_turnover_ratio": null,
            "account_receivable_turnover_ratio": null,
            "reinvestment_rate": null,
            "research_to_sale_ratio": null,
            "price_fair": 0,
            "eps_avg_yearly": 0,
            "eps_latest_yearly": 0,
            "eps_growth_yearly": 0
        },
        "20051": {
            "year_quarter": 20051,
            "year": 2005,
            "quarter": 1,
            "eps": 0.34,
            "eps_growth_year": null,
            "eps_4q": null,
            "eps_4q_growth_year": null,
            "roe": 2.45,
            "roe_4q": 2.45,
            "gross_profit": 36339,
            "gross_margin": 38.75,
            "gross_margin_4q_avg": 9.69,
            "net_income": 14474,
            "revenue": 93779,
            "common_shares": 420000,
            "book_valuer_per_share": 14.26,
            "book_valuer_per_share_4q_avg": 7.04,
            "equity": 598879,
            "current_ratio": 410.15,
            "debt_ratio": 23.38,
            "inventory_turnover_ratio": 0.67,
            "account_receivable_turnover_ratio": null,
            "reinvestment_rate": null,
            "research_to_sale_ratio": null,
            "price_fair": 0,
            "eps_avg_yearly": 0,
            "eps_latest_yearly": 0,
            "eps_growth_yearly": 0
        },
        "20052": {
            "year_quarter": 20052,
            "year": 2005,
            "quarter": 2,
            "eps": 0.06,
            "eps_growth_year": null,
            "eps_4q": null,
            "eps_4q_growth_year": null,
            "roe": 0.48,
            "roe_4q": 2.93,
            "gross_profit": 24932,
            "gross_margin": 28.33,
            "gross_margin_4q_avg": 16.77,
            "net_income": 2717,
            "revenue": 87994,
            "common_shares": 420000,
            "book_valuer_per_share": 12.72,
            "book_valuer_per_share_4q_avg": 10.22,
            "equity": 534332,
            "current_ratio": 193.75,
            "debt_ratio": 31.06,
            "inventory_turnover_ratio": 0.74,
            "account_receivable_turnover_ratio": null,
            "reinvestment_rate": null,
            "research_to_sale_ratio": null,
            "price_fair": 0.72,
            "eps_avg_yearly": 0.24,
            "eps_latest_yearly": 0.24,
            "eps_growth_yearly": -329.41
        },
        "20053": {
            "year_quarter": 20053,
            "year": 2005,
            "quarter": 3,
            "eps": 0.73,
            "eps_growth_year": null,
            "eps_4q": null,
            "eps_4q_growth_year": null,
            "roe": 5.59,
            "roe_4q": 8.52,
            "gross_profit": 57193,
            "gross_margin": 48.86,
            "gross_margin_4q_avg": 28.99,
            "net_income": 30715,
            "revenue": 117059,
            "common_shares": 436800,
            "book_valuer_per_share": 12.94,
            "book_valuer_per_share_4q_avg": 13.46,
            "equity": 565047,
            "current_ratio": 206.14,
            "debt_ratio": 30.2,
            "inventory_turnover_ratio": 0.7,
            "account_receivable_turnover_ratio": null,
            "reinvestment_rate": null,
            "research_to_sale_ratio": null,
            "price_fair": 55.3,
            "eps_avg_yearly": 1.58,
            "eps_latest_yearly": 2.92,
            "eps_growth_yearly": 2068.63
        },
        "20054": {
            "year_quarter": 20054,
            "year": 2005,
            "quarter": 4,
            "eps": -0.11,
            "eps_growth_year": null,
            "eps_4q": 0.99,
            "eps_4q_growth_year": null,
            "roe": -0.82,
            "roe_4q": 7.7,
            "gross_profit": 40617,
            "gross_margin": 38.81,
            "gross_margin_4q_avg": 38.69,
            "net_income": -4593,
            "revenue": 104645,
            "common_shares": 436800,
            "book_valuer_per_share": 12.84,
            "book_valuer_per_share_4q_avg": 13.19,
            "equity": 560666,
            "current_ratio": 194.84,
            "debt_ratio": 27.38,
            "inventory_turnover_ratio": 0.76,
            "account_receivable_turnover_ratio": null,
            "reinvestment_rate": null,
            "research_to_sale_ratio": null,
            "price_fair": 55.3,
            "eps_avg_yearly": 1.58,
            "eps_latest_yearly": 2.92,
            "eps_growth_yearly": 2068.63
        },
        "20061": {
            "year_quarter": 20061,
            "year": 2006,
            "quarter": 1,
            "eps": 0.26,
            "eps_growth_year": -23.53,
            "eps_4q": 0.91,
            "eps_4q_growth_year": null,
            "roe": 2.04,
            "roe_4q": 7.290000000000001,
            "gross_profit": 35047,
            "gross_margin": 36.11,
            "gross_margin_4q_avg": 38.03,
            "net_income": 11559,
            "revenue": 97064,
            "common_shares": 436800,
            "book_valuer_per_share": 13.1,
            "book_valuer_per_share_4q_avg": 12.9,
            "equity": 572264,
            "current_ratio": 146.58,
            "debt_ratio": 31.1,
            "inventory_turnover_ratio": 0.8,
            "account_receivable_turnover_ratio": null,
            "reinvestment_rate": null,
            "research_to_sale_ratio": null,
            "price_fair": 55.3,
            "eps_avg_yearly": 1.58,
            "eps_latest_yearly": 2.92,
            "eps_growth_yearly": 2068.63
        },
        "20062": {
            "year_quarter": 20062,
            "year": 2006,
            "quarter": 2,
            "eps": 0.04,
            "eps_growth_year": -33.33,
            "eps_4q": 0.84,
            "eps_4q_growth_year": null,
            "roe": 0.33,
            "roe_4q": 7.140000000000001,
            "gross_profit": 23017,
            "gross_margin": 28.71,
            "gross_margin_4q_avg": 38.12,
            "net_income": 1886,
            "revenue": 80168,
            "common_shares": 436800,
            "book_valuer_per_share": 12.74,
            "book_valuer_per_share_4q_avg": 12.91,
            "equity": 556681,
            "current_ratio": 131.93,
            "debt_ratio": 33,
            "inventory_turnover_ratio": 0.75,
            "account_receivable_turnover_ratio": null,
            "reinvestment_rate": null,
            "research_to_sale_ratio": null,
            "price_fair": 38.73,
            "eps_avg_yearly": 1.11,
            "eps_latest_yearly": 0.16,
            "eps_growth_yearly": 1266.26
        },
        "20063": {
            "year_quarter": 20063,
            "year": 2006,
            "quarter": 3,
            "eps": 0.15,
            "eps_growth_year": -79.45,
            "eps_4q": 0.35,
            "eps_4q_growth_year": null,
            "roe": 1.2,
            "roe_4q": 2.7500000000000004,
            "gross_profit": 37943,
            "gross_margin": 36.54,
            "gross_margin_4q_avg": 35.04,
            "net_income": 6723,
            "revenue": 103829,
            "common_shares": 436800,
            "book_valuer_per_share": 12.9,
            "book_valuer_per_share_4q_avg": 12.9,
            "equity": 563447,
            "current_ratio": 186.67,
            "debt_ratio": 37.63,
            "inventory_turnover_ratio": 0.84,
            "account_receivable_turnover_ratio": null,
            "reinvestment_rate": null,
            "research_to_sale_ratio": null,
            "price_fair": 34.3,
            "eps_avg_yearly": 0.98,
            "eps_latest_yearly": 0.6,
            "eps_growth_yearly": 1224.7
        },
        "20064": {
            "year_quarter": 20064,
            "year": 2006,
            "quarter": 4,
            "eps": 0.04,
            "eps_growth_year": null,
            "eps_4q": 0.44,
            "eps_4q_growth_year": -55.36,
            "roe": 0.34,
            "roe_4q": 3.91,
            "gross_profit": 41564,
            "gross_margin": 36.5,
            "gross_margin_4q_avg": 34.47,
            "net_income": 2007,
            "revenue": 113880,
            "common_shares": 509240,
            "book_valuer_per_share": 12.12,
            "book_valuer_per_share_4q_avg": 12.72,
            "equity": 617148,
            "current_ratio": 254.08,
            "debt_ratio": 31.66,
            "inventory_turnover_ratio": 0.92,
            "account_receivable_turnover_ratio": null,
            "reinvestment_rate": null,
            "research_to_sale_ratio": null,
            "price_fair": 28.56,
            "eps_avg_yearly": 0.82,
            "eps_latest_yearly": 0.16,
            "eps_growth_yearly": 921.09
        },
        "20071": {
            "year_quarter": 20071,
            "year": 2007,
            "quarter": 1,
            "eps": 0.03,
            "eps_growth_year": -88.46,
            "eps_4q": 0.27,
            "eps_4q_growth_year": -69.9,
            "roe": 0.21,
            "roe_4q": 2.08,
            "gross_profit": 32291,
            "gross_margin": 33.38,
            "gross_margin_4q_avg": 33.78,
            "net_income": 1308,
            "revenue": 96747,
            "common_shares": 509240,
            "book_valuer_per_share": 12.15,
            "book_valuer_per_share_4q_avg": 12.48,
            "equity": 618540,
            "current_ratio": 258.39,
            "debt_ratio": 31.22,
            "inventory_turnover_ratio": 0.83,
            "account_receivable_turnover_ratio": null,
            "reinvestment_rate": null,
            "research_to_sale_ratio": null,
            "price_fair": 24.5,
            "eps_avg_yearly": 0.7,
            "eps_latest_yearly": 0.12,
            "eps_growth_yearly": 750.91
        },
        "20072": {
            "year_quarter": 20072,
            "year": 2007,
            "quarter": 2,
            "eps": -0.01,
            "eps_growth_year": -125,
            "eps_4q": 0.18,
            "eps_4q_growth_year": -78.09,
            "roe": -0.11,
            "roe_4q": 1.64,
            "gross_profit": 27304,
            "gross_margin": 30.77,
            "gross_margin_4q_avg": 34.3,
            "net_income": -673,
            "revenue": 88739,
            "common_shares": 509240,
            "book_valuer_per_share": 12.07,
            "book_valuer_per_share_4q_avg": 12.31,
            "equity": 614907,
            "current_ratio": 258.84,
            "debt_ratio": 30.97,
            "inventory_turnover_ratio": 0.77,
            "account_receivable_turnover_ratio": null,
            "reinvestment_rate": null,
            "research_to_sale_ratio": null,
            "price_fair": 24.5,
            "eps_avg_yearly": 0.7,
            "eps_latest_yearly": 0.12,
            "eps_growth_yearly": 750.91
        },
        "20073": {
            "year_quarter": 20073,
            "year": 2007,
            "quarter": 3,
            "eps": 0.23,
            "eps_growth_year": 53.33,
            "eps_4q": 0.28,
            "eps_4q_growth_year": -19.52,
            "roe": 1.97,
            "roe_4q": 2.4099999999999997,
            "gross_profit": 42909,
            "gross_margin": 37.95,
            "gross_margin_4q_avg": 34.65,
            "net_income": 12237,
            "revenue": 113080,
            "common_shares": 524517,
            "book_valuer_per_share": 11.96,
            "book_valuer_per_share_4q_avg": 12.08,
            "equity": 627279,
            "current_ratio": 270.85,
            "debt_ratio": 30.1,
            "inventory_turnover_ratio": 0.84,
            "account_receivable_turnover_ratio": null,
            "reinvestment_rate": null,
            "research_to_sale_ratio": null,
            "price_fair": 24.5,
            "eps_avg_yearly": 0.7,
            "eps_latest_yearly": 0.12,
            "eps_growth_yearly": 750.91
        },
        "20074": {
            "year_quarter": 20074,
            "year": 2007,
            "quarter": 4,
            "eps": 0.33,
            "eps_growth_year": 725,
            "eps_4q": 0.58,
            "eps_4q_growth_year": 30.7,
            "roe": 2.7,
            "roe_4q": 4.77,
            "gross_profit": 49604,
            "gross_margin": 40.84,
            "gross_margin_4q_avg": 35.74,
            "net_income": 17153,
            "revenue": 121466,
            "common_shares": 524517,
            "book_valuer_per_share": 12.28,
            "book_valuer_per_share_4q_avg": 12.12,
            "equity": 644358,
            "current_ratio": 271.52,
            "debt_ratio": 29.86,
            "inventory_turnover_ratio": 0.79,
            "account_receivable_turnover_ratio": null,
            "reinvestment_rate": null,
            "research_to_sale_ratio": null,
            "price_fair": 27.6,
            "eps_avg_yearly": 0.79,
            "eps_latest_yearly": 1.32,
            "eps_growth_yearly": 668.48
        },
        "20081": {
            "year_quarter": 20081,
            "year": 2008,
            "quarter": 1,
            "eps": 0.16,
            "eps_growth_year": 433.33,
            "eps_4q": 0.71,
            "eps_4q_growth_year": 160.12,
            "roe": 1.29,
            "roe_4q": 5.85,
            "gross_profit": 38759,
            "gross_margin": 33.53,
            "gross_margin_4q_avg": 35.77,
            "net_income": 8333,
            "revenue": 115591,
            "common_shares": 524517,
            "book_valuer_per_share": 12.44,
            "book_valuer_per_share_4q_avg": 12.19,
            "equity": 652526,
            "current_ratio": 265.1,
            "debt_ratio": 29.39,
            "inventory_turnover_ratio": 0.82,
            "account_receivable_turnover_ratio": null,
            "reinvestment_rate": null,
            "research_to_sale_ratio": null,
            "price_fair": 26.95,
            "eps_avg_yearly": 0.77,
            "eps_latest_yearly": 0.64,
            "eps_growth_yearly": 559.16
        },
        "20082": {
            "year_quarter": 20082,
            "year": 2008,
            "quarter": 2,
            "eps": 0.2,
            "eps_growth_year": null,
            "eps_4q": 0.92,
            "eps_4q_growth_year": 398.99,
            "roe": 1.62,
            "roe_4q": 7.58,
            "gross_profit": 43290,
            "gross_margin": 36.08,
            "gross_margin_4q_avg": 37.1,
            "net_income": 10513,
            "revenue": 119981,
            "common_shares": 524517,
            "book_valuer_per_share": 12.36,
            "book_valuer_per_share_4q_avg": 12.26,
            "equity": 648531,
            "current_ratio": 215.55,
            "debt_ratio": 30.36,
            "inventory_turnover_ratio": 0.84,
            "account_receivable_turnover_ratio": null,
            "reinvestment_rate": null,
            "research_to_sale_ratio": null,
            "price_fair": 27.07,
            "eps_avg_yearly": 0.77,
            "eps_latest_yearly": 0.8,
            "eps_growth_yearly": 508.15
        },
        "20083": {
            "year_quarter": 20083,
            "year": 2008,
            "quarter": 3,
            "eps": 0.31,
            "eps_growth_year": 34.78,
            "eps_4q": 0.99,
            "eps_4q_growth_year": 254.87,
            "roe": 2.49,
            "roe_4q": 8.100000000000001,
            "gross_profit": 46608,
            "gross_margin": 34.49,
            "gross_margin_4q_avg": 36.24,
            "net_income": 16353,
            "revenue": 135129,
            "common_shares": 535007,
            "book_valuer_per_share": 12.43,
            "book_valuer_per_share_4q_avg": 12.38,
            "equity": 664766,
            "current_ratio": 242.62,
            "debt_ratio": 28.64,
            "inventory_turnover_ratio": 0.99,
            "account_receivable_turnover_ratio": null,
            "reinvestment_rate": null,
            "research_to_sale_ratio": null,
            "price_fair": 28.7,
            "eps_avg_yearly": 0.82,
            "eps_latest_yearly": 1.24,
            "eps_growth_yearly": 479.33
        },
        "20084": {
            "year_quarter": 20084,
            "year": 2008,
            "quarter": 4,
            "eps": 0.52,
            "eps_growth_year": 57.58,
            "eps_4q": 1.18,
            "eps_4q_growth_year": 104.17,
            "roe": 4.09,
            "roe_4q": 9.489999999999998,
            "gross_profit": 56494,
            "gross_margin": 39.36,
            "gross_margin_4q_avg": 35.87,
            "net_income": 27760,
            "revenue": 143548,
            "common_shares": 535007,
            "book_valuer_per_share": 12.94,
            "book_valuer_per_share_4q_avg": 12.54,
            "equity": 692505,
            "current_ratio": 250.93,
            "debt_ratio": 27.87,
            "inventory_turnover_ratio": 1.01,
            "account_receivable_turnover_ratio": 3.1,
            "reinvestment_rate": 27.8,
            "research_to_sale_ratio": null,
            "price_fair": 32.71,
            "eps_avg_yearly": 0.93,
            "eps_latest_yearly": 2.08,
            "eps_growth_yearly": 460.39
        },
        "20091": {
            "year_quarter": 20091,
            "year": 2009,
            "quarter": 1,
            "eps": 0.3,
            "eps_growth_year": 87.5,
            "eps_4q": 1.32,
            "eps_4q_growth_year": 86.24,
            "roe": 2.28,
            "roe_4q": 10.48,
            "gross_profit": 43261,
            "gross_margin": 36.65,
            "gross_margin_4q_avg": 36.65,
            "net_income": 15990,
            "revenue": 118027,
            "common_shares": 535007,
            "book_valuer_per_share": 13.24,
            "book_valuer_per_share_4q_avg": 12.74,
            "equity": 708557,
            "current_ratio": 259.8,
            "debt_ratio": 26.72,
            "inventory_turnover_ratio": 0.93,
            "account_receivable_turnover_ratio": 1.28,
            "reinvestment_rate": 23.55,
            "research_to_sale_ratio": null,
            "price_fair": 33.48,
            "eps_avg_yearly": 0.96,
            "eps_latest_yearly": 1.2,
            "eps_growth_yearly": 407.92
        },
        "20092": {
            "year_quarter": 20092,
            "year": 2009,
            "quarter": 2,
            "eps": 0.03,
            "eps_growth_year": -85,
            "eps_4q": 1.14,
            "eps_4q_growth_year": 24.19,
            "roe": 0.23,
            "roe_4q": 9.09,
            "gross_profit": 38568,
            "gross_margin": 37.65,
            "gross_margin_4q_avg": 37.04,
            "net_income": 1625,
            "revenue": 102433,
            "common_shares": 535007,
            "book_valuer_per_share": 12.97,
            "book_valuer_per_share_4q_avg": 12.9,
            "equity": 694161,
            "current_ratio": 230.22,
            "debt_ratio": 36.02,
            "inventory_turnover_ratio": 0.75,
            "account_receivable_turnover_ratio": 1.19,
            "reinvestment_rate": 81.29,
            "research_to_sale_ratio": null,
            "price_fair": 33.13,
            "eps_avg_yearly": 0.95,
            "eps_latest_yearly": 0.12,
            "eps_growth_yearly": 405.37
        },
        "20093": {
            "year_quarter": 20093,
            "year": 2009,
            "quarter": 3,
            "eps": 0.45,
            "eps_growth_year": 45.16,
            "eps_4q": 1.27,
            "eps_4q_growth_year": 28.22,
            "roe": 3.51,
            "roe_4q": 10.11,
            "gross_profit": 61737,
            "gross_margin": 43.25,
            "gross_margin_4q_avg": 39.23,
            "net_income": 24826,
            "revenue": 142739,
            "common_shares": 551057,
            "book_valuer_per_share": 13.04,
            "book_valuer_per_share_4q_avg": 13.05,
            "equity": 718848,
            "current_ratio": 250.42,
            "debt_ratio": 34.47,
            "inventory_turnover_ratio": 0.88,
            "account_receivable_turnover_ratio": 1.49,
            "reinvestment_rate": 86.92,
            "research_to_sale_ratio": null,
            "price_fair": 29.87,
            "eps_avg_yearly": 0.85,
            "eps_latest_yearly": 1.8,
            "eps_growth_yearly": 499.82
        },
        "20094": {
            "year_quarter": 20094,
            "year": 2009,
            "quarter": 4,
            "eps": 0.4,
            "eps_growth_year": -23.08,
            "eps_4q": 1.17,
            "eps_4q_growth_year": -0.83,
            "roe": 3.02,
            "roe_4q": 9.04,
            "gross_profit": 68639,
            "gross_margin": 40.94,
            "gross_margin_4q_avg": 39.62,
            "net_income": 22011,
            "revenue": 167650,
            "common_shares": 551057,
            "book_valuer_per_share": 13.45,
            "book_valuer_per_share_4q_avg": 13.18,
            "equity": 741037,
            "current_ratio": 277.75,
            "debt_ratio": 32.94,
            "inventory_turnover_ratio": 1.09,
            "account_receivable_turnover_ratio": 2.59,
            "reinvestment_rate": 57.03,
            "research_to_sale_ratio": null,
            "price_fair": 31.88,
            "eps_avg_yearly": 0.91,
            "eps_latest_yearly": 1.6,
            "eps_growth_yearly": 457.95
        },
        "20101": {
            "year_quarter": 20101,
            "year": 2010,
            "quarter": 1,
            "eps": 0.62,
            "eps_growth_year": 106.67,
            "eps_4q": 1.5,
            "eps_4q_growth_year": 12.98,
            "roe": 4.49,
            "roe_4q": 11.25,
            "gross_profit": 76344,
            "gross_margin": 44.91,
            "gross_margin_4q_avg": 41.69,
            "net_income": 34026,
            "revenue": 170010,
            "common_shares": 551057,
            "book_valuer_per_share": 14.06,
            "book_valuer_per_share_4q_avg": 13.38,
            "equity": 775029,
            "current_ratio": 338.37,
            "debt_ratio": 30.19,
            "inventory_turnover_ratio": 0.99,
            "account_receivable_turnover_ratio": 1.28,
            "reinvestment_rate": 2,
            "research_to_sale_ratio": 4.33,
            "price_fair": 35.8,
            "eps_avg_yearly": 1.02,
            "eps_latest_yearly": 2.48,
            "eps_growth_yearly": 440.95
        },
        "20102": {
            "year_quarter": 20102,
            "year": 2010,
            "quarter": 2,
            "eps": 0.5,
            "eps_growth_year": 1572.82,
            "eps_4q": 1.91,
            "eps_4q_growth_year": 67.61,
            "roe": 3.67,
            "roe_4q": 14.69,
            "gross_profit": 65911,
            "gross_margin": 40.48,
            "gross_margin_4q_avg": 42.4,
            "net_income": 28816,
            "revenue": 162821,
            "common_shares": 551057,
            "book_valuer_per_share": 14.41,
            "book_valuer_per_share_4q_avg": 13.74,
            "equity": 793919,
            "current_ratio": 333.34,
            "debt_ratio": 29.52,
            "inventory_turnover_ratio": 0.84,
            "account_receivable_turnover_ratio": 1.26,
            "reinvestment_rate": 0.83,
            "research_to_sale_ratio": 4.6,
            "price_fair": 40.4,
            "eps_avg_yearly": 1.15,
            "eps_latest_yearly": 2,
            "eps_growth_yearly": 459.6
        },
        "20103": {
            "year_quarter": 20103,
            "year": 2010,
            "quarter": 3,
            "eps": 0.73,
            "eps_growth_year": 62.78,
            "eps_4q": 2.21,
            "eps_4q_growth_year": 73.7,
            "roe": 5.16,
            "roe_4q": 16.34,
            "gross_profit": 83625,
            "gross_margin": 44.74,
            "gross_margin_4q_avg": 42.77,
            "net_income": 42061,
            "revenue": 186915,
            "common_shares": 574202,
            "book_valuer_per_share": 14.56,
            "book_valuer_per_share_4q_avg": 14.12,
            "equity": 835955,
            "current_ratio": 332.38,
            "debt_ratio": 28.8,
            "inventory_turnover_ratio": 0.72,
            "account_receivable_turnover_ratio": 1.35,
            "reinvestment_rate": 6.52,
            "research_to_sale_ratio": 3.37,
            "price_fair": 46.2,
            "eps_avg_yearly": 1.32,
            "eps_latest_yearly": 2.92,
            "eps_growth_yearly": 394.17
        },
        "20104": {
            "year_quarter": 20104,
            "year": 2010,
            "quarter": 4,
            "eps": 0.37,
            "eps_growth_year": -7.12,
            "eps_4q": 2.2,
            "eps_4q_growth_year": 87.96,
            "roe": 2.52,
            "roe_4q": 15.84,
            "gross_profit": 75930,
            "gross_margin": 41.12,
            "gross_margin_4q_avg": 42.81,
            "net_income": 21332,
            "revenue": 184637,
            "common_shares": 574201,
            "book_valuer_per_share": 14.93,
            "book_valuer_per_share_4q_avg": 14.49,
            "equity": 857102,
            "current_ratio": 289.87,
            "debt_ratio": 29.13,
            "inventory_turnover_ratio": 0.7,
            "account_receivable_turnover_ratio": 1.25,
            "reinvestment_rate": 19.69,
            "research_to_sale_ratio": 3.39,
            "price_fair": 49.5,
            "eps_avg_yearly": 1.41,
            "eps_latest_yearly": 1.48,
            "eps_growth_yearly": 401.03
        },
        "20111": {
            "year_quarter": 20111,
            "year": 2011,
            "quarter": 1,
            "eps": 0.2,
            "eps_growth_year": -67.74,
            "eps_4q": 1.81,
            "eps_4q_growth_year": 20.93,
            "roe": 1.36,
            "roe_4q": 12.709999999999999,
            "gross_profit": 45556,
            "gross_margin": 34.4,
            "gross_margin_4q_avg": 40.19,
            "net_income": 11734,
            "revenue": 132434,
            "common_shares": 574201,
            "book_valuer_per_share": 15.13,
            "book_valuer_per_share_4q_avg": 14.76,
            "equity": 868914,
            "current_ratio": 295.8,
            "debt_ratio": 27.91,
            "inventory_turnover_ratio": 0.56,
            "account_receivable_turnover_ratio": 1.09,
            "reinvestment_rate": 25.95,
            "research_to_sale_ratio": 4.81,
            "price_fair": 51.2,
            "eps_avg_yearly": 1.46,
            "eps_latest_yearly": 0.8,
            "eps_growth_yearly": 395.05
        },
        "20112": {
            "year_quarter": 20112,
            "year": 2011,
            "quarter": 2,
            "eps": 0,
            "eps_growth_year": -99.13,
            "eps_4q": 1.23,
            "eps_4q_growth_year": -35.76,
            "roe": 0.03,
            "roe_4q": 9.07,
            "gross_profit": 40539,
            "gross_margin": 30.6,
            "gross_margin_4q_avg": 37.72,
            "net_income": 267,
            "revenue": 132480,
            "common_shares": 574201,
            "book_valuer_per_share": 14.84,
            "book_valuer_per_share_4q_avg": 14.87,
            "equity": 851865,
            "current_ratio": 267.5,
            "debt_ratio": 28.91,
            "inventory_turnover_ratio": 0.57,
            "account_receivable_turnover_ratio": 1.31,
            "reinvestment_rate": 24.48,
            "research_to_sale_ratio": 4.67,
            "price_fair": 51.2,
            "eps_avg_yearly": 1.46,
            "eps_latest_yearly": 0.8,
            "eps_growth_yearly": 395.05
        },
        "20113": {
            "year_quarter": 20113,
            "year": 2011,
            "quarter": 3,
            "eps": 0.43,
            "eps_growth_year": -40.73,
            "eps_4q": 0.98,
            "eps_4q_growth_year": -55.81,
            "roe": 3.08,
            "roe_4q": 6.99,
            "gross_profit": 63659,
            "gross_margin": 37.11,
            "gross_margin_4q_avg": 35.81,
            "net_income": 26676,
            "revenue": 171526,
            "common_shares": 614395,
            "book_valuer_per_share": 14.3,
            "book_valuer_per_share_4q_avg": 14.8,
            "equity": 878743,
            "current_ratio": 285.14,
            "debt_ratio": 28.42,
            "inventory_turnover_ratio": 0.61,
            "account_receivable_turnover_ratio": 1.36,
            "reinvestment_rate": 40.19,
            "research_to_sale_ratio": 6.89,
            "price_fair": 51.2,
            "eps_avg_yearly": 1.46,
            "eps_latest_yearly": 0.8,
            "eps_growth_yearly": 395.05
        },
        "20114": {
            "year_quarter": 20114,
            "year": 2011,
            "quarter": 4,
            "eps": 0.3,
            "eps_growth_year": -18.06,
            "eps_4q": 0.93,
            "eps_4q_growth_year": -57.52,
            "roe": 2.11,
            "roe_4q": 6.58,
            "gross_profit": 61068,
            "gross_margin": 33.45,
            "gross_margin_4q_avg": 33.89,
            "net_income": 18703,
            "revenue": 182587,
            "common_shares": 614395,
            "book_valuer_per_share": 14.61,
            "book_valuer_per_share_4q_avg": 14.72,
            "equity": 897397,
            "current_ratio": 143.67,
            "debt_ratio": 33.04,
            "inventory_turnover_ratio": 0.66,
            "account_receivable_turnover_ratio": 1.21,
            "reinvestment_rate": 80.4,
            "research_to_sale_ratio": 7.1,
            "price_fair": 50.9,
            "eps_avg_yearly": 1.45,
            "eps_latest_yearly": 1.2,
            "eps_growth_yearly": 373.99
        },
        "20121": {
            "year_quarter": 20121,
            "year": 2012,
            "quarter": 1,
            "eps": 0.36,
            "eps_growth_year": 80,
            "eps_4q": 1.11,
            "eps_4q_growth_year": -38.92,
            "roe": 2.45,
            "roe_4q": 7.670000000000001,
            "gross_profit": 67926,
            "gross_margin": 35.83,
            "gross_margin_4q_avg": 34.25,
            "net_income": 22281,
            "revenue": 189597,
            "common_shares": 614395,
            "book_valuer_per_share": 14.97,
            "book_valuer_per_share_4q_avg": 14.68,
            "equity": 919646,
            "current_ratio": 92.52,
            "debt_ratio": 40.73,
            "inventory_turnover_ratio": 0.61,
            "account_receivable_turnover_ratio": 1.13,
            "reinvestment_rate": 142.57,
            "research_to_sale_ratio": 5.22,
            "price_fair": 52.9,
            "eps_avg_yearly": 1.51,
            "eps_latest_yearly": 1.44,
            "eps_growth_yearly": 394.42
        },
        "20122": {
            "year_quarter": 20122,
            "year": 2012,
            "quarter": 2,
            "eps": 0.7,
            "eps_growth_year": 16016.11,
            "eps_4q": 1.76,
            "eps_4q_growth_year": 43.2,
            "roe": 4.79,
            "roe_4q": 12.43,
            "gross_profit": 97680,
            "gross_margin": 37.95,
            "gross_margin_4q_avg": 36.09,
            "net_income": 44840,
            "revenue": 257408,
            "common_shares": 614395,
            "book_valuer_per_share": 15.52,
            "book_valuer_per_share_4q_avg": 14.85,
            "equity": 953438,
            "current_ratio": 99.87,
            "debt_ratio": 45.15,
            "inventory_turnover_ratio": 0.72,
            "account_receivable_turnover_ratio": 1.44,
            "reinvestment_rate": 159.3,
            "research_to_sale_ratio": 1.87,
            "price_fair": 57.9,
            "eps_avg_yearly": 1.65,
            "eps_latest_yearly": 2.8,
            "eps_growth_yearly": 414.26
        },
        "20123": {
            "year_quarter": 20123,
            "year": 2012,
            "quarter": 3,
            "eps": 0.77,
            "eps_growth_year": 77.3,
            "eps_4q": 2.11,
            "eps_4q_growth_year": 116.07,
            "roe": 5.04,
            "roe_4q": 14.39,
            "gross_profit": 113305,
            "gross_margin": 38.69,
            "gross_margin_4q_avg": 36.48,
            "net_income": 49283,
            "revenue": 292861,
            "common_shares": 640201,
            "book_valuer_per_share": 15.66,
            "book_valuer_per_share_4q_avg": 15.19,
            "equity": 1002652,
            "current_ratio": 139.32,
            "debt_ratio": 42,
            "inventory_turnover_ratio": 0.78,
            "account_receivable_turnover_ratio": 1.53,
            "reinvestment_rate": 152.6,
            "research_to_sale_ratio": 5.21,
            "price_fair": 62.5,
            "eps_avg_yearly": 1.79,
            "eps_latest_yearly": 3.08,
            "eps_growth_yearly": 401.41
        },
        "20124": {
            "year_quarter": 20124,
            "year": 2012,
            "quarter": 4,
            "eps": 0.47,
            "eps_growth_year": 53.25,
            "eps_4q": 2.28,
            "eps_4q_growth_year": 144.64,
            "roe": 2.94,
            "roe_4q": 15.219999999999999,
            "gross_profit": 103712,
            "gross_margin": 36.46,
            "gross_margin_4q_avg": 37.23,
            "net_income": 29867,
            "revenue": 284432,
            "common_shares": 640200,
            "book_valuer_per_share": 16.13,
            "book_valuer_per_share_4q_avg": 15.57,
            "equity": 1032400,
            "current_ratio": 201.72,
            "debt_ratio": 40.02,
            "inventory_turnover_ratio": 0.84,
            "account_receivable_turnover_ratio": 1.42,
            "reinvestment_rate": 163.82,
            "research_to_sale_ratio": 6.55,
            "price_fair": 62,
            "eps_avg_yearly": 1.77,
            "eps_latest_yearly": 1.88,
            "eps_growth_yearly": 370.92
        },
        "20131": {
            "year_quarter": 20131,
            "year": 2013,
            "quarter": 1,
            "eps": 0.81,
            "eps_growth_year": 125,
            "eps_4q": 2.75,
            "eps_4q_growth_year": 148.43,
            "roe": 4.9,
            "roe_4q": 17.669999999999998,
            "gross_profit": 108910,
            "gross_margin": 38.92,
            "gross_margin_4q_avg": 38.01,
            "net_income": 51851,
            "revenue": 279866,
            "common_shares": 640200,
            "book_valuer_per_share": 16.9,
            "book_valuer_per_share_4q_avg": 16.05,
            "equity": 1082100,
            "current_ratio": 197.89,
            "debt_ratio": 39.32,
            "inventory_turnover_ratio": 0.78,
            "account_receivable_turnover_ratio": 1.4,
            "reinvestment_rate": 150.58,
            "research_to_sale_ratio": 3.01,
            "price_fair": 67.1,
            "eps_avg_yearly": 1.92,
            "eps_latest_yearly": 3.24,
            "eps_growth_yearly": 403.68
        },
        "20132": {
            "year_quarter": 20132,
            "year": 2013,
            "quarter": 2,
            "eps": 0.64,
            "eps_growth_year": -8.62,
            "eps_4q": 2.47,
            "eps_4q_growth_year": 40.82,
            "roe": 3.73,
            "roe_4q": 16.61,
            "gross_profit": 97228,
            "gross_margin": 36.38,
            "gross_margin_4q_avg": 37.61,
            "net_income": 40727,
            "revenue": 267252,
            "common_shares": 640200,
            "book_valuer_per_share": 17.18,
            "book_valuer_per_share_4q_avg": 16.47,
            "equity": 1099693,
            "current_ratio": 215.29,
            "debt_ratio": 39.17,
            "inventory_turnover_ratio": 0.69,
            "account_receivable_turnover_ratio": 1.44,
            "reinvestment_rate": 114.15,
            "research_to_sale_ratio": 4.15,
            "price_fair": 73.2,
            "eps_avg_yearly": 2.09,
            "eps_latest_yearly": 2.56,
            "eps_growth_yearly": 423.39
        },
        "20133": {
            "year_quarter": 20133,
            "year": 2013,
            "quarter": 3,
            "eps": 0.6,
            "eps_growth_year": -22.06,
            "eps_4q": 2.32,
            "eps_4q_growth_year": 9.95,
            "roe": 3.45,
            "roe_4q": 15.02,
            "gross_profit": 104113,
            "gross_margin": 34.68,
            "gross_margin_4q_avg": 36.61,
            "net_income": 38576,
            "revenue": 300216,
            "common_shares": 640200,
            "book_valuer_per_share": 17.78,
            "book_valuer_per_share_4q_avg": 17,
            "equity": 1138182,
            "current_ratio": 192.88,
            "debt_ratio": 39.34,
            "inventory_turnover_ratio": 0.77,
            "account_receivable_turnover_ratio": 1.58,
            "reinvestment_rate": 124.89,
            "research_to_sale_ratio": 3.06,
            "price_fair": 67.46,
            "eps_avg_yearly": 2.13,
            "eps_latest_yearly": 2.4,
            "eps_growth_yearly": 21.61
        },
        "20134": {
            "year_quarter": 20134,
            "year": 2013,
            "quarter": 4,
            "eps": 0.93,
            "eps_growth_year": 99.21,
            "eps_4q": 2.82,
            "eps_4q_growth_year": 23.39,
            "roe": 5.51,
            "roe_4q": 17.590000000000003,
            "gross_profit": 114637,
            "gross_margin": 33.03,
            "gross_margin_4q_avg": 35.75,
            "net_income": 64497,
            "revenue": 347041,
            "common_shares": 693978,
            "book_valuer_per_share": 17.31,
            "book_valuer_per_share_4q_avg": 17.29,
            "equity": 1201360,
            "current_ratio": 215.23,
            "debt_ratio": 35.25,
            "inventory_turnover_ratio": 0.97,
            "account_receivable_turnover_ratio": 1.54,
            "reinvestment_rate": 121.49,
            "research_to_sale_ratio": 2.28,
            "price_fair": 80,
            "eps_avg_yearly": 2.29,
            "eps_latest_yearly": 3.72,
            "eps_growth_yearly": 40.5
        },
        "20141": {
            "year_quarter": 20141,
            "year": 2014,
            "quarter": 1,
            "eps": 0.74,
            "eps_growth_year": -8.64,
            "eps_4q": 2.82,
            "eps_4q_growth_year": 2.49,
            "roe": 4.2,
            "roe_4q": 16.89,
            "gross_profit": 111531,
            "gross_margin": 34.64,
            "gross_margin_4q_avg": 34.68,
            "net_income": 51556,
            "revenue": 321988,
            "common_shares": 693978,
            "book_valuer_per_share": 18.06,
            "book_valuer_per_share_4q_avg": 17.58,
            "equity": 1253062,
            "current_ratio": 215.42,
            "debt_ratio": 33.21,
            "inventory_turnover_ratio": 0.99,
            "account_receivable_turnover_ratio": 1.33,
            "reinvestment_rate": 119.94,
            "research_to_sale_ratio": 2.51,
            "price_fair": 67.15,
            "eps_avg_yearly": 2.32,
            "eps_latest_yearly": 2.96,
            "eps_growth_yearly": 18.95
        },
        "20142": {
            "year_quarter": 20142,
            "year": 2014,
            "quarter": 2,
            "eps": 0.36,
            "eps_growth_year": -43.75,
            "eps_4q": 2.34,
            "eps_4q_growth_year": -5.3,
            "roe": 1.99,
            "roe_4q": 15.149999999999999,
            "gross_profit": 97443,
            "gross_margin": 34.53,
            "gross_margin_4q_avg": 34.22,
            "net_income": 24918,
            "revenue": 282177,
            "common_shares": 693978,
            "book_valuer_per_share": 17.97,
            "book_valuer_per_share_4q_avg": 17.78,
            "equity": 1247281,
            "current_ratio": 174.27,
            "debt_ratio": 33.58,
            "inventory_turnover_ratio": 0.92,
            "account_receivable_turnover_ratio": 1.27,
            "reinvestment_rate": 112.93,
            "research_to_sale_ratio": 3.91,
            "price_fair": 45.15,
            "eps_avg_yearly": 2.28,
            "eps_latest_yearly": 1.44,
            "eps_growth_yearly": 9.8
        },
        "20143": {
            "year_quarter": 20143,
            "year": 2014,
            "quarter": 3,
            "eps": 1.02,
            "eps_growth_year": 70,
            "eps_4q": 2.86,
            "eps_4q_growth_year": 23.21,
            "roe": 6.07,
            "roe_4q": 17.770000000000003,
            "gross_profit": 137783,
            "gross_margin": 37.11,
            "gross_margin_4q_avg": 34.83,
            "net_income": 78050,
            "revenue": 371288,
            "common_shares": 766152,
            "book_valuer_per_share": 17.3,
            "book_valuer_per_share_4q_avg": 17.66,
            "equity": 1325489,
            "current_ratio": 258.98,
            "debt_ratio": 34.2,
            "inventory_turnover_ratio": 1.2,
            "account_receivable_turnover_ratio": 1.6,
            "reinvestment_rate": 102.6,
            "research_to_sale_ratio": 2.68,
            "price_fair": 82.7,
            "eps_avg_yearly": 2.36,
            "eps_latest_yearly": 4.08,
            "eps_growth_yearly": 49.04
        },
        "20144": {
            "year_quarter": 20144,
            "year": 2014,
            "quarter": 4,
            "eps": 1.5,
            "eps_growth_year": 61.04,
            "eps_4q": 3.51,
            "eps_4q_growth_year": 24.63,
            "roe": 8.29,
            "roe_4q": 20.549999999999997,
            "gross_profit": 174299,
            "gross_margin": 43.07,
            "gross_margin_4q_avg": 37.34,
            "net_income": 114666,
            "revenue": 404706,
            "common_shares": 766152,
            "book_valuer_per_share": 18.8,
            "book_valuer_per_share_4q_avg": 18.03,
            "equity": 1440522,
            "current_ratio": 227.08,
            "debt_ratio": 35.08,
            "inventory_turnover_ratio": 1.21,
            "account_receivable_turnover_ratio": 1.46,
            "reinvestment_rate": 81.46,
            "research_to_sale_ratio": 3.16,
            "price_fair": 94,
            "eps_avg_yearly": 2.69,
            "eps_latest_yearly": 6,
            "eps_growth_yearly": 76.58
        },
        "20151": {
            "year_quarter": 20151,
            "year": 2015,
            "quarter": 1,
            "eps": 1.8,
            "eps_growth_year": 143.24,
            "eps_4q": 4.64,
            "eps_4q_growth_year": 64.84,
            "roe": 9.13,
            "roe_4q": 25.48,
            "gross_profit": 242821,
            "gross_margin": 49.17,
            "gross_margin_4q_avg": 40.97,
            "net_income": 137879,
            "revenue": 493817,
            "common_shares": 766152,
            "book_valuer_per_share": 20.6,
            "book_valuer_per_share_4q_avg": 18.67,
            "equity": 1578306,
            "current_ratio": 214.57,
            "debt_ratio": 33.65,
            "inventory_turnover_ratio": 1.27,
            "account_receivable_turnover_ratio": 1.55,
            "reinvestment_rate": 68.68,
            "research_to_sale_ratio": 2.72,
            "price_fair": 110,
            "eps_avg_yearly": 3.14,
            "eps_latest_yearly": 7.2,
            "eps_growth_yearly": 95.42
        },
        "20152": {
            "year_quarter": 20152,
            "year": 2015,
            "quarter": 2,
            "eps": 1.85,
            "eps_growth_year": 413.89,
            "eps_4q": 5.18,
            "eps_4q_growth_year": 121.17,
            "roe": 8.73,
            "roe_4q": 32.22,
            "gross_profit": 257583,
            "gross_margin": 49.74,
            "gross_margin_4q_avg": 44.77,
            "net_income": 141955,
            "revenue": 517861,
            "common_shares": 766152,
            "book_valuer_per_share": 21.85,
            "book_valuer_per_share_4q_avg": 19.64,
            "equity": 1674156,
            "current_ratio": 194.97,
            "debt_ratio": 36.19,
            "inventory_turnover_ratio": 1.22,
            "account_receivable_turnover_ratio": 1.48,
            "reinvestment_rate": 57.68,
            "research_to_sale_ratio": 1.94,
            "price_fair": 119.93,
            "eps_avg_yearly": 3.43,
            "eps_latest_yearly": 7.4,
            "eps_growth_yearly": 89.8
        },
        "20153": {
            "year_quarter": 20153,
            "year": 2015,
            "quarter": 3,
            "eps": 1.91,
            "eps_growth_year": 87.25,
            "eps_4q": 6.24,
            "eps_4q_growth_year": 118.25,
            "roe": 9.9,
            "roe_4q": 36.050000000000004,
            "gross_profit": 251400,
            "gross_margin": 46.6,
            "gross_margin_4q_avg": 47.15,
            "net_income": 174333,
            "revenue": 539539,
            "common_shares": 911721,
            "book_valuer_per_share": 20.28,
            "book_valuer_per_share_4q_avg": 20.38,
            "equity": 1848905,
            "current_ratio": 215.16,
            "debt_ratio": 31.86,
            "inventory_turnover_ratio": 1.21,
            "account_receivable_turnover_ratio": 1.44,
            "reinvestment_rate": 55.43,
            "research_to_sale_ratio": 3.82,
            "price_fair": 129.15,
            "eps_avg_yearly": 3.69,
            "eps_latest_yearly": 7.64,
            "eps_growth_yearly": 85
        },
        "20154": {
            "year_quarter": 20154,
            "year": 2015,
            "quarter": 4,
            "eps": 1.67,
            "eps_growth_year": 11.79,
            "eps_4q": 6.65,
            "eps_4q_growth_year": 89.4,
            "roe": 7.93,
            "roe_4q": 35.69,
            "gross_profit": 291493,
            "gross_margin": 45.94,
            "gross_margin_4q_avg": 47.86,
            "net_income": 152545,
            "revenue": 634461,
            "common_shares": 911721,
            "book_valuer_per_share": 21.94,
            "book_valuer_per_share_4q_avg": 21.17,
            "equity": 2000161,
            "current_ratio": 190.82,
            "debt_ratio": 34.91,
            "inventory_turnover_ratio": 1.26,
            "account_receivable_turnover_ratio": 1.55,
            "reinvestment_rate": 57.96,
            "research_to_sale_ratio": 2,
            "price_fair": 141.14,
            "eps_avg_yearly": 4.03,
            "eps_latest_yearly": 6.68,
            "eps_growth_yearly": 89.41
        },
        "20161": {
            "year_quarter": 20161,
            "year": 2016,
            "quarter": 1,
            "eps": 2.7,
            "eps_growth_year": 50,
            "eps_4q": 7.84,
            "eps_4q_growth_year": 69.01,
            "roe": 11.6,
            "roe_4q": 38.16,
            "gross_profit": 385373,
            "gross_margin": 53.7,
            "gross_margin_4q_avg": 49,
            "net_income": 246194,
            "revenue": 717605,
            "common_shares": 911721,
            "book_valuer_per_share": 24.64,
            "book_valuer_per_share_4q_avg": 22.18,
            "equity": 2246353,
            "current_ratio": 170.93,
            "debt_ratio": 37.09,
            "inventory_turnover_ratio": 1.11,
            "account_receivable_turnover_ratio": 1.62,
            "reinvestment_rate": 67.62,
            "research_to_sale_ratio": 1.32,
            "price_fair": 161.61,
            "eps_avg_yearly": 4.62,
            "eps_latest_yearly": 10.8,
            "eps_growth_yearly": 99.83
        },
        "20162": {
            "year_quarter": 20162,
            "year": 2016,
            "quarter": 2,
            "eps": 0.94,
            "eps_growth_year": -49.19,
            "eps_4q": 5.82,
            "eps_4q_growth_year": 12.36,
            "roe": 3.77,
            "roe_4q": 33.199999999999996,
            "gross_profit": 233492,
            "gross_margin": 43.19,
            "gross_margin_4q_avg": 47.36,
            "net_income": 85343,
            "revenue": 540593,
            "common_shares": 911721,
            "book_valuer_per_share": 24.97,
            "book_valuer_per_share_4q_avg": 22.96,
            "equity": 2276992,
            "current_ratio": 156.71,
            "debt_ratio": 35.86,
            "inventory_turnover_ratio": 1.02,
            "account_receivable_turnover_ratio": 1.26,
            "reinvestment_rate": 61.45,
            "research_to_sale_ratio": 2.59,
            "price_fair": 163.71,
            "eps_avg_yearly": 4.68,
            "eps_latest_yearly": 3.76,
            "eps_growth_yearly": 59.92
        },
        "20163": {
            "year_quarter": 20163,
            "year": 2016,
            "quarter": 3,
            "eps": 2,
            "eps_growth_year": 4.71,
            "eps_4q": 6.29,
            "eps_4q_growth_year": 0.74,
            "roe": 9.48,
            "roe_4q": 32.78,
            "gross_profit": 342041,
            "gross_margin": 50.88,
            "gross_margin_4q_avg": 48.43,
            "net_income": 226472,
            "revenue": 672197,
            "common_shares": 1130534,
            "book_valuer_per_share": 22.14,
            "book_valuer_per_share_4q_avg": 23.42,
            "equity": 2503204,
            "current_ratio": 205.99,
            "debt_ratio": 36.93,
            "inventory_turnover_ratio": 1.12,
            "account_receivable_turnover_ratio": 1.59,
            "reinvestment_rate": 53.98,
            "research_to_sale_ratio": 1.71,
            "price_fair": 174.48,
            "eps_avg_yearly": 4.99,
            "eps_latest_yearly": 8,
            "eps_growth_yearly": 85.62
        },
        "20164": {
            "year_quarter": 20164,
            "year": 2016,
            "quarter": 4,
            "eps": 1.32,
            "eps_growth_year": -21.04,
            "eps_4q": 6.26,
            "eps_4q_growth_year": -5.98,
            "roe": 5.79,
            "roe_4q": 30.64,
            "gross_profit": 222736,
            "gross_margin": 40.73,
            "gross_margin_4q_avg": 47.13,
            "net_income": 149360,
            "revenue": 546854,
            "common_shares": 1130534,
            "book_valuer_per_share": 23.46,
            "book_valuer_per_share_4q_avg": 23.8,
            "equity": 2652201,
            "current_ratio": 221.16,
            "debt_ratio": 36.55,
            "inventory_turnover_ratio": 1.17,
            "account_receivable_turnover_ratio": 1.35,
            "reinvestment_rate": 62.31,
            "research_to_sale_ratio": 2.32,
            "price_fair": 181.91,
            "eps_avg_yearly": 5.2,
            "eps_latest_yearly": 5.28,
            "eps_growth_yearly": 86.86
        },
        "20171": {
            "year_quarter": 20171,
            "year": 2017,
            "quarter": 1,
            "eps": 0.43,
            "eps_growth_year": -84.07,
            "eps_4q": 4.51,
            "eps_4q_growth_year": -42.51,
            "roe": 1.81,
            "roe_4q": 20.849999999999998,
            "gross_profit": 168241,
            "gross_margin": 32.8,
            "gross_margin_4q_avg": 41.9,
            "net_income": 48557,
            "revenue": 512982,
            "common_shares": 1130534,
            "book_valuer_per_share": 23.88,
            "book_valuer_per_share_4q_avg": 23.61,
            "equity": 2700179,
            "current_ratio": 202.26,
            "debt_ratio": 38.88,
            "inventory_turnover_ratio": 1.37,
            "account_receivable_turnover_ratio": 1.38,
            "reinvestment_rate": 72.31,
            "research_to_sale_ratio": 1.09,
            "price_fair": 178.59,
            "eps_avg_yearly": 5.1,
            "eps_latest_yearly": 1.72,
            "eps_growth_yearly": 51.92
        },
        "20172": {
            "year_quarter": 20172,
            "year": 2017,
            "quarter": 2,
            "eps": 0.55,
            "eps_growth_year": -41.49,
            "eps_4q": 3.47,
            "eps_4q_growth_year": -40.42,
            "roe": 2.3,
            "roe_4q": 19.38,
            "gross_profit": 175940,
            "gross_margin": 35.52,
            "gross_margin_4q_avg": 39.98,
            "net_income": 62073,
            "revenue": 495262,
            "common_shares": 1130534,
            "book_valuer_per_share": 23.83,
            "book_valuer_per_share_4q_avg": 23.33,
            "equity": 2694438,
            "current_ratio": 167.8,
            "debt_ratio": 40.3,
            "inventory_turnover_ratio": 1.31,
            "account_receivable_turnover_ratio": 1.33,
            "reinvestment_rate": 90.88,
            "research_to_sale_ratio": 1.11,
            "price_fair": 177.8,
            "eps_avg_yearly": 5.08,
            "eps_latest_yearly": 2.2,
            "eps_growth_yearly": 64.14
        },
        "20173": {
            "year_quarter": 20173,
            "year": 2017,
            "quarter": 3,
            "eps": 0.44,
            "eps_growth_year": -78,
            "eps_4q": 2.3,
            "eps_4q_growth_year": -63.43,
            "roe": 2.28,
            "roe_4q": 12.18,
            "gross_profit": 142411,
            "gross_margin": 30.19,
            "gross_margin_4q_avg": 34.81,
            "net_income": 62213,
            "revenue": 471677,
            "common_shares": 1401862,
            "book_valuer_per_share": 19.66,
            "book_valuer_per_share_4q_avg": 22.71,
            "equity": 2756595,
            "current_ratio": 216.54,
            "debt_ratio": 39.01,
            "inventory_turnover_ratio": 1.22,
            "account_receivable_turnover_ratio": 1.36,
            "reinvestment_rate": 86.99,
            "research_to_sale_ratio": 1.05,
            "price_fair": 176.4,
            "eps_avg_yearly": 5.04,
            "eps_latest_yearly": 1.76,
            "eps_growth_yearly": 60.7
        },
        "20174": {
            "year_quarter": 20174,
            "year": 2017,
            "quarter": 4,
            "eps": 0.24,
            "eps_growth_year": -81.97,
            "eps_4q": 1.47,
            "eps_4q_growth_year": -76.49,
            "roe": 1.2,
            "roe_4q": 7.59,
            "gross_profit": 114212,
            "gross_margin": 27.35,
            "gross_margin_4q_avg": 31.47,
            "net_income": 33401,
            "revenue": 417566,
            "common_shares": 1401862,
            "book_valuer_per_share": 19.89,
            "book_valuer_per_share_4q_avg": 21.82,
            "equity": 2788919,
            "current_ratio": 166.18,
            "debt_ratio": 38.48,
            "inventory_turnover_ratio": 0.99,
            "account_receivable_turnover_ratio": 1.33,
            "reinvestment_rate": 90.44,
            "research_to_sale_ratio": 1.33,
            "price_fair": 170.36,
            "eps_avg_yearly": 4.87,
            "eps_latest_yearly": 0.96,
            "eps_growth_yearly": 35.59
        },
        "20181": {
            "year_quarter": 20181,
            "year": 2018,
            "quarter": 1,
            "eps": 0.75,
            "eps_growth_year": 74.42,
            "eps_4q": 1.87,
            "eps_4q_growth_year": -58.48,
            "roe": 3.69,
            "roe_4q": 9.469999999999999,
            "gross_profit": 188621,
            "gross_margin": 33.67,
            "gross_margin_4q_avg": 31.68,
            "net_income": 104767,
            "revenue": 560194,
            "common_shares": 1401862,
            "book_valuer_per_share": 20.63,
            "book_valuer_per_share_4q_avg": 21,
            "equity": 2891634,
            "current_ratio": 170.63,
            "debt_ratio": 39.11,
            "inventory_turnover_ratio": 1.21,
            "account_receivable_turnover_ratio": 1.66,
            "reinvestment_rate": 90.89,
            "research_to_sale_ratio": 0.8,
            "price_fair": 170.45,
            "eps_avg_yearly": 4.87,
            "eps_latest_yearly": 3,
            "eps_growth_yearly": 93.82
        },
        "20182": {
            "year_quarter": 20182,
            "year": 2018,
            "quarter": 2,
            "eps": 0.5,
            "eps_growth_year": -9.09,
            "eps_4q": 1.82,
            "eps_4q_growth_year": -47.59,
            "roe": 2.41,
            "roe_4q": 9.58,
            "gross_profit": 121636,
            "gross_margin": 26.2,
            "gross_margin_4q_avg": 29.35,
            "net_income": 69847,
            "revenue": 464254,
            "common_shares": 1401862,
            "book_valuer_per_share": 20.73,
            "book_valuer_per_share_4q_avg": 20.23,
            "equity": 2905828,
            "current_ratio": 204.27,
            "debt_ratio": 37.07,
            "inventory_turnover_ratio": 1.11,
            "account_receivable_turnover_ratio": 1.31,
            "reinvestment_rate": 95.44,
            "research_to_sale_ratio": 1.06,
            "price_fair": 171.68,
            "eps_avg_yearly": 4.91,
            "eps_latest_yearly": 2,
            "eps_growth_yearly": 98.33
        },
        "20183": {
            "year_quarter": 20183,
            "year": 2018,
            "quarter": 3,
            "eps": 0.48,
            "eps_growth_year": 9.09,
            "eps_4q": 1.88,
            "eps_4q_growth_year": -18.25,
            "roe": 2.42,
            "roe_4q": 9.719999999999999,
            "gross_profit": 158075,
            "gross_margin": 29.17,
            "gross_margin_4q_avg": 29.1,
            "net_income": 71206,
            "revenue": 541848,
            "common_shares": 1485974,
            "book_valuer_per_share": 20.03,
            "book_valuer_per_share_4q_avg": 20.32,
            "equity": 2977087,
            "current_ratio": 187.78,
            "debt_ratio": 38.32,
            "inventory_turnover_ratio": 1.18,
            "account_receivable_turnover_ratio": 1.5,
            "reinvestment_rate": 100.64,
            "research_to_sale_ratio": 1.14,
            "price_fair": 166.95,
            "eps_avg_yearly": 4.77,
            "eps_latest_yearly": 1.92,
            "eps_growth_yearly": 51.49
        },
        "20184": {
            "year_quarter": 20184,
            "year": 2018,
            "quarter": 4,
            "eps": 0.42,
            "eps_growth_year": 76.14,
            "eps_4q": 2.07,
            "eps_4q_growth_year": 40.97,
            "roe": 2.07,
            "roe_4q": 10.59,
            "gross_profit": 116566,
            "gross_margin": 24.26,
            "gross_margin_4q_avg": 28.33,
            "net_income": 62361,
            "revenue": 480433,
            "common_shares": 1485974,
            "book_valuer_per_share": 20.45,
            "book_valuer_per_share_4q_avg": 20.46,
            "equity": 3038777,
            "current_ratio": 264.61,
            "debt_ratio": 37.46,
            "inventory_turnover_ratio": 1.1,
            "account_receivable_turnover_ratio": 1.4,
            "reinvestment_rate": 102.44,
            "research_to_sale_ratio": 0.91,
            "price_fair": 157.5,
            "eps_avg_yearly": 4.5,
            "eps_latest_yearly": 1.68,
            "eps_growth_yearly": 36.6
        },
        "20191": {
            "year_quarter": 20191,
            "year": 2019,
            "quarter": 1,
            "eps": 0.83,
            "eps_growth_year": 10.67,
            "eps_4q": 2.2,
            "eps_4q_growth_year": 17.47,
            "roe": 3.98,
            "roe_4q": 10.879999999999999,
            "gross_profit": 217585,
            "gross_margin": 34.25,
            "gross_margin_4q_avg": 28.47,
            "net_income": 123380,
            "revenue": 635240,
            "common_shares": 1485974,
            "book_valuer_per_share": 21.29,
            "book_valuer_per_share_4q_avg": 20.63,
            "equity": 3162984,
            "current_ratio": 212.77,
            "debt_ratio": 38.16,
            "inventory_turnover_ratio": 1.32,
            "account_receivable_turnover_ratio": 1.84,
            "reinvestment_rate": 113.53,
            "research_to_sale_ratio": 0.86,
            "price_fair": 149.01,
            "eps_avg_yearly": 4.26,
            "eps_latest_yearly": 3.32,
            "eps_growth_yearly": 56.01
        },
        "20192": {
            "year_quarter": 20192,
            "year": 2019,
            "quarter": 2,
            "eps": 0.54,
            "eps_growth_year": 8,
            "eps_4q": 2.09,
            "eps_4q_growth_year": 14.97,
            "roe": 2.51,
            "roe_4q": 10.98,
            "gross_profit": 170109,
            "gross_margin": 29.63,
            "gross_margin_4q_avg": 29.33,
            "net_income": 79841,
            "revenue": 574159,
            "common_shares": 1485974,
            "book_valuer_per_share": 21.48,
            "book_valuer_per_share_4q_avg": 20.81,
            "equity": 3191164,
            "current_ratio": 197.22,
            "debt_ratio": 36.41,
            "inventory_turnover_ratio": 1.31,
            "account_receivable_turnover_ratio": 1.59,
            "reinvestment_rate": 115.21,
            "research_to_sale_ratio": 0.9,
            "price_fair": 137.55,
            "eps_avg_yearly": 3.93,
            "eps_latest_yearly": 2.16,
            "eps_growth_yearly": 46.58
        },
        "20193": {
            "year_quarter": 20193,
            "year": 2019,
            "quarter": 3,
            "eps": 0.82,
            "eps_growth_year": 70.83,
            "eps_4q": 2.47,
            "eps_4q_growth_year": 31.6,
            "roe": 4.07,
            "roe_4q": 12.63,
            "gross_profit": 230913,
            "gross_margin": 36.46,
            "gross_margin_4q_avg": 31.15,
            "net_income": 132734,
            "revenue": 633377,
            "common_shares": 1610796,
            "book_valuer_per_share": 20.63,
            "book_valuer_per_share_4q_avg": 20.96,
            "equity": 3323719,
            "current_ratio": 262.78,
            "debt_ratio": 35.88,
            "inventory_turnover_ratio": 1.33,
            "account_receivable_turnover_ratio": 1.7,
            "reinvestment_rate": 94.71,
            "research_to_sale_ratio": 0.72,
            "price_fair": 128.01,
            "eps_avg_yearly": 3.66,
            "eps_latest_yearly": 3.28,
            "eps_growth_yearly": 58.73
        },
        "20194": {
            "year_quarter": 20194,
            "year": 2019,
            "quarter": 4,
            "eps": 0.17,
            "eps_growth_year": -58.44,
            "eps_4q": 2.26,
            "eps_4q_growth_year": 8.97,
            "roe": 0.84,
            "roe_4q": 11.4,
            "gross_profit": 123169,
            "gross_margin": 26.9,
            "gross_margin_4q_avg": 31.81,
            "net_income": 28091,
            "revenue": 457898,
            "common_shares": 1610796,
            "book_valuer_per_share": 20.64,
            "book_valuer_per_share_4q_avg": 21.01,
            "equity": 3325158,
            "current_ratio": 292.66,
            "debt_ratio": 33.74,
            "inventory_turnover_ratio": 1.18,
            "account_receivable_turnover_ratio": 1.25,
            "reinvestment_rate": 98.94,
            "research_to_sale_ratio": 1.19,
            "price_fair": 114.89,
            "eps_avg_yearly": 3.28,
            "eps_latest_yearly": 0.68,
            "eps_growth_yearly": 42.05
        },
        "20201": {
            "year_quarter": 20201,
            "year": 2020,
            "quarter": 1,
            "eps": 0.16,
            "eps_growth_year": -80.72,
            "eps_4q": 1.66,
            "eps_4q_growth_year": -24.74,
            "roe": 0.78,
            "roe_4q": 8.2,
            "gross_profit": 87672,
            "gross_margin": 21.97,
            "gross_margin_4q_avg": 28.74,
            "net_income": 25948,
            "revenue": 399135,
            "common_shares": 1610796,
            "book_valuer_per_share": 20.81,
            "book_valuer_per_share_4q_avg": 20.89,
            "equity": 3352841,
            "current_ratio": 259.96,
            "debt_ratio": 36.03,
            "inventory_turnover_ratio": 1.11,
            "account_receivable_turnover_ratio": 1.39,
            "reinvestment_rate": 68.8,
            "research_to_sale_ratio": 1.3,
            "price_fair": 92.66,
            "eps_avg_yearly": 2.65,
            "eps_latest_yearly": 0.64,
            "eps_growth_yearly": 25.16
        },
        "20202": {
            "year_quarter": 20202,
            "year": 2020,
            "quarter": 2,
            "eps": -0.42,
            "eps_growth_year": -177.78,
            "eps_4q": 0.69,
            "eps_4q_growth_year": -67.01,
            "roe": -2.06,
            "roe_4q": 3.6300000000000003,
            "gross_profit": -53033,
            "gross_margin": -25.14,
            "gross_margin_4q_avg": 15.05,
            "net_income": -67666,
            "revenue": 210973,
            "common_shares": 1610796,
            "book_valuer_per_share": 19.89,
            "book_valuer_per_share_4q_avg": 20.49,
            "equity": 3203506,
            "current_ratio": 247.78,
            "debt_ratio": 35.63,
            "inventory_turnover_ratio": 0.99,
            "account_receivable_turnover_ratio": 0.96,
            "reinvestment_rate": 72.72,
            "research_to_sale_ratio": 1.95,
            "price_fair": 90.07,
            "eps_avg_yearly": 2.57,
            "eps_latest_yearly": 0.64,
            "eps_growth_yearly": 44.22
        },
        "20203": {
            "year_quarter": 20203,
            "year": 2020,
            "quarter": 3,
            "eps": -0.23,
            "eps_growth_year": -128.05,
            "eps_4q": -0.31,
            "eps_4q_growth_year": -112.36,
            "roe": -1.23,
            "roe_4q": -1.67,
            "gross_profit": 7422,
            "gross_margin": 2.24,
            "gross_margin_4q_avg": 6.49,
            "net_income": -39131,
            "revenue": 330901,
            "common_shares": 1726773,
            "book_valuer_per_share": 18.3,
            "book_valuer_per_share_4q_avg": 19.91,
            "equity": 3160498,
            "current_ratio": 258.74,
            "debt_ratio": 36.26,
            "inventory_turnover_ratio": 1.37,
            "account_receivable_turnover_ratio": 1.71,
            "reinvestment_rate": 89.31,
            "research_to_sale_ratio": 1.57,
            "price_fair": 55,
            "eps_avg_yearly": 2.19,
            "eps_latest_yearly": 0.64,
            "eps_growth_yearly": 15.16
        },
        "20204": {
            "year_quarter": 20204,
            "year": 2020,
            "quarter": 4,
            "eps": -0.16,
            "eps_growth_year": -192.28,
            "eps_4q": -0.63,
            "eps_4q_growth_year": -127.84,
            "roe": -0.89,
            "roe_4q": -3.3999999999999995,
            "gross_profit": 4724,
            "gross_margin": 1.71,
            "gross_margin_4q_avg": 0.19,
            "net_income": -27789,
            "revenue": 276156,
            "common_shares": 1726773,
            "book_valuer_per_share": 18.04,
            "book_valuer_per_share_4q_avg": 19.26,
            "equity": 3114979,
            "current_ratio": 265.53,
            "debt_ratio": 37.22,
            "inventory_turnover_ratio": 1.34,
            "account_receivable_turnover_ratio": 1.38,
            "reinvestment_rate": 74.88,
            "research_to_sale_ratio": 2.17,
            "price_fair": 68.17,
            "eps_avg_yearly": 1.95,
            "eps_latest_yearly": 0.64,
            "eps_growth_yearly": 26.79
        },
        "20211": {
            "year_quarter": 20211,
            "year": 2021,
            "quarter": 1,
            "eps": -0.33,
            "eps_growth_year": -306.25,
            "eps_4q": -1.11,
            "eps_4q_growth_year": -167.27,
            "roe": -1.87,
            "roe_4q": -6.050000000000001,
            "gross_profit": -28850,
            "gross_margin": -12.92,
            "gross_margin_4q_avg": -8.53,
            "net_income": -57685,
            "revenue": 223377,
            "common_shares": 1726773,
            "book_valuer_per_share": 17.71,
            "book_valuer_per_share_4q_avg": 18.49,
            "equity": 3057689,
            "current_ratio": 240.21,
            "debt_ratio": 38.47,
            "inventory_turnover_ratio": 1.3,
            "account_receivable_turnover_ratio": 1.34,
            "reinvestment_rate": 84.48,
            "research_to_sale_ratio": 1.99,
            "price_fair": 68.83,
            "eps_avg_yearly": 1.97,
            "eps_latest_yearly": 0.64,
            "eps_growth_yearly": 51.5
        },
        "20212": {
            "year_quarter": 20212,
            "year": 2021,
            "quarter": 2,
            "eps": -0.67,
            "eps_growth_year": null,
            "eps_4q": -1.39,
            "eps_4q_growth_year": -301.96,
            "roe": -3.87,
            "roe_4q": -7.859999999999999,
            "gross_profit": -84592,
            "gross_margin": -50.52,
            "gross_margin_4q_avg": -14.87,
            "net_income": -115945,
            "revenue": 167442,
            "common_shares": 1726773,
            "book_valuer_per_share": 17.01,
            "book_valuer_per_share_4q_avg": 17.77,
            "equity": 2937255,
            "current_ratio": 211.78,
            "debt_ratio": 41.03,
            "inventory_turnover_ratio": 1.27,
            "account_receivable_turnover_ratio": 1.28,
            "reinvestment_rate": 42.8,
            "research_to_sale_ratio": 3,
            "price_fair": 68.09,
            "eps_avg_yearly": 1.95,
            "eps_latest_yearly": 0.64,
            "eps_growth_yearly": 46.03
        },
        "20213": {
            "year_quarter": 20213,
            "year": 2021,
            "quarter": 3,
            "eps": -0.58,
            "eps_growth_year": null,
            "eps_4q": -1.74,
            "eps_4q_growth_year": null,
            "roe": -3.45,
            "roe_4q": -10.080000000000002,
            "gross_profit": -83210,
            "gross_margin": -76.78,
            "gross_margin_4q_avg": -34.63,
            "net_income": -99500,
            "revenue": 108378,
            "common_shares": 1726773,
            "book_valuer_per_share": 16.38,
            "book_valuer_per_share_4q_avg": 17.29,
            "equity": 2827834,
            "current_ratio": 177.49,
            "debt_ratio": 43.52,
            "inventory_turnover_ratio": 0.8,
            "account_receivable_turnover_ratio": 1.13,
            "reinvestment_rate": 59.88,
            "research_to_sale_ratio": 3.1,
            "price_fair": 68.74,
            "eps_avg_yearly": 1.96,
            "eps_latest_yearly": 0.64,
            "eps_growth_yearly": 58.64
        },
        "20214": {
            "year_quarter": 20214,
            "year": 2021,
            "quarter": 4,
            "eps": -0.57,
            "eps_growth_year": null,
            "eps_4q": -2.15,
            "eps_4q_growth_year": null,
            "roe": -3.54,
            "roe_4q": -12.73,
            "gross_profit": -72523,
            "gross_margin": -50.47,
            "gross_margin_4q_avg": -47.67,
            "net_income": -98440,
            "revenue": 143699,
            "common_shares": 1726773,
            "book_valuer_per_share": 15.79,
            "book_valuer_per_share_4q_avg": 16.72,
            "equity": 2727322,
            "current_ratio": 193.94,
            "debt_ratio": 45.03,
            "inventory_turnover_ratio": 0.75,
            "account_receivable_turnover_ratio": 1.55,
            "reinvestment_rate": 47.97,
            "research_to_sale_ratio": 1.98,
            "price_fair": 72.64,
            "eps_avg_yearly": 2.08,
            "eps_latest_yearly": 0.64,
            "eps_growth_yearly": 85.35
        },
        "20221": {
            "year_quarter": 20221,
            "year": 2022,
            "quarter": 1,
            "eps": -0.49,
            "eps_growth_year": null,
            "eps_4q": -2.31,
            "eps_4q_growth_year": null,
            "roe": -3.17,
            "roe_4q": -14.030000000000001,
            "gross_profit": -53477,
            "gross_margin": -22.11,
            "gross_margin_4q_avg": -49.97,
            "net_income": -85350,
            "revenue": 241912,
            "common_shares": 1726773,
            "book_valuer_per_share": 15.39,
            "book_valuer_per_share_4q_avg": 16.14,
            "equity": 2657650,
            "current_ratio": 147.09,
            "debt_ratio": 47.22,
            "inventory_turnover_ratio": 1.04,
            "account_receivable_turnover_ratio": 1.76,
            "reinvestment_rate": 827.44,
            "research_to_sale_ratio": 1.46,
            "price_fair": 5.88,
            "eps_avg_yearly": 1.96,
            "eps_latest_yearly": 0.64,
            "eps_growth_yearly": -10.23
        },
        "20222": {
            "year_quarter": 20222,
            "year": 2022,
            "quarter": 2,
            "eps": -0.2,
            "eps_growth_year": null,
            "eps_4q": -1.84,
            "eps_4q_growth_year": null,
            "roe": -1.33,
            "roe_4q": -11.489999999999998,
            "gross_profit": 10794,
            "gross_margin": 3.13,
            "gross_margin_4q_avg": -36.56,
            "net_income": -35207,
            "revenue": 345212,
            "common_shares": 1726773,
            "book_valuer_per_share": 15.29,
            "book_valuer_per_share_4q_avg": 15.71,
            "equity": 2640300,
            "current_ratio": 131.44,
            "debt_ratio": 47.21,
            "inventory_turnover_ratio": 1.3,
            "account_receivable_turnover_ratio": 1.85,
            "reinvestment_rate": null,
            "research_to_sale_ratio": 1.2,
            "price_fair": 33.93,
            "eps_avg_yearly": 1.95,
            "eps_latest_yearly": 0.64,
            "eps_growth_yearly": 7.36
        },
        "20223": {
            "year_quarter": 20223,
            "year": 2022,
            "quarter": 3,
            "eps": 0.13,
            "eps_growth_year": null,
            "eps_4q": -1.14,
            "eps_4q_growth_year": null,
            "roe": 0.82,
            "roe_4q": -7.220000000000001,
            "gross_profit": 47018,
            "gross_margin": 12.36,
            "gross_margin_4q_avg": -14.27,
            "net_income": 21826,
            "revenue": 380344,
            "common_shares": 1726773,
            "book_valuer_per_share": 15.61,
            "book_valuer_per_share_4q_avg": 15.52,
            "equity": 2695226,
            "current_ratio": 125.24,
            "debt_ratio": 45.9,
            "inventory_turnover_ratio": 1.38,
            "account_receivable_turnover_ratio": 1.77,
            "reinvestment_rate": null,
            "research_to_sale_ratio": 1,
            "price_fair": 41.66,
            "eps_avg_yearly": 1.96,
            "eps_latest_yearly": 0.64,
            "eps_growth_yearly": 11.25
        },
        "20224": {
            "year_quarter": 20224,
            "year": 2022,
            "quarter": 4,
            "eps": 0.11,
            "eps_growth_year": null,
            "eps_4q": -0.46,
            "eps_4q_growth_year": null,
            "roe": 0.71,
            "roe_4q": -2.97,
            "gross_profit": 119835,
            "gross_margin": 27.82,
            "gross_margin_4q_avg": 5.3,
            "net_income": 19250,
            "revenue": 430751,
            "common_shares": 1726773,
            "book_valuer_per_share": 15.62,
            "book_valuer_per_share_4q_avg": 15.48,
            "equity": 2697455,
            "current_ratio": 154.45,
            "debt_ratio": 45.01,
            "inventory_turnover_ratio": 1.22,
            "account_receivable_turnover_ratio": 1.67,
            "reinvestment_rate": null,
            "research_to_sale_ratio": 1.18,
            "price_fair": 33.89,
            "eps_avg_yearly": 1.75,
            "eps_latest_yearly": 0.44,
            "eps_growth_yearly": 9.33
        },
        "20231": {
            "year_quarter": 20231,
            "year": 2023,
            "quarter": 1,
            "eps": 0.06,
            "eps_growth_year": null,
            "eps_4q": 0.09,
            "eps_4q_growth_year": null,
            "roe": 0.35,
            "roe_4q": 0.5499999999999998,
            "gross_profit": 90686,
            "gross_margin": 23.89,
            "gross_margin_4q_avg": 16.8,
            "net_income": 9526,
            "revenue": 379641,
            "common_shares": 1726773,
            "book_valuer_per_share": 15.64,
            "book_valuer_per_share_4q_avg": 15.54,
            "equity": 2701525,
            "current_ratio": 125.58,
            "debt_ratio": 43.89,
            "inventory_turnover_ratio": 1.08,
            "account_receivable_turnover_ratio": 1.4,
            "reinvestment_rate": null,
            "research_to_sale_ratio": 1.18,
            "price_fair": 3.72,
            "eps_avg_yearly": 1.24,
            "eps_latest_yearly": 0.24,
            "eps_growth_yearly": -86.05
        }
    },
    "months": {
        "2005-09": {
            "month": "2005-09",
            "price": "22.50",
            "revenue": 32208
        },
        "2006-07": {
            "month": "2006-07",
            "price": "18.67",
            "revenue": 37651
        },
        "2006-10": {
            "month": "2006-10",
            "price": "16.07",
            "revenue": 41844
        },
        "2006-11": {
            "month": "2006-11",
            "price": "13.04",
            "revenue": 38992
        },
        "2006-12": {
            "month": "2006-12",
            "price": "13.20",
            "revenue": 34025
        },
        "2007-01": {
            "month": "2007-01",
            "price": "12.51",
            "revenue": 30634
        },
        "2007-02": {
            "month": "2007-02",
            "price": "12.18",
            "revenue": 20477
        },
        "2007-03": {
            "month": "2007-03",
            "price": "11.27",
            "revenue": 44656
        },
        "2007-04": {
            "month": "2007-04",
            "price": "11.74",
            "revenue": 32476
        },
        "2007-05": {
            "month": "2007-05",
            "price": "13.02",
            "revenue": 30386
        },
        "2007-06": {
            "month": "2007-06",
            "price": "12.27",
            "revenue": 26857
        },
        "2007-07": {
            "month": "2007-07",
            "price": "12.70",
            "revenue": 30605
        },
        "2007-08": {
            "month": "2007-08",
            "price": "12.21",
            "revenue": 40151
        },
        "2007-09": {
            "month": "2007-09",
            "price": "11.51",
            "revenue": 42325
        },
        "2007-10": {
            "month": "2007-10",
            "price": "11.34",
            "revenue": 48043
        },
        "2007-11": {
            "month": "2007-11",
            "price": "10.57",
            "revenue": 39686
        },
        "2007-12": {
            "month": "2007-12",
            "price": "9.89",
            "revenue": 33737
        },
        "2008-01": {
            "month": "2008-01",
            "price": "9.22",
            "revenue": 37497
        },
        "2008-02": {
            "month": "2008-02",
            "price": "8.47",
            "revenue": 33194
        },
        "2008-03": {
            "month": "2008-03",
            "price": "9.32",
            "revenue": 44900
        },
        "2008-04": {
            "month": "2008-04",
            "price": "10.00",
            "revenue": 41751
        },
        "2008-05": {
            "month": "2008-05",
            "price": "9.98",
            "revenue": 39846
        },
        "2008-06": {
            "month": "2008-06",
            "price": "9.70",
            "revenue": 38384
        },
        "2008-07": {
            "month": "2008-07",
            "price": "9.01",
            "revenue": 44308
        },
        "2008-08": {
            "month": "2008-08",
            "price": "8.46",
            "revenue": 43310
        },
        "2008-09": {
            "month": "2008-09",
            "price": "7.41",
            "revenue": 47511
        },
        "2008-10": {
            "month": "2008-10",
            "price": "6.01",
            "revenue": 55541
        },
        "2008-11": {
            "month": "2008-11",
            "price": "6.78",
            "revenue": 40291
        },
        "2008-12": {
            "month": "2008-12",
            "price": "8.16",
            "revenue": 47716
        },
        "2009-01": {
            "month": "2009-01",
            "price": "7.65",
            "revenue": 35133
        },
        "2009-02": {
            "month": "2009-02",
            "price": "7.23",
            "revenue": 39247
        },
        "2009-03": {
            "month": "2009-03",
            "price": "7.45",
            "revenue": 43647
        },
        "2009-04": {
            "month": "2009-04",
            "price": "8.63",
            "revenue": 41651
        },
        "2009-05": {
            "month": "2009-05",
            "price": "9.52",
            "revenue": 27395
        },
        "2009-06": {
            "month": "2009-06",
            "price": "9.46",
            "revenue": 33387
        },
        "2009-07": {
            "month": "2009-07",
            "price": "9.89",
            "revenue": 31962
        },
        "2009-08": {
            "month": "2009-08",
            "price": "10.98",
            "revenue": 51128
        },
        "2009-09": {
            "month": "2009-09",
            "price": "10.36",
            "revenue": 59650
        },
        "2009-10": {
            "month": "2009-10",
            "price": "10.83",
            "revenue": 60080
        },
        "2009-11": {
            "month": "2009-11",
            "price": "12.09",
            "revenue": 49620
        },
        "2009-12": {
            "month": "2009-12",
            "price": "12.46",
            "revenue": 57949
        },
        "2010-01": {
            "month": "2010-01",
            "price": "13.26",
            "revenue": 61770
        },
        "2010-02": {
            "month": "2010-02",
            "price": "12.72",
            "revenue": 41665
        },
        "2010-03": {
            "month": "2010-03",
            "price": "13.26",
            "revenue": 66575
        },
        "2010-04": {
            "month": "2010-04",
            "price": "17.17",
            "revenue": 64109
        },
        "2010-05": {
            "month": "2010-05",
            "price": "20.07",
            "revenue": 52449
        },
        "2010-06": {
            "month": "2010-06",
            "price": "19.94",
            "revenue": 46263
        },
        "2010-07": {
            "month": "2010-07",
            "price": "23.51",
            "revenue": 54143
        },
        "2010-08": {
            "month": "2010-08",
            "price": "27.67",
            "revenue": 54892
        },
        "2010-09": {
            "month": "2010-09",
            "price": "28.00",
            "revenue": 77880
        },
        "2010-10": {
            "month": "2010-10",
            "price": "28.17",
            "revenue": 67778
        },
        "2010-11": {
            "month": "2010-11",
            "price": "23.83",
            "revenue": 52246
        },
        "2010-12": {
            "month": "2010-12",
            "price": "22.56",
            "revenue": 64613
        },
        "2011-01": {
            "month": "2011-01",
            "price": "22.63",
            "revenue": 47465
        },
        "2011-02": {
            "month": "2011-02",
            "price": "19.52",
            "revenue": 30990
        },
        "2011-03": {
            "month": "2011-03",
            "price": "17.88",
            "revenue": 53978
        },
        "2011-04": {
            "month": "2011-04",
            "price": "18.50",
            "revenue": 48422
        },
        "2011-05": {
            "month": "2011-05",
            "price": "17.13",
            "revenue": 42611
        },
        "2011-06": {
            "month": "2011-06",
            "price": "15.34",
            "revenue": 41448
        },
        "2011-07": {
            "month": "2011-07",
            "price": "14.04",
            "revenue": 49666
        },
        "2011-08": {
            "month": "2011-08",
            "price": "13.22",
            "revenue": 54860
        },
        "2011-09": {
            "month": "2011-09",
            "price": "12.26",
            "revenue": 67000
        },
        "2011-10": {
            "month": "2011-10",
            "price": "11.58",
            "revenue": 67829
        },
        "2011-11": {
            "month": "2011-11",
            "price": "11.15",
            "revenue": 59188
        },
        "2011-12": {
            "month": "2011-12",
            "price": "10.19",
            "revenue": 55572
        },
        "2012-01": {
            "month": "2012-01",
            "price": "10.31",
            "revenue": 39958
        },
        "2012-02": {
            "month": "2012-02",
            "price": "12.42",
            "revenue": 65365
        },
        "2012-03": {
            "month": "2012-03",
            "price": "14.29",
            "revenue": 84273
        },
        "2012-04": {
            "month": "2012-04",
            "price": "14.91",
            "revenue": 87939
        },
        "2012-05": {
            "month": "2012-05",
            "price": "17.68",
            "revenue": 92489
        },
        "2012-06": {
            "month": "2012-06",
            "price": "21.91",
            "revenue": 76981
        },
        "2012-07": {
            "month": "2012-07",
            "price": "19.56",
            "revenue": 93759
        },
        "2012-08": {
            "month": "2012-08",
            "price": "21.42",
            "revenue": 100009
        },
        "2012-09": {
            "month": "2012-09",
            "price": "26.72",
            "revenue": 99092
        },
        "2012-10": {
            "month": "2012-10",
            "price": "27.06",
            "revenue": 105216
        },
        "2012-11": {
            "month": "2012-11",
            "price": "26.00",
            "revenue": 86978
        },
        "2012-12": {
            "month": "2012-12",
            "price": "25.66",
            "revenue": 92239
        },
        "2013-01": {
            "month": "2013-01",
            "price": "26.33",
            "revenue": 86092
        },
        "2013-02": {
            "month": "2013-02",
            "price": "27.88",
            "revenue": 68093
        },
        "2013-03": {
            "month": "2013-03",
            "price": "32.21",
            "revenue": 123947
        },
        "2013-04": {
            "month": "2013-04",
            "price": "33.44",
            "revenue": 119169
        },
        "2013-05": {
            "month": "2013-05",
            "price": "38.16",
            "revenue": 77049
        },
        "2013-06": {
            "month": "2013-06",
            "price": "35.86",
            "revenue": 72770
        },
        "2013-07": {
            "month": "2013-07",
            "price": "31.26",
            "revenue": 79333
        },
        "2013-08": {
            "month": "2013-08",
            "price": "29.25",
            "revenue": 96737
        },
        "2013-09": {
            "month": "2013-09",
            "price": "30.96",
            "revenue": 124216
        },
        "2013-10": {
            "month": "2013-10",
            "price": "36.09",
            "revenue": 133911
        },
        "2013-11": {
            "month": "2013-11",
            "price": "35.49",
            "revenue": 109803
        },
        "2013-12": {
            "month": "2013-12",
            "price": "33.78",
            "revenue": 103256
        },
        "2014-01": {
            "month": "2014-01",
            "price": "32.42",
            "revenue": 92439
        },
        "2014-02": {
            "month": "2014-02",
            "price": "32.08",
            "revenue": 89303
        },
        "2014-03": {
            "month": "2014-03",
            "price": "33.57",
            "revenue": 140246
        },
        "2014-04": {
            "month": "2014-04",
            "price": "38.22",
            "revenue": 118902
        },
        "2014-05": {
            "month": "2014-05",
            "price": "34.90",
            "revenue": 87679
        },
        "2014-06": {
            "month": "2014-06",
            "price": "34.03",
            "revenue": 75601
        },
        "2014-07": {
            "month": "2014-07",
            "price": "33.59",
            "revenue": 102765
        },
        "2014-08": {
            "month": "2014-08",
            "price": "32.48",
            "revenue": 128520
        },
        "2014-09": {
            "month": "2014-09",
            "price": "31.12",
            "revenue": 140015
        },
        "2014-10": {
            "month": "2014-10",
            "price": "33.04",
            "revenue": 143466
        },
        "2014-11": {
            "month": "2014-11",
            "price": "35.16",
            "revenue": 115383
        },
        "2014-12": {
            "month": "2014-12",
            "price": "33.49",
            "revenue": 145839
        },
        "2015-01": {
            "month": "2015-01",
            "price": "38.39",
            "revenue": 153038
        },
        "2015-02": {
            "month": "2015-02",
            "price": "48.18",
            "revenue": 118225
        },
        "2015-03": {
            "month": "2015-03",
            "price": "67.32",
            "revenue": 222553
        },
        "2015-04": {
            "month": "2015-04",
            "price": "114.93",
            "revenue": 209554
        },
        "2015-05": {
            "month": "2015-05",
            "price": "131.25",
            "revenue": 145092
        },
        "2015-06": {
            "month": "2015-06",
            "price": "157.79",
            "revenue": 163214
        },
        "2015-07": {
            "month": "2015-07",
            "price": "142.82",
            "revenue": 150886
        },
        "2015-08": {
            "month": "2015-08",
            "price": "123.40",
            "revenue": 167706
        },
        "2015-09": {
            "month": "2015-09",
            "price": "155.55",
            "revenue": 220947
        },
        "2015-10": {
            "month": "2015-10",
            "price": "181.83",
            "revenue": 202429
        },
        "2015-11": {
            "month": "2015-11",
            "price": "188.71",
            "revenue": 191731
        },
        "2015-12": {
            "month": "2015-12",
            "price": "160.00",
            "revenue": 240301
        },
        "2016-01": {
            "month": "2016-01",
            "price": "162.88",
            "revenue": 233022
        },
        "2016-02": {
            "month": "2016-02",
            "price": "190.92",
            "revenue": 199253
        },
        "2016-03": {
            "month": "2016-03",
            "price": "193.61",
            "revenue": 285330
        },
        "2016-04": {
            "month": "2016-04",
            "price": "162.68",
            "revenue": 183837
        },
        "2016-05": {
            "month": "2016-05",
            "price": "134.86",
            "revenue": 170334
        },
        "2016-06": {
            "month": "2016-06",
            "price": "138.24",
            "revenue": 186422
        },
        "2016-07": {
            "month": "2016-07",
            "price": "152.75",
            "revenue": 201315
        },
        "2016-08": {
            "month": "2016-08",
            "price": "158.52",
            "revenue": 219590
        },
        "2016-09": {
            "month": "2016-09",
            "price": "142.39",
            "revenue": 251292
        },
        "2016-10": {
            "month": "2016-10",
            "price": "126.88",
            "revenue": 211232
        },
        "2016-11": {
            "month": "2016-11",
            "price": "114.57",
            "revenue": 169012
        },
        "2016-12": {
            "month": "2016-12",
            "price": "111.71",
            "revenue": 166610
        },
        "2017-01": {
            "month": "2017-01",
            "price": "95.81",
            "revenue": 143815
        },
        "2017-02": {
            "month": "2017-02",
            "price": "88.56",
            "revenue": 138179
        },
        "2017-03": {
            "month": "2017-03",
            "price": "86.80",
            "revenue": 230988
        },
        "2017-04": {
            "month": "2017-04",
            "price": "79.51",
            "revenue": 165957
        },
        "2017-05": {
            "month": "2017-05",
            "price": "75.53",
            "revenue": 165389
        },
        "2017-06": {
            "month": "2017-06",
            "price": "82.91",
            "revenue": 163916
        },
        "2017-07": {
            "month": "2017-07",
            "price": "87.56",
            "revenue": 159124
        },
        "2017-08": {
            "month": "2017-08",
            "price": "81.92",
            "revenue": 161601
        },
        "2017-09": {
            "month": "2017-09",
            "price": "65.20",
            "revenue": 150951
        },
        "2017-10": {
            "month": "2017-10",
            "price": "57.59",
            "revenue": 127151
        },
        "2017-11": {
            "month": "2017-11",
            "price": "51.55",
            "revenue": 158528
        },
        "2017-12": {
            "month": "2017-12",
            "price": "48.67",
            "revenue": 131888
        },
        "2018-01": {
            "month": "2018-01",
            "price": "46.59",
            "revenue": 203563
        },
        "2018-02": {
            "month": "2018-02",
            "price": "46.80",
            "revenue": 126926
        },
        "2018-03": {
            "month": "2018-03",
            "price": "52.87",
            "revenue": 229705
        },
        "2018-04": {
            "month": "2018-04",
            "price": "45.34",
            "revenue": 167805
        },
        "2018-05": {
            "month": "2018-05",
            "price": "40.92",
            "revenue": 155199
        },
        "2018-06": {
            "month": "2018-06",
            "price": "39.06",
            "revenue": 141250
        },
        "2018-07": {
            "month": "2018-07",
            "price": "34.54",
            "revenue": 176797
        },
        "2018-08": {
            "month": "2018-08",
            "price": "38.12",
            "revenue": 183945
        },
        "2018-09": {
            "month": "2018-09",
            "price": "47.47",
            "revenue": 181106
        },
        "2018-10": {
            "month": "2018-10",
            "price": "41.74",
            "revenue": 201905
        },
        "2018-11": {
            "month": "2018-11",
            "price": "43.67",
            "revenue": 151895
        },
        "2018-12": {
            "month": "2018-12",
            "price": "41.75",
            "revenue": 126633
        },
        "2019-01": {
            "month": "2019-01",
            "price": "41.04",
            "revenue": 257523
        },
        "2019-02": {
            "month": "2019-02",
            "price": "45.49",
            "revenue": 144333
        },
        "2019-03": {
            "month": "2019-03",
            "price": "53.78",
            "revenue": 233383
        },
        "2019-04": {
            "month": "2019-04",
            "price": "71.58",
            "revenue": 235561
        },
        "2019-05": {
            "month": "2019-05",
            "price": "65.19",
            "revenue": 197735
        },
        "2019-06": {
            "month": "2019-06",
            "price": "67.66",
            "revenue": 140864
        },
        "2019-07": {
            "month": "2019-07",
            "price": "64.24",
            "revenue": 183343
        },
        "2019-08": {
            "month": "2019-08",
            "price": "58.72",
            "revenue": 236583
        },
        "2019-09": {
            "month": "2019-09",
            "price": "57.18",
            "revenue": 213451
        },
        "2019-10": {
            "month": "2019-10",
            "price": "52.51",
            "revenue": 180678
        },
        "2019-11": {
            "month": "2019-11",
            "price": "49.22",
            "revenue": 140463
        },
        "2019-12": {
            "month": "2019-12",
            "price": "47.34",
            "revenue": 136757
        },
        "2020-01": {
            "month": "2020-01",
            "price": "46.09",
            "revenue": 126774
        },
        "2020-02": {
            "month": "2020-02",
            "price": "39.87",
            "revenue": 149372
        },
        "2020-03": {
            "month": "2020-03",
            "price": "31.03",
            "revenue": 122989
        },
        "2020-04": {
            "month": "2020-04",
            "price": "30.16",
            "revenue": 64017
        },
        "2020-05": {
            "month": "2020-05",
            "price": "32.03",
            "revenue": 71404
        },
        "2020-06": {
            "month": "2020-06",
            "price": "34.12",
            "revenue": 75551
        },
        "2020-07": {
            "month": "2020-07",
            "price": "32.68",
            "revenue": 105752
        },
        "2020-08": {
            "month": "2020-08",
            "price": "31.50",
            "revenue": 115635
        },
        "2020-09": {
            "month": "2020-09",
            "price": "29.56",
            "revenue": 109515
        },
        "2020-10": {
            "month": "2020-10",
            "price": "27.52",
            "revenue": 81469
        },
        "2020-11": {
            "month": "2020-11",
            "price": "28.12",
            "revenue": 90756
        },
        "2020-12": {
            "month": "2020-12",
            "price": "28.71",
            "revenue": 103931
        },
        "2021-01": {
            "month": "2021-01",
            "price": "26.51",
            "revenue": 85240
        },
        "2021-02": {
            "month": "2021-02",
            "price": "26.17",
            "revenue": 53901
        },
        "2021-03": {
            "month": "2021-03",
            "price": "26.42",
            "revenue": 84314
        },
        "2021-04": {
            "month": "2021-04",
            "price": "26.78",
            "revenue": 51413
        },
        "2021-05": {
            "month": "2021-05",
            "price": "25.55",
            "revenue": 65759
        },
        "2021-06": {
            "month": "2021-06",
            "price": "24.33",
            "revenue": 50270
        },
        "2021-07": {
            "month": "2021-07",
            "price": "23.18",
            "revenue": 43511
        },
        "2021-08": {
            "month": "2021-08",
            "price": "20.48",
            "revenue": 39970
        },
        "2021-09": {
            "month": "2021-09",
            "price": "18.52",
            "revenue": 24897
        },
        "2021-10": {
            "month": "2021-10",
            "price": "18.82",
            "revenue": 27108
        },
        "2021-11": {
            "month": "2021-11",
            "price": "20.73",
            "revenue": 39974
        },
        "2021-12": {
            "month": "2021-12",
            "price": "22.01",
            "revenue": 76617
        },
        "2022-01": {
            "month": "2022-01",
            "price": "22.60",
            "revenue": 78077
        },
        "2022-02": {
            "month": "2022-02",
            "price": "23.03",
            "revenue": 61779
        },
        "2022-03": {
            "month": "2022-03",
            "price": "22.29",
            "revenue": 102056
        },
        "2022-04": {
            "month": "2022-04",
            "price": "24.00",
            "revenue": 117005
        },
        "2022-05": {
            "month": "2022-05",
            "price": "23.14",
            "revenue": 120243
        },
        "2022-06": {
            "month": "2022-06",
            "price": "25.80",
            "revenue": 107964
        },
        "2022-07": {
            "month": "2022-07",
            "price": "28.71",
            "revenue": 140625
        },
        "2022-08": {
            "month": "2022-08",
            "price": "30.29",
            "revenue": 120036
        },
        "2022-09": {
            "month": "2022-09",
            "price": "28.08",
            "revenue": 119683
        },
        "2022-10": {
            "month": "2022-10",
            "price": "23.06",
            "revenue": 123776
        },
        "2022-11": {
            "month": "2022-11",
            "price": "23.69",
            "revenue": 148599
        },
        "2022-12": {
            "month": "2022-12",
            "price": "25.98",
            "revenue": 158376
        },
        "2023-01": {
            "month": "2023-01",
            "price": "27.05",
            "revenue": 89583
        },
        "2023-02": {
            "month": "2023-02",
            "price": "26.98",
            "revenue": 147226
        },
        "2023-03": {
            "month": "2023-03",
            "price": "26.43",
            "revenue": 142832
        },
        "2023-04": {
            "month": "2023-04",
            "price": "25.13",
            "revenue": 75042
        }
    }
}
