{
    "summary": {
        "stock_name": "聚紡",
        "stock_id": "4429",
        "category": "紡織纖維",
        "main_business": "透濕防水機能性紡織品",
        "website_url": "http://www.gtex.com.tw",
        "ceo": "陳國欽",
        "pe_ratio": 51,
        "report_year_from": 2008,
        "report_year_to": 2022,
        "age": 15,
        "eps_negative_percentage": 36,
        "eps_growth_avg": {
            "last_all": -38.77,
            "last_2y": -100,
            "last_4y": -100,
            "last_8y": -61.17,
            "last_12y": -38.77,
            "last_16y": null,
            "last_20y": null,
            "at_2006_last_3y": null,
            "at_2007_last_3y": null,
            "at_2008_last_3y": null,
            "at_2009_last_3y": null,
            "at_2010_last_3y": null,
            "at_2011_last_3y": null,
            "at_2012_last_3y": null,
            "at_2013_last_3y": -10.76,
            "at_2014_last_3y": -31.72,
            "at_2015_last_3y": -39.31,
            "at_2016_last_3y": -31.55,
            "at_2017_last_3y": -51.46,
            "at_2018_last_3y": -57.51,
            "at_2019_last_3y": -72.09,
            "at_2020_last_3y": -100,
            "at_2021_last_3y": null,
            "at_2022_last_3y": -100,
            "at_2023_last_3y": -100,
            "at_2006_last_all": null,
            "at_2007_last_all": null,
            "at_2008_last_all": null,
            "at_2009_last_all": null,
            "at_2010_last_all": null,
            "at_2011_last_all": 26.26,
            "at_2012_last_all": -7.57,
            "at_2013_last_all": -10.76,
            "at_2014_last_all": -15.28,
            "at_2015_last_all": -17.45,
            "at_2016_last_all": -21.27,
            "at_2017_last_all": -31.11,
            "at_2018_last_all": -31.11,
            "at_2019_last_all": -31.11,
            "at_2020_last_all": -31.11,
            "at_2021_last_all": -31.11,
            "at_2022_last_all": -38.77,
            "at_2023_last_all": -38.77
        },
        "latest_eps": 0.8,
        "latest_price": 40.8,
        "latest_roe": 3.63,
        "latest_gross_margin": 19.19,
        "latest_equity": 769973,
        "latest_revenue": 256614,
        "latest_gross_profit": 49252,
        "latest_net_income": -987,
        "latest_debt_ratio": 40.3,
        "latest_current_ratio": 100.95,
        "latest_account_receivable_turnover_ratio": 1.23,
        "latest_inventory_turnover_ratio": 2.1,
        "latest_reinvestment_rate": null,
        "latest_research_to_sale_ratio": 2.91
    },
    "eps_dividends": {
        "2001": {
            "cash": 0,
            "stock": 0,
            "eps": 0
        },
        "2002": {
            "cash": 0,
            "stock": 0,
            "eps": 0
        },
        "2003": {
            "cash": 0,
            "stock": 0,
            "eps": 0
        },
        "2004": {
            "cash": 0,
            "stock": 0,
            "eps": 0
        },
        "2005": {
            "cash": 0,
            "stock": 0,
            "eps": 0
        },
        "2006": {
            "cash": 0,
            "stock": 0,
            "eps": 0
        },
        "2007": {
            "cash": 0,
            "stock": 0,
            "eps": 0
        },
        "2008": {
            "cash": 0,
            "stock": 0,
            "eps": 0
        },
        "2009": {
            "cash": 0,
            "stock": 0,
            "eps": 2.97
        },
        "2010": {
            "cash": 2,
            "stock": 1,
            "eps": 4.47
        },
        "2011": {
            "cash": 3.2,
            "stock": 0,
            "eps": 4.56
        },
        "2012": {
            "cash": 3.2,
            "stock": 0,
            "eps": 1.13
        },
        "2013": {
            "cash": 0.5,
            "stock": 0,
            "eps": 0.9
        },
        "2014": {
            "cash": 0.5,
            "stock": 0,
            "eps": 0.6
        },
        "2015": {
            "cash": 0.5,
            "stock": 0,
            "eps": 0.43
        },
        "2016": {
            "cash": 0.5,
            "stock": 0,
            "eps": 0.24
        },
        "2017": {
            "cash": 0.5,
            "stock": 0,
            "eps": -1.89
        },
        "2018": {
            "cash": 0,
            "stock": 0,
            "eps": -0.8
        },
        "2019": {
            "cash": 0,
            "stock": 0,
            "eps": -4.75
        },
        "2020": {
            "cash": 0,
            "stock": 0,
            "eps": -1.24
        },
        "2021": {
            "cash": 0,
            "stock": 0,
            "eps": 1.4
        },
        "2022": {
            "cash": 0,
            "stock": 0,
            "eps": -0.03
        }
    },
    "dividends": {
        "2010-03-16": {
            "cash": 2,
            "stock": 1
        },
        "2011-03-22": {
            "cash": 3.2,
            "stock": 0
        },
        "2012-06-13": {
            "cash": 3.2,
            "stock": 0
        },
        "2013-06-11": {
            "cash": 0.5,
            "stock": 0
        },
        "2014-08-15": {
            "cash": 0.5,
            "stock": 0
        },
        "2015-08-07": {
            "cash": 0.5,
            "stock": 0
        },
        "2016-08-19": {
            "cash": 0.5,
            "stock": 0
        },
        "2017-08-18": {
            "cash": 0.5,
            "stock": 0
        }
    },
    "prices": {
        "200101": "無",
        "200102": "無",
        "200103": "無",
        "200104": "無",
        "200105": "無",
        "200106": "無",
        "200107": "無",
        "200108": "無",
        "200109": "無",
        "200110": "無",
        "200111": "無",
        "200112": "無",
        "200201": "無",
        "200202": "無",
        "200203": "無",
        "200204": "無",
        "200205": "無",
        "200206": "無",
        "200207": "無",
        "200208": "無",
        "200209": "無",
        "200210": "無",
        "200211": "無",
        "200212": "無",
        "200301": "無",
        "200302": "無",
        "200303": "無",
        "200304": "無",
        "200305": "無",
        "200306": "無",
        "200307": "無",
        "200308": "無",
        "200309": "無",
        "200310": "無",
        "200311": "無",
        "200312": "無",
        "200401": "無",
        "200402": "無",
        "200403": "無",
        "200404": "無",
        "200405": "無",
        "200406": "無",
        "200407": "無",
        "200408": "無",
        "200409": "無",
        "200410": "無",
        "200411": "無",
        "200412": "無",
        "200501": "無",
        "200502": "無",
        "200503": "無",
        "200504": "無",
        "200505": "無",
        "200506": "無",
        "200507": "無",
        "200508": "無",
        "200509": "無",
        "200510": "無",
        "200511": "無",
        "200512": "無",
        "200601": "無",
        "200602": "無",
        "200603": "無",
        "200604": "無",
        "200605": "無",
        "200606": "無",
        "200607": "無",
        "200608": "無",
        "200609": "無",
        "200610": "無",
        "200611": "無",
        "200612": "無",
        "200701": "無",
        "200702": "無",
        "200703": "無",
        "200704": "無",
        "200705": "無",
        "200706": "無",
        "200707": "無",
        "200708": "無",
        "200709": "無",
        "200710": "無",
        "200711": "無",
        "200712": "無",
        "200801": "無",
        "200802": "無",
        "200803": "無",
        "200804": "無",
        "200805": "無",
        "200806": "無",
        "200807": "無",
        "200808": "無",
        "200809": "無",
        "200810": "無",
        "200811": "無",
        "200812": "無",
        "200901": "無",
        "200902": "無",
        "200903": "無",
        "200904": "無",
        "200905": "無",
        "200906": "無",
        "200907": "無",
        "200908": "無",
        "200909": "48.80",
        "200910": "47.74",
        "200911": "44.20",
        "200912": "45.23",
        "201001": "44.71",
        "201002": "42.76",
        "201003": "43.93",
        "201004": "48.53",
        "201005": "54.27",
        "201006": "53.65",
        "201007": "50.41",
        "201008": "52.81",
        "201009": "59.27",
        "201010": "57.35",
        "201011": "52.51",
        "201012": "52.28",
        "201101": "50.65",
        "201102": "49.58",
        "201103": "48.45",
        "201104": "52.27",
        "201105": "55.18",
        "201106": "51.97",
        "201107": "50.86",
        "201108": "46.61",
        "201109": "43.73",
        "201110": "40.74",
        "201111": "38.49",
        "201112": "37.29",
        "201201": "38.76",
        "201202": "41.92",
        "201203": "45.36",
        "201204": "42.26",
        "201205": "39.28",
        "201206": "37.88",
        "201207": "34.20",
        "201208": "33.01",
        "201209": "32.92",
        "201210": "31.92",
        "201211": "27.45",
        "201212": "27.95",
        "201301": "28.14",
        "201302": "27.75",
        "201303": "27.97",
        "201304": "26.02",
        "201305": "25.92",
        "201306": "29.04",
        "201307": "28.15",
        "201308": "27.45",
        "201309": "26.94",
        "201310": "29.07",
        "201311": "34.30",
        "201312": "34.49",
        "201401": "31.38",
        "201402": "30.96",
        "201403": "31.93",
        "201404": "32.97",
        "201405": "33.46",
        "201406": "32.55",
        "201407": "30.91",
        "201408": "30.18",
        "201409": "29.48",
        "201410": "29.09",
        "201411": "28.00",
        "201412": "27.41",
        "201501": "27.82",
        "201502": "28.01",
        "201503": "28.01",
        "201504": "28.02",
        "201505": "29.91",
        "201506": "30.14",
        "201507": "25.82",
        "201508": "21.89",
        "201509": "24.26",
        "201510": "23.30",
        "201511": "23.18",
        "201512": "23.65",
        "201601": "23.20",
        "201602": "23.02",
        "201603": "23.83",
        "201604": "24.02",
        "201605": "23.36",
        "201606": "23.04",
        "201607": "22.87",
        "201608": "22.47",
        "201609": "22.64",
        "201610": "22.67",
        "201611": "22.73",
        "201612": "22.65",
        "201701": "23.28",
        "201702": "23.10",
        "201703": "23.05",
        "201704": "23.00",
        "201705": "22.94",
        "201706": "23.11",
        "201707": "22.89",
        "201708": "22.59",
        "201709": "22.70",
        "201710": "23.06",
        "201711": "22.98",
        "201712": "22.61",
        "201801": "21.68",
        "201802": "21.59",
        "201803": "22.10",
        "201804": "21.51",
        "201805": "21.13",
        "201806": "21.50",
        "201807": "21.58",
        "201808": "22.50",
        "201809": "23.50",
        "201810": "21.39",
        "201811": "20.48",
        "201812": "21.64",
        "201901": "21.71",
        "201902": "21.73",
        "201903": "21.52",
        "201904": "20.89",
        "201905": "20.70",
        "201906": "21.15",
        "201907": "21.06",
        "201908": "21.09",
        "201909": "23.13",
        "201910": "32.83",
        "201911": "31.92",
        "201912": "31.98",
        "202001": "32.14",
        "202002": "34.55",
        "202003": "35.69",
        "202004": "36.01",
        "202005": "35.99",
        "202006": "34.52",
        "202007": "32.27",
        "202008": "30.97",
        "202009": "31.62",
        "202010": "29.37",
        "202011": "28.06",
        "202012": "28.25",
        "202101": "27.52",
        "202102": "28.85",
        "202103": "33.12",
        "202104": "35.76",
        "202105": "36.57",
        "202106": "35.96",
        "202107": "35.43",
        "202108": "36.12",
        "202109": "36.30",
        "202110": "38.11",
        "202111": "40.39",
        "202112": "40.47",
        "202201": "40.19",
        "202202": "40.14",
        "202203": "39.94",
        "202204": "39.79",
        "202205": "39.70",
        "202206": "無",
        "202207": "無",
        "202208": "無",
        "202209": "無",
        "202210": "無",
        "202211": "無",
        "202212": "無",
        "202301": "無",
        "202302": "無",
        "202303": "無",
        "202304": "無",
        "202305": "無",
        "202306": "無",
        "202307": "無",
        "202308": "無",
        "202309": "無"
    },
    "quarters": {
        "20011": {
            "year_quarter": 20011,
            "year": 2001,
            "quarter": 1,
            "eps": null,
            "eps_growth_year": null,
            "eps_4q": null,
            "eps_4q_growth_year": null,
            "roe": null,
            "roe_4q": 0,
            "gross_profit": null,
            "gross_margin": null,
            "gross_margin_4q_avg": 0,
            "net_income": null,
            "revenue": null,
            "common_shares": null,
            "book_valuer_per_share": null,
            "book_valuer_per_share_4q_avg": 0,
            "equity": null,
            "current_ratio": null,
            "debt_ratio": null,
            "inventory_turnover_ratio": null,
            "account_receivable_turnover_ratio": null,
            "reinvestment_rate": null,
            "research_to_sale_ratio": null,
            "price_fair": 0,
            "eps_avg_yearly": 0,
            "eps_latest_yearly": 0,
            "eps_growth_yearly": 0
        },
        "20012": {
            "year_quarter": 20012,
            "year": 2001,
            "quarter": 2,
            "eps": null,
            "eps_growth_year": null,
            "eps_4q": null,
            "eps_4q_growth_year": null,
            "roe": null,
            "roe_4q": 0,
            "gross_profit": null,
            "gross_margin": null,
            "gross_margin_4q_avg": 0,
            "net_income": null,
            "revenue": null,
            "common_shares": null,
            "book_valuer_per_share": null,
            "book_valuer_per_share_4q_avg": 0,
            "equity": null,
            "current_ratio": null,
            "debt_ratio": null,
            "inventory_turnover_ratio": null,
            "account_receivable_turnover_ratio": null,
            "reinvestment_rate": null,
            "research_to_sale_ratio": null,
            "price_fair": 0,
            "eps_avg_yearly": 0,
            "eps_latest_yearly": 0,
            "eps_growth_yearly": 0
        },
        "20013": {
            "year_quarter": 20013,
            "year": 2001,
            "quarter": 3,
            "eps": null,
            "eps_growth_year": null,
            "eps_4q": null,
            "eps_4q_growth_year": null,
            "roe": null,
            "roe_4q": 0,
            "gross_profit": null,
            "gross_margin": null,
            "gross_margin_4q_avg": 0,
            "net_income": null,
            "revenue": null,
            "common_shares": null,
            "book_valuer_per_share": null,
            "book_valuer_per_share_4q_avg": 0,
            "equity": null,
            "current_ratio": null,
            "debt_ratio": null,
            "inventory_turnover_ratio": null,
            "account_receivable_turnover_ratio": null,
            "reinvestment_rate": null,
            "research_to_sale_ratio": null,
            "price_fair": 0,
            "eps_avg_yearly": 0,
            "eps_latest_yearly": 0,
            "eps_growth_yearly": 0
        },
        "20014": {
            "year_quarter": 20014,
            "year": 2001,
            "quarter": 4,
            "eps": null,
            "eps_growth_year": null,
            "eps_4q": null,
            "eps_4q_growth_year": null,
            "roe": null,
            "roe_4q": 0,
            "gross_profit": null,
            "gross_margin": null,
            "gross_margin_4q_avg": 0,
            "net_income": null,
            "revenue": null,
            "common_shares": null,
            "book_valuer_per_share": null,
            "book_valuer_per_share_4q_avg": 0,
            "equity": null,
            "current_ratio": null,
            "debt_ratio": null,
            "inventory_turnover_ratio": null,
            "account_receivable_turnover_ratio": null,
            "reinvestment_rate": null,
            "research_to_sale_ratio": null,
            "price_fair": 0,
            "eps_avg_yearly": 0,
            "eps_latest_yearly": 0,
            "eps_growth_yearly": 0
        },
        "20021": {
            "year_quarter": 20021,
            "year": 2002,
            "quarter": 1,
            "eps": null,
            "eps_growth_year": null,
            "eps_4q": null,
            "eps_4q_growth_year": null,
            "roe": null,
            "roe_4q": 0,
            "gross_profit": null,
            "gross_margin": null,
            "gross_margin_4q_avg": 0,
            "net_income": null,
            "revenue": null,
            "common_shares": null,
            "book_valuer_per_share": null,
            "book_valuer_per_share_4q_avg": 0,
            "equity": null,
            "current_ratio": null,
            "debt_ratio": null,
            "inventory_turnover_ratio": null,
            "account_receivable_turnover_ratio": null,
            "reinvestment_rate": null,
            "research_to_sale_ratio": null,
            "price_fair": 0,
            "eps_avg_yearly": 0,
            "eps_latest_yearly": 0,
            "eps_growth_yearly": 0
        },
        "20022": {
            "year_quarter": 20022,
            "year": 2002,
            "quarter": 2,
            "eps": null,
            "eps_growth_year": null,
            "eps_4q": null,
            "eps_4q_growth_year": null,
            "roe": null,
            "roe_4q": 0,
            "gross_profit": null,
            "gross_margin": null,
            "gross_margin_4q_avg": 0,
            "net_income": null,
            "revenue": null,
            "common_shares": null,
            "book_valuer_per_share": null,
            "book_valuer_per_share_4q_avg": 0,
            "equity": null,
            "current_ratio": null,
            "debt_ratio": null,
            "inventory_turnover_ratio": null,
            "account_receivable_turnover_ratio": null,
            "reinvestment_rate": null,
            "research_to_sale_ratio": null,
            "price_fair": 0,
            "eps_avg_yearly": 0,
            "eps_latest_yearly": 0,
            "eps_growth_yearly": 0
        },
        "20023": {
            "year_quarter": 20023,
            "year": 2002,
            "quarter": 3,
            "eps": null,
            "eps_growth_year": null,
            "eps_4q": null,
            "eps_4q_growth_year": null,
            "roe": null,
            "roe_4q": 0,
            "gross_profit": null,
            "gross_margin": null,
            "gross_margin_4q_avg": 0,
            "net_income": null,
            "revenue": null,
            "common_shares": null,
            "book_valuer_per_share": null,
            "book_valuer_per_share_4q_avg": 0,
            "equity": null,
            "current_ratio": null,
            "debt_ratio": null,
            "inventory_turnover_ratio": null,
            "account_receivable_turnover_ratio": null,
            "reinvestment_rate": null,
            "research_to_sale_ratio": null,
            "price_fair": 0,
            "eps_avg_yearly": 0,
            "eps_latest_yearly": 0,
            "eps_growth_yearly": 0
        },
        "20024": {
            "year_quarter": 20024,
            "year": 2002,
            "quarter": 4,
            "eps": null,
            "eps_growth_year": null,
            "eps_4q": null,
            "eps_4q_growth_year": null,
            "roe": null,
            "roe_4q": 0,
            "gross_profit": null,
            "gross_margin": null,
            "gross_margin_4q_avg": 0,
            "net_income": null,
            "revenue": null,
            "common_shares": null,
            "book_valuer_per_share": null,
            "book_valuer_per_share_4q_avg": 0,
            "equity": null,
            "current_ratio": null,
            "debt_ratio": null,
            "inventory_turnover_ratio": null,
            "account_receivable_turnover_ratio": null,
            "reinvestment_rate": null,
            "research_to_sale_ratio": null,
            "price_fair": 0,
            "eps_avg_yearly": 0,
            "eps_latest_yearly": 0,
            "eps_growth_yearly": 0
        },
        "20031": {
            "year_quarter": 20031,
            "year": 2003,
            "quarter": 1,
            "eps": null,
            "eps_growth_year": null,
            "eps_4q": null,
            "eps_4q_growth_year": null,
            "roe": null,
            "roe_4q": 0,
            "gross_profit": null,
            "gross_margin": null,
            "gross_margin_4q_avg": 0,
            "net_income": null,
            "revenue": null,
            "common_shares": null,
            "book_valuer_per_share": null,
            "book_valuer_per_share_4q_avg": 0,
            "equity": null,
            "current_ratio": null,
            "debt_ratio": null,
            "inventory_turnover_ratio": null,
            "account_receivable_turnover_ratio": null,
            "reinvestment_rate": null,
            "research_to_sale_ratio": null,
            "price_fair": 0,
            "eps_avg_yearly": 0,
            "eps_latest_yearly": 0,
            "eps_growth_yearly": 0
        },
        "20032": {
            "year_quarter": 20032,
            "year": 2003,
            "quarter": 2,
            "eps": null,
            "eps_growth_year": null,
            "eps_4q": null,
            "eps_4q_growth_year": null,
            "roe": null,
            "roe_4q": 0,
            "gross_profit": null,
            "gross_margin": null,
            "gross_margin_4q_avg": 0,
            "net_income": null,
            "revenue": null,
            "common_shares": null,
            "book_valuer_per_share": null,
            "book_valuer_per_share_4q_avg": 0,
            "equity": null,
            "current_ratio": null,
            "debt_ratio": null,
            "inventory_turnover_ratio": null,
            "account_receivable_turnover_ratio": null,
            "reinvestment_rate": null,
            "research_to_sale_ratio": null,
            "price_fair": 0,
            "eps_avg_yearly": 0,
            "eps_latest_yearly": 0,
            "eps_growth_yearly": 0
        },
        "20033": {
            "year_quarter": 20033,
            "year": 2003,
            "quarter": 3,
            "eps": null,
            "eps_growth_year": null,
            "eps_4q": null,
            "eps_4q_growth_year": null,
            "roe": null,
            "roe_4q": 0,
            "gross_profit": null,
            "gross_margin": null,
            "gross_margin_4q_avg": 0,
            "net_income": null,
            "revenue": null,
            "common_shares": null,
            "book_valuer_per_share": null,
            "book_valuer_per_share_4q_avg": 0,
            "equity": null,
            "current_ratio": null,
            "debt_ratio": null,
            "inventory_turnover_ratio": null,
            "account_receivable_turnover_ratio": null,
            "reinvestment_rate": null,
            "research_to_sale_ratio": null,
            "price_fair": 0,
            "eps_avg_yearly": 0,
            "eps_latest_yearly": 0,
            "eps_growth_yearly": 0
        },
        "20034": {
            "year_quarter": 20034,
            "year": 2003,
            "quarter": 4,
            "eps": null,
            "eps_growth_year": null,
            "eps_4q": null,
            "eps_4q_growth_year": null,
            "roe": null,
            "roe_4q": 0,
            "gross_profit": null,
            "gross_margin": null,
            "gross_margin_4q_avg": 0,
            "net_income": null,
            "revenue": null,
            "common_shares": null,
            "book_valuer_per_share": null,
            "book_valuer_per_share_4q_avg": 0,
            "equity": null,
            "current_ratio": null,
            "debt_ratio": null,
            "inventory_turnover_ratio": null,
            "account_receivable_turnover_ratio": null,
            "reinvestment_rate": null,
            "research_to_sale_ratio": null,
            "price_fair": 0,
            "eps_avg_yearly": 0,
            "eps_latest_yearly": 0,
            "eps_growth_yearly": 0
        },
        "20041": {
            "year_quarter": 20041,
            "year": 2004,
            "quarter": 1,
            "eps": null,
            "eps_growth_year": null,
            "eps_4q": null,
            "eps_4q_growth_year": null,
            "roe": null,
            "roe_4q": 0,
            "gross_profit": null,
            "gross_margin": null,
            "gross_margin_4q_avg": 0,
            "net_income": null,
            "revenue": null,
            "common_shares": null,
            "book_valuer_per_share": null,
            "book_valuer_per_share_4q_avg": 0,
            "equity": null,
            "current_ratio": null,
            "debt_ratio": null,
            "inventory_turnover_ratio": null,
            "account_receivable_turnover_ratio": null,
            "reinvestment_rate": null,
            "research_to_sale_ratio": null,
            "price_fair": 0,
            "eps_avg_yearly": 0,
            "eps_latest_yearly": 0,
            "eps_growth_yearly": 0
        },
        "20042": {
            "year_quarter": 20042,
            "year": 2004,
            "quarter": 2,
            "eps": null,
            "eps_growth_year": null,
            "eps_4q": null,
            "eps_4q_growth_year": null,
            "roe": null,
            "roe_4q": 0,
            "gross_profit": null,
            "gross_margin": null,
            "gross_margin_4q_avg": 0,
            "net_income": null,
            "revenue": null,
            "common_shares": null,
            "book_valuer_per_share": null,
            "book_valuer_per_share_4q_avg": 0,
            "equity": null,
            "current_ratio": null,
            "debt_ratio": null,
            "inventory_turnover_ratio": null,
            "account_receivable_turnover_ratio": null,
            "reinvestment_rate": null,
            "research_to_sale_ratio": null,
            "price_fair": 0,
            "eps_avg_yearly": 0,
            "eps_latest_yearly": 0,
            "eps_growth_yearly": 0
        },
        "20043": {
            "year_quarter": 20043,
            "year": 2004,
            "quarter": 3,
            "eps": null,
            "eps_growth_year": null,
            "eps_4q": null,
            "eps_4q_growth_year": null,
            "roe": null,
            "roe_4q": 0,
            "gross_profit": null,
            "gross_margin": null,
            "gross_margin_4q_avg": 0,
            "net_income": null,
            "revenue": null,
            "common_shares": null,
            "book_valuer_per_share": null,
            "book_valuer_per_share_4q_avg": 0,
            "equity": null,
            "current_ratio": null,
            "debt_ratio": null,
            "inventory_turnover_ratio": null,
            "account_receivable_turnover_ratio": null,
            "reinvestment_rate": null,
            "research_to_sale_ratio": null,
            "price_fair": 0,
            "eps_avg_yearly": 0,
            "eps_latest_yearly": 0,
            "eps_growth_yearly": 0
        },
        "20044": {
            "year_quarter": 20044,
            "year": 2004,
            "quarter": 4,
            "eps": null,
            "eps_growth_year": null,
            "eps_4q": null,
            "eps_4q_growth_year": null,
            "roe": null,
            "roe_4q": 0,
            "gross_profit": null,
            "gross_margin": null,
            "gross_margin_4q_avg": 0,
            "net_income": null,
            "revenue": null,
            "common_shares": 50000,
            "book_valuer_per_share": 18.36,
            "book_valuer_per_share_4q_avg": 4.59,
            "equity": 91789,
            "current_ratio": 98.79,
            "debt_ratio": 60.12,
            "inventory_turnover_ratio": null,
            "account_receivable_turnover_ratio": null,
            "reinvestment_rate": null,
            "research_to_sale_ratio": null,
            "price_fair": 0,
            "eps_avg_yearly": 0,
            "eps_latest_yearly": 0,
            "eps_growth_yearly": 0
        },
        "20051": {
            "year_quarter": 20051,
            "year": 2005,
            "quarter": 1,
            "eps": null,
            "eps_growth_year": null,
            "eps_4q": null,
            "eps_4q_growth_year": null,
            "roe": null,
            "roe_4q": 0,
            "gross_profit": null,
            "gross_margin": null,
            "gross_margin_4q_avg": 0,
            "net_income": null,
            "revenue": null,
            "common_shares": null,
            "book_valuer_per_share": null,
            "book_valuer_per_share_4q_avg": 4.59,
            "equity": null,
            "current_ratio": null,
            "debt_ratio": null,
            "inventory_turnover_ratio": null,
            "account_receivable_turnover_ratio": null,
            "reinvestment_rate": null,
            "research_to_sale_ratio": null,
            "price_fair": 0,
            "eps_avg_yearly": 0,
            "eps_latest_yearly": 0,
            "eps_growth_yearly": 0
        },
        "20052": {
            "year_quarter": 20052,
            "year": 2005,
            "quarter": 2,
            "eps": null,
            "eps_growth_year": null,
            "eps_4q": null,
            "eps_4q_growth_year": null,
            "roe": null,
            "roe_4q": 0,
            "gross_profit": null,
            "gross_margin": null,
            "gross_margin_4q_avg": 0,
            "net_income": null,
            "revenue": null,
            "common_shares": null,
            "book_valuer_per_share": null,
            "book_valuer_per_share_4q_avg": 4.59,
            "equity": null,
            "current_ratio": null,
            "debt_ratio": null,
            "inventory_turnover_ratio": null,
            "account_receivable_turnover_ratio": null,
            "reinvestment_rate": null,
            "research_to_sale_ratio": null,
            "price_fair": 0,
            "eps_avg_yearly": 0,
            "eps_latest_yearly": 0,
            "eps_growth_yearly": 0
        },
        "20053": {
            "year_quarter": 20053,
            "year": 2005,
            "quarter": 3,
            "eps": null,
            "eps_growth_year": null,
            "eps_4q": null,
            "eps_4q_growth_year": null,
            "roe": null,
            "roe_4q": 0,
            "gross_profit": null,
            "gross_margin": null,
            "gross_margin_4q_avg": 0,
            "net_income": null,
            "revenue": null,
            "common_shares": null,
            "book_valuer_per_share": null,
            "book_valuer_per_share_4q_avg": 4.59,
            "equity": null,
            "current_ratio": null,
            "debt_ratio": null,
            "inventory_turnover_ratio": null,
            "account_receivable_turnover_ratio": null,
            "reinvestment_rate": null,
            "research_to_sale_ratio": null,
            "price_fair": 0,
            "eps_avg_yearly": 0,
            "eps_latest_yearly": 0,
            "eps_growth_yearly": 0
        },
        "20054": {
            "year_quarter": 20054,
            "year": 2005,
            "quarter": 4,
            "eps": null,
            "eps_growth_year": null,
            "eps_4q": null,
            "eps_4q_growth_year": null,
            "roe": null,
            "roe_4q": 0,
            "gross_profit": null,
            "gross_margin": null,
            "gross_margin_4q_avg": 0,
            "net_income": null,
            "revenue": null,
            "common_shares": 100000,
            "book_valuer_per_share": 16.56,
            "book_valuer_per_share_4q_avg": 4.14,
            "equity": 165597,
            "current_ratio": 164.89,
            "debt_ratio": 48.28,
            "inventory_turnover_ratio": null,
            "account_receivable_turnover_ratio": null,
            "reinvestment_rate": null,
            "research_to_sale_ratio": null,
            "price_fair": 0,
            "eps_avg_yearly": 0,
            "eps_latest_yearly": 0,
            "eps_growth_yearly": 0
        },
        "20061": {
            "year_quarter": 20061,
            "year": 2006,
            "quarter": 1,
            "eps": null,
            "eps_growth_year": null,
            "eps_4q": null,
            "eps_4q_growth_year": null,
            "roe": null,
            "roe_4q": 0,
            "gross_profit": null,
            "gross_margin": null,
            "gross_margin_4q_avg": 0,
            "net_income": null,
            "revenue": null,
            "common_shares": null,
            "book_valuer_per_share": null,
            "book_valuer_per_share_4q_avg": 4.14,
            "equity": null,
            "current_ratio": null,
            "debt_ratio": null,
            "inventory_turnover_ratio": null,
            "account_receivable_turnover_ratio": null,
            "reinvestment_rate": null,
            "research_to_sale_ratio": null,
            "price_fair": 0,
            "eps_avg_yearly": 0,
            "eps_latest_yearly": 0,
            "eps_growth_yearly": 0
        },
        "20062": {
            "year_quarter": 20062,
            "year": 2006,
            "quarter": 2,
            "eps": null,
            "eps_growth_year": null,
            "eps_4q": null,
            "eps_4q_growth_year": null,
            "roe": null,
            "roe_4q": 0,
            "gross_profit": null,
            "gross_margin": null,
            "gross_margin_4q_avg": 0,
            "net_income": null,
            "revenue": null,
            "common_shares": null,
            "book_valuer_per_share": null,
            "book_valuer_per_share_4q_avg": 4.14,
            "equity": null,
            "current_ratio": null,
            "debt_ratio": null,
            "inventory_turnover_ratio": null,
            "account_receivable_turnover_ratio": null,
            "reinvestment_rate": null,
            "research_to_sale_ratio": null,
            "price_fair": 0,
            "eps_avg_yearly": 0,
            "eps_latest_yearly": 0,
            "eps_growth_yearly": 0
        },
        "20063": {
            "year_quarter": 20063,
            "year": 2006,
            "quarter": 3,
            "eps": null,
            "eps_growth_year": null,
            "eps_4q": null,
            "eps_4q_growth_year": null,
            "roe": null,
            "roe_4q": 0,
            "gross_profit": null,
            "gross_margin": null,
            "gross_margin_4q_avg": 0,
            "net_income": null,
            "revenue": null,
            "common_shares": null,
            "book_valuer_per_share": null,
            "book_valuer_per_share_4q_avg": 4.14,
            "equity": null,
            "current_ratio": null,
            "debt_ratio": null,
            "inventory_turnover_ratio": null,
            "account_receivable_turnover_ratio": null,
            "reinvestment_rate": null,
            "research_to_sale_ratio": null,
            "price_fair": 0,
            "eps_avg_yearly": 0,
            "eps_latest_yearly": 0,
            "eps_growth_yearly": 0
        },
        "20064": {
            "year_quarter": 20064,
            "year": 2006,
            "quarter": 4,
            "eps": null,
            "eps_growth_year": null,
            "eps_4q": null,
            "eps_4q_growth_year": null,
            "roe": null,
            "roe_4q": 0,
            "gross_profit": null,
            "gross_margin": null,
            "gross_margin_4q_avg": 0,
            "net_income": null,
            "revenue": null,
            "common_shares": 152200,
            "book_valuer_per_share": 14.83,
            "book_valuer_per_share_4q_avg": 3.71,
            "equity": 225659,
            "current_ratio": 101.38,
            "debt_ratio": 68.71,
            "inventory_turnover_ratio": null,
            "account_receivable_turnover_ratio": null,
            "reinvestment_rate": null,
            "research_to_sale_ratio": null,
            "price_fair": 0,
            "eps_avg_yearly": 0,
            "eps_latest_yearly": 0,
            "eps_growth_yearly": 0
        },
        "20071": {
            "year_quarter": 20071,
            "year": 2007,
            "quarter": 1,
            "eps": null,
            "eps_growth_year": null,
            "eps_4q": null,
            "eps_4q_growth_year": null,
            "roe": null,
            "roe_4q": 0,
            "gross_profit": null,
            "gross_margin": null,
            "gross_margin_4q_avg": 0,
            "net_income": null,
            "revenue": null,
            "common_shares": null,
            "book_valuer_per_share": null,
            "book_valuer_per_share_4q_avg": 3.71,
            "equity": null,
            "current_ratio": null,
            "debt_ratio": null,
            "inventory_turnover_ratio": null,
            "account_receivable_turnover_ratio": null,
            "reinvestment_rate": null,
            "research_to_sale_ratio": null,
            "price_fair": 0,
            "eps_avg_yearly": 0,
            "eps_latest_yearly": 0,
            "eps_growth_yearly": 0
        },
        "20072": {
            "year_quarter": 20072,
            "year": 2007,
            "quarter": 2,
            "eps": null,
            "eps_growth_year": null,
            "eps_4q": null,
            "eps_4q_growth_year": null,
            "roe": null,
            "roe_4q": 0,
            "gross_profit": null,
            "gross_margin": null,
            "gross_margin_4q_avg": 0,
            "net_income": null,
            "revenue": null,
            "common_shares": null,
            "book_valuer_per_share": null,
            "book_valuer_per_share_4q_avg": 3.71,
            "equity": null,
            "current_ratio": null,
            "debt_ratio": null,
            "inventory_turnover_ratio": null,
            "account_receivable_turnover_ratio": null,
            "reinvestment_rate": null,
            "research_to_sale_ratio": null,
            "price_fair": 0,
            "eps_avg_yearly": 0,
            "eps_latest_yearly": 0,
            "eps_growth_yearly": 0
        },
        "20073": {
            "year_quarter": 20073,
            "year": 2007,
            "quarter": 3,
            "eps": null,
            "eps_growth_year": null,
            "eps_4q": null,
            "eps_4q_growth_year": null,
            "roe": null,
            "roe_4q": 0,
            "gross_profit": null,
            "gross_margin": null,
            "gross_margin_4q_avg": 0,
            "net_income": null,
            "revenue": null,
            "common_shares": null,
            "book_valuer_per_share": null,
            "book_valuer_per_share_4q_avg": 3.71,
            "equity": null,
            "current_ratio": null,
            "debt_ratio": null,
            "inventory_turnover_ratio": null,
            "account_receivable_turnover_ratio": null,
            "reinvestment_rate": null,
            "research_to_sale_ratio": null,
            "price_fair": 0,
            "eps_avg_yearly": 0,
            "eps_latest_yearly": 0,
            "eps_growth_yearly": 0
        },
        "20074": {
            "year_quarter": 20074,
            "year": 2007,
            "quarter": 4,
            "eps": null,
            "eps_growth_year": null,
            "eps_4q": null,
            "eps_4q_growth_year": null,
            "roe": null,
            "roe_4q": 0,
            "gross_profit": null,
            "gross_margin": null,
            "gross_margin_4q_avg": 0,
            "net_income": null,
            "revenue": null,
            "common_shares": 200000,
            "book_valuer_per_share": 22.05,
            "book_valuer_per_share_4q_avg": 5.51,
            "equity": 440924,
            "current_ratio": 172.14,
            "debt_ratio": 52.93,
            "inventory_turnover_ratio": null,
            "account_receivable_turnover_ratio": null,
            "reinvestment_rate": null,
            "research_to_sale_ratio": null,
            "price_fair": 0,
            "eps_avg_yearly": 0,
            "eps_latest_yearly": 0,
            "eps_growth_yearly": 0
        },
        "20081": {
            "year_quarter": 20081,
            "year": 2008,
            "quarter": 1,
            "eps": null,
            "eps_growth_year": null,
            "eps_4q": null,
            "eps_4q_growth_year": null,
            "roe": null,
            "roe_4q": 0,
            "gross_profit": null,
            "gross_margin": null,
            "gross_margin_4q_avg": 0,
            "net_income": null,
            "revenue": null,
            "common_shares": null,
            "book_valuer_per_share": null,
            "book_valuer_per_share_4q_avg": 5.51,
            "equity": null,
            "current_ratio": null,
            "debt_ratio": null,
            "inventory_turnover_ratio": null,
            "account_receivable_turnover_ratio": null,
            "reinvestment_rate": null,
            "research_to_sale_ratio": null,
            "price_fair": 0,
            "eps_avg_yearly": 0,
            "eps_latest_yearly": 0,
            "eps_growth_yearly": 0
        },
        "20082": {
            "year_quarter": 20082,
            "year": 2008,
            "quarter": 2,
            "eps": null,
            "eps_growth_year": null,
            "eps_4q": null,
            "eps_4q_growth_year": null,
            "roe": null,
            "roe_4q": 0,
            "gross_profit": null,
            "gross_margin": null,
            "gross_margin_4q_avg": 0,
            "net_income": null,
            "revenue": null,
            "common_shares": null,
            "book_valuer_per_share": null,
            "book_valuer_per_share_4q_avg": 5.51,
            "equity": null,
            "current_ratio": null,
            "debt_ratio": null,
            "inventory_turnover_ratio": null,
            "account_receivable_turnover_ratio": null,
            "reinvestment_rate": null,
            "research_to_sale_ratio": null,
            "price_fair": 0,
            "eps_avg_yearly": 0,
            "eps_latest_yearly": 0,
            "eps_growth_yearly": 0
        },
        "20083": {
            "year_quarter": 20083,
            "year": 2008,
            "quarter": 3,
            "eps": null,
            "eps_growth_year": null,
            "eps_4q": null,
            "eps_4q_growth_year": null,
            "roe": null,
            "roe_4q": 0,
            "gross_profit": null,
            "gross_margin": null,
            "gross_margin_4q_avg": 0,
            "net_income": null,
            "revenue": null,
            "common_shares": null,
            "book_valuer_per_share": null,
            "book_valuer_per_share_4q_avg": 5.51,
            "equity": null,
            "current_ratio": null,
            "debt_ratio": null,
            "inventory_turnover_ratio": null,
            "account_receivable_turnover_ratio": null,
            "reinvestment_rate": null,
            "research_to_sale_ratio": null,
            "price_fair": 0,
            "eps_avg_yearly": 0,
            "eps_latest_yearly": 0,
            "eps_growth_yearly": 0
        },
        "20084": {
            "year_quarter": 20084,
            "year": 2008,
            "quarter": 4,
            "eps": null,
            "eps_growth_year": null,
            "eps_4q": null,
            "eps_4q_growth_year": null,
            "roe": null,
            "roe_4q": 0,
            "gross_profit": null,
            "gross_margin": null,
            "gross_margin_4q_avg": 0,
            "net_income": null,
            "revenue": null,
            "common_shares": 222000,
            "book_valuer_per_share": 25.4,
            "book_valuer_per_share_4q_avg": 6.35,
            "equity": 563834,
            "current_ratio": 228.39,
            "debt_ratio": 43.44,
            "inventory_turnover_ratio": null,
            "account_receivable_turnover_ratio": null,
            "reinvestment_rate": null,
            "research_to_sale_ratio": null,
            "price_fair": 0,
            "eps_avg_yearly": 0,
            "eps_latest_yearly": 0,
            "eps_growth_yearly": 0
        },
        "20091": {
            "year_quarter": 20091,
            "year": 2009,
            "quarter": 1,
            "eps": 0.82,
            "eps_growth_year": null,
            "eps_4q": null,
            "eps_4q_growth_year": null,
            "roe": 3.17,
            "roe_4q": 3.17,
            "gross_profit": 34911,
            "gross_margin": 19.48,
            "gross_margin_4q_avg": 4.87,
            "net_income": 18171,
            "revenue": 179187,
            "common_shares": 222000,
            "book_valuer_per_share": 26.22,
            "book_valuer_per_share_4q_avg": 12.91,
            "equity": 582005,
            "current_ratio": 209.28,
            "debt_ratio": 44.02,
            "inventory_turnover_ratio": 1.93,
            "account_receivable_turnover_ratio": 1.08,
            "reinvestment_rate": null,
            "research_to_sale_ratio": null,
            "price_fair": 0,
            "eps_avg_yearly": 0,
            "eps_latest_yearly": 0,
            "eps_growth_yearly": 0
        },
        "20092": {
            "year_quarter": 20092,
            "year": 2009,
            "quarter": 2,
            "eps": 1.65,
            "eps_growth_year": null,
            "eps_4q": null,
            "eps_4q_growth_year": null,
            "roe": 6.93,
            "roe_4q": 10.1,
            "gross_profit": 63166,
            "gross_margin": 24.01,
            "gross_margin_4q_avg": 10.87,
            "net_income": 40332,
            "revenue": 263123,
            "common_shares": 222000,
            "book_valuer_per_share": 26.25,
            "book_valuer_per_share_4q_avg": 19.47,
            "equity": 582786,
            "current_ratio": 179.27,
            "debt_ratio": 46.23,
            "inventory_turnover_ratio": 2.32,
            "account_receivable_turnover_ratio": 1.21,
            "reinvestment_rate": null,
            "research_to_sale_ratio": null,
            "price_fair": 231,
            "eps_avg_yearly": 6.6,
            "eps_latest_yearly": 6.6,
            "eps_growth_yearly": 404.88
        },
        "20093": {
            "year_quarter": 20093,
            "year": 2009,
            "quarter": 3,
            "eps": 0.39,
            "eps_growth_year": null,
            "eps_4q": null,
            "eps_4q_growth_year": null,
            "roe": 1.61,
            "roe_4q": 11.709999999999999,
            "gross_profit": 25241,
            "gross_margin": 15.99,
            "gross_margin_4q_avg": 14.87,
            "net_income": 9440,
            "revenue": 157864,
            "common_shares": 222000,
            "book_valuer_per_share": 26.68,
            "book_valuer_per_share_4q_avg": 26.14,
            "equity": 592226,
            "current_ratio": 221.45,
            "debt_ratio": 40.16,
            "inventory_turnover_ratio": 1.55,
            "account_receivable_turnover_ratio": 0.78,
            "reinvestment_rate": null,
            "research_to_sale_ratio": null,
            "price_fair": 142.8,
            "eps_avg_yearly": 4.08,
            "eps_latest_yearly": 1.56,
            "eps_growth_yearly": 49.71
        },
        "20094": {
            "year_quarter": 20094,
            "year": 2009,
            "quarter": 4,
            "eps": 0.11,
            "eps_growth_year": null,
            "eps_4q": 3.17,
            "eps_4q_growth_year": null,
            "roe": 0.39,
            "roe_4q": 12.1,
            "gross_profit": 13206,
            "gross_margin": 9.35,
            "gross_margin_4q_avg": 17.21,
            "net_income": 2339,
            "revenue": 141308,
            "common_shares": 222000,
            "book_valuer_per_share": 26.78,
            "book_valuer_per_share_4q_avg": 26.48,
            "equity": 594565,
            "current_ratio": 169.56,
            "debt_ratio": 40.25,
            "inventory_turnover_ratio": 1.49,
            "account_receivable_turnover_ratio": 2.04,
            "reinvestment_rate": null,
            "research_to_sale_ratio": null,
            "price_fair": 8.6,
            "eps_avg_yearly": 2.87,
            "eps_latest_yearly": 0.44,
            "eps_growth_yearly": -62.59
        },
        "20101": {
            "year_quarter": 20101,
            "year": 2010,
            "quarter": 1,
            "eps": 1.02,
            "eps_growth_year": 24.39,
            "eps_4q": 3.37,
            "eps_4q_growth_year": null,
            "roe": 3.74,
            "roe_4q": 12.67,
            "gross_profit": 41397,
            "gross_margin": 18.53,
            "gross_margin_4q_avg": 16.97,
            "net_income": 22630,
            "revenue": 223413,
            "common_shares": 222000,
            "book_valuer_per_share": 27.8,
            "book_valuer_per_share_4q_avg": 26.88,
            "equity": 617195,
            "current_ratio": 159.27,
            "debt_ratio": 41.57,
            "inventory_turnover_ratio": 1.95,
            "account_receivable_turnover_ratio": 1.26,
            "reinvestment_rate": null,
            "research_to_sale_ratio": 1.27,
            "price_fair": 110.95,
            "eps_avg_yearly": 3.17,
            "eps_latest_yearly": 4.08,
            "eps_growth_yearly": 780.33
        },
        "20102": {
            "year_quarter": 20102,
            "year": 2010,
            "quarter": 2,
            "eps": 1.96,
            "eps_growth_year": 19.08,
            "eps_4q": 3.37,
            "eps_4q_growth_year": null,
            "roe": 7.75,
            "roe_4q": 13.49,
            "gross_profit": 69660,
            "gross_margin": 23.7,
            "gross_margin_4q_avg": 16.89,
            "net_income": 47980,
            "revenue": 293909,
            "common_shares": 222000,
            "book_valuer_per_share": 27.96,
            "book_valuer_per_share_4q_avg": 27.31,
            "equity": 620775,
            "current_ratio": 148.45,
            "debt_ratio": 44.06,
            "inventory_turnover_ratio": 2.53,
            "account_receivable_turnover_ratio": 1.29,
            "reinvestment_rate": null,
            "research_to_sale_ratio": 1.98,
            "price_fair": 143.64,
            "eps_avg_yearly": 4.1,
            "eps_latest_yearly": 7.84,
            "eps_growth_yearly": 697.99
        },
        "20103": {
            "year_quarter": 20103,
            "year": 2010,
            "quarter": 3,
            "eps": 1.11,
            "eps_growth_year": 185.6,
            "eps_4q": 3.83,
            "eps_4q_growth_year": null,
            "roe": 4.35,
            "roe_4q": 16.23,
            "gross_profit": 53403,
            "gross_margin": 24,
            "gross_margin_4q_avg": 18.9,
            "net_income": 29907,
            "revenue": 222523,
            "common_shares": 268500,
            "book_valuer_per_share": 28.05,
            "book_valuer_per_share_4q_avg": 27.65,
            "equity": 753072,
            "current_ratio": 243.17,
            "debt_ratio": 32.45,
            "inventory_turnover_ratio": 2.17,
            "account_receivable_turnover_ratio": 1,
            "reinvestment_rate": null,
            "research_to_sale_ratio": 2.81,
            "price_fair": 145.6,
            "eps_avg_yearly": 4.16,
            "eps_latest_yearly": 4.44,
            "eps_growth_yearly": 552.75
        },
        "20104": {
            "year_quarter": 20104,
            "year": 2010,
            "quarter": 4,
            "eps": 0.38,
            "eps_growth_year": 242.1,
            "eps_4q": 4.12,
            "eps_4q_growth_year": 30.14,
            "roe": 1.33,
            "roe_4q": 17.17,
            "gross_profit": 47458,
            "gross_margin": 24.41,
            "gross_margin_4q_avg": 22.66,
            "net_income": 10104,
            "revenue": 194443,
            "common_shares": 268500,
            "book_valuer_per_share": 28.42,
            "book_valuer_per_share_4q_avg": 28.06,
            "equity": 763176,
            "current_ratio": 250.35,
            "debt_ratio": 30.36,
            "inventory_turnover_ratio": 1.84,
            "account_receivable_turnover_ratio": 1.05,
            "reinvestment_rate": null,
            "research_to_sale_ratio": 7.54,
            "price_fair": 132.4,
            "eps_avg_yearly": 3.78,
            "eps_latest_yearly": 1.52,
            "eps_growth_yearly": 436.2
        },
        "20111": {
            "year_quarter": 20111,
            "year": 2011,
            "quarter": 1,
            "eps": 1.64,
            "eps_growth_year": 60.78,
            "eps_4q": 4.91,
            "eps_4q_growth_year": 45.94,
            "roe": 5.6,
            "roe_4q": 19.03,
            "gross_profit": 71659,
            "gross_margin": 26.17,
            "gross_margin_4q_avg": 24.57,
            "net_income": 43930,
            "revenue": 273811,
            "common_shares": 268500,
            "book_valuer_per_share": 30.06,
            "book_valuer_per_share_4q_avg": 28.62,
            "equity": 807106,
            "current_ratio": 229.46,
            "debt_ratio": 32.28,
            "inventory_turnover_ratio": 2.45,
            "account_receivable_turnover_ratio": 1.28,
            "reinvestment_rate": null,
            "research_to_sale_ratio": 1.56,
            "price_fair": 144.55,
            "eps_avg_yearly": 4.13,
            "eps_latest_yearly": 6.56,
            "eps_growth_yearly": 547.47
        },
        "20112": {
            "year_quarter": 20112,
            "year": 2011,
            "quarter": 2,
            "eps": 1.88,
            "eps_growth_year": -4.38,
            "eps_4q": 5.01,
            "eps_4q_growth_year": 48.35,
            "roe": 6.39,
            "roe_4q": 17.669999999999998,
            "gross_profit": 86892,
            "gross_margin": 27.83,
            "gross_margin_4q_avg": 25.6,
            "net_income": 50445,
            "revenue": 312227,
            "common_shares": 268500,
            "book_valuer_per_share": 28.74,
            "book_valuer_per_share_4q_avg": 28.82,
            "equity": 771631,
            "current_ratio": 180.33,
            "debt_ratio": 38.51,
            "inventory_turnover_ratio": 2.82,
            "account_receivable_turnover_ratio": 1.18,
            "reinvestment_rate": null,
            "research_to_sale_ratio": 1.92,
            "price_fair": 157.73,
            "eps_avg_yearly": 4.51,
            "eps_latest_yearly": 7.52,
            "eps_growth_yearly": 493.14
        },
        "20113": {
            "year_quarter": 20113,
            "year": 2011,
            "quarter": 3,
            "eps": 0.87,
            "eps_growth_year": -22.18,
            "eps_4q": 4.69,
            "eps_4q_growth_year": 22.48,
            "roe": 3.01,
            "roe_4q": 16.33,
            "gross_profit": 55137,
            "gross_margin": 25.93,
            "gross_margin_4q_avg": 26.09,
            "net_income": 23678,
            "revenue": 212649,
            "common_shares": 268500,
            "book_valuer_per_share": 29.9,
            "book_valuer_per_share_4q_avg": 29.28,
            "equity": 802704,
            "current_ratio": 238.62,
            "debt_ratio": 29.95,
            "inventory_turnover_ratio": 2.03,
            "account_receivable_turnover_ratio": 0.91,
            "reinvestment_rate": null,
            "research_to_sale_ratio": 2.82,
            "price_fair": 154.14,
            "eps_avg_yearly": 4.4,
            "eps_latest_yearly": 3.48,
            "eps_growth_yearly": 422.34
        },
        "20114": {
            "year_quarter": 20114,
            "year": 2011,
            "quarter": 4,
            "eps": 0.17,
            "eps_growth_year": -55.5,
            "eps_4q": 3.6,
            "eps_4q_growth_year": -12.52,
            "roe": 0.6,
            "roe_4q": 15.6,
            "gross_profit": 42855,
            "gross_margin": 23.89,
            "gross_margin_4q_avg": 25.96,
            "net_income": 5752,
            "revenue": 179382,
            "common_shares": 343500,
            "book_valuer_per_share": 32.13,
            "book_valuer_per_share_4q_avg": 30.21,
            "equity": 1103804,
            "current_ratio": 371.37,
            "debt_ratio": 20.57,
            "inventory_turnover_ratio": 1.67,
            "account_receivable_turnover_ratio": 0.9,
            "reinvestment_rate": null,
            "research_to_sale_ratio": 6.51,
            "price_fair": 142.29,
            "eps_avg_yearly": 4.07,
            "eps_latest_yearly": 0.68,
            "eps_growth_yearly": 354.69
        },
        "20121": {
            "year_quarter": 20121,
            "year": 2012,
            "quarter": 1,
            "eps": 0.75,
            "eps_growth_year": -54.27,
            "eps_4q": 3.07,
            "eps_4q_growth_year": -37.51,
            "roe": 2.29,
            "roe_4q": 12.29,
            "gross_profit": 59627,
            "gross_margin": 22.88,
            "gross_margin_4q_avg": 25.13,
            "net_income": 25592,
            "revenue": 260619,
            "common_shares": 343500,
            "book_valuer_per_share": 32.88,
            "book_valuer_per_share_4q_avg": 30.91,
            "equity": 1129396,
            "current_ratio": 297.4,
            "debt_ratio": 23.49,
            "inventory_turnover_ratio": 2.23,
            "account_receivable_turnover_ratio": 1.12,
            "reinvestment_rate": null,
            "research_to_sale_ratio": 1.74,
            "price_fair": 139.18,
            "eps_avg_yearly": 3.98,
            "eps_latest_yearly": 3,
            "eps_growth_yearly": 438.85
        },
        "20122": {
            "year_quarter": 20122,
            "year": 2012,
            "quarter": 2,
            "eps": 0.52,
            "eps_growth_year": -72.4,
            "eps_4q": 2.12,
            "eps_4q_growth_year": -57.63,
            "roe": 1.64,
            "roe_4q": 7.539999999999999,
            "gross_profit": 45247,
            "gross_margin": 20.42,
            "gross_margin_4q_avg": 23.28,
            "net_income": 17815,
            "revenue": 221617,
            "common_shares": 343500,
            "book_valuer_per_share": 30.2,
            "book_valuer_per_share_4q_avg": 31.28,
            "equity": 1037291,
            "current_ratio": 205.25,
            "debt_ratio": 29.73,
            "inventory_turnover_ratio": 1.7,
            "account_receivable_turnover_ratio": 0.91,
            "reinvestment_rate": null,
            "research_to_sale_ratio": 2.21,
            "price_fair": 134.08,
            "eps_avg_yearly": 3.83,
            "eps_latest_yearly": 2.08,
            "eps_growth_yearly": 395.66
        },
        "20123": {
            "year_quarter": 20123,
            "year": 2012,
            "quarter": 3,
            "eps": 0,
            "eps_growth_year": -99.7,
            "eps_4q": 1.43,
            "eps_4q_growth_year": -69.44,
            "roe": 0.01,
            "roe_4q": 4.54,
            "gross_profit": 27593,
            "gross_margin": 12.99,
            "gross_margin_4q_avg": 20.05,
            "net_income": 90,
            "revenue": 212450,
            "common_shares": 343500,
            "book_valuer_per_share": 30.2,
            "book_valuer_per_share_4q_avg": 31.35,
            "equity": 1037381,
            "current_ratio": 253.94,
            "debt_ratio": 21.36,
            "inventory_turnover_ratio": 1.81,
            "account_receivable_turnover_ratio": 0.98,
            "reinvestment_rate": null,
            "research_to_sale_ratio": 2.98,
            "price_fair": 134.08,
            "eps_avg_yearly": 3.83,
            "eps_latest_yearly": 2.08,
            "eps_growth_yearly": 395.66
        },
        "20124": {
            "year_quarter": 20124,
            "year": 2012,
            "quarter": 4,
            "eps": -0.14,
            "eps_growth_year": -184.91,
            "eps_4q": 1.12,
            "eps_4q_growth_year": -68.81,
            "roe": -0.47,
            "roe_4q": 3.4699999999999998,
            "gross_profit": 19553,
            "gross_margin": 10.9,
            "gross_margin_4q_avg": 16.8,
            "net_income": -4884,
            "revenue": 179311,
            "common_shares": 343500,
            "book_valuer_per_share": 30.06,
            "book_valuer_per_share_4q_avg": 30.84,
            "equity": 1032497,
            "current_ratio": 254.16,
            "debt_ratio": 19.88,
            "inventory_turnover_ratio": 1.73,
            "account_receivable_turnover_ratio": 0.93,
            "reinvestment_rate": 55.21,
            "research_to_sale_ratio": 3.38,
            "price_fair": 134.08,
            "eps_avg_yearly": 3.83,
            "eps_latest_yearly": 2.08,
            "eps_growth_yearly": 395.66
        },
        "20131": {
            "year_quarter": 20131,
            "year": 2013,
            "quarter": 1,
            "eps": 0.14,
            "eps_growth_year": -81.33,
            "eps_4q": 0.52,
            "eps_4q_growth_year": -83.14,
            "roe": 0.46,
            "roe_4q": 1.64,
            "gross_profit": 32584,
            "gross_margin": 15.17,
            "gross_margin_4q_avg": 14.87,
            "net_income": 4765,
            "revenue": 214723,
            "common_shares": 343500,
            "book_valuer_per_share": 30.27,
            "book_valuer_per_share_4q_avg": 30.18,
            "equity": 1039682,
            "current_ratio": 245.96,
            "debt_ratio": 19.78,
            "inventory_turnover_ratio": 1.79,
            "account_receivable_turnover_ratio": 1.07,
            "reinvestment_rate": 47.61,
            "research_to_sale_ratio": 2.21,
            "price_fair": 134.08,
            "eps_avg_yearly": 3.83,
            "eps_latest_yearly": 2.08,
            "eps_growth_yearly": 395.66
        },
        "20132": {
            "year_quarter": 20132,
            "year": 2013,
            "quarter": 2,
            "eps": 0.52,
            "eps_growth_year": 0.26,
            "eps_4q": 0.52,
            "eps_4q_growth_year": -75.71,
            "roe": 1.7,
            "roe_4q": 1.7000000000000002,
            "gross_profit": 52343,
            "gross_margin": 17.73,
            "gross_margin_4q_avg": 14.2,
            "net_income": 17721,
            "revenue": 295304,
            "common_shares": 343500,
            "book_valuer_per_share": 30.28,
            "book_valuer_per_share_4q_avg": 30.2,
            "equity": 1040228,
            "current_ratio": 216.54,
            "debt_ratio": 22.66,
            "inventory_turnover_ratio": 2.3,
            "account_receivable_turnover_ratio": 1.11,
            "reinvestment_rate": 49.74,
            "research_to_sale_ratio": 1.74,
            "price_fair": 121.91,
            "eps_avg_yearly": 3.48,
            "eps_latest_yearly": 2.08,
            "eps_growth_yearly": 448.03
        },
        "20133": {
            "year_quarter": 20133,
            "year": 2013,
            "quarter": 3,
            "eps": 0.19,
            "eps_growth_year": 7151.91,
            "eps_4q": 0.7,
            "eps_4q_growth_year": -51.28,
            "roe": 0.61,
            "roe_4q": 2.3,
            "gross_profit": 35203,
            "gross_margin": 16.27,
            "gross_margin_4q_avg": 15.02,
            "net_income": 6391,
            "revenue": 216424,
            "common_shares": 343500,
            "book_valuer_per_share": 30.47,
            "book_valuer_per_share_4q_avg": 30.27,
            "equity": 1046619,
            "current_ratio": 240.52,
            "debt_ratio": 21.32,
            "inventory_turnover_ratio": 1.59,
            "account_receivable_turnover_ratio": 0.81,
            "reinvestment_rate": 44.92,
            "research_to_sale_ratio": 1.18,
            "price_fair": 119.75,
            "eps_avg_yearly": 3.42,
            "eps_latest_yearly": 0.76,
            "eps_growth_yearly": 452
        },
        "20134": {
            "year_quarter": 20134,
            "year": 2013,
            "quarter": 4,
            "eps": 0.05,
            "eps_growth_year": null,
            "eps_4q": 0.89,
            "eps_4q_growth_year": -20.96,
            "roe": 0.16,
            "roe_4q": 2.9299999999999997,
            "gross_profit": 21062,
            "gross_margin": 9.75,
            "gross_margin_4q_avg": 14.73,
            "net_income": 1643,
            "revenue": 215938,
            "common_shares": 343500,
            "book_valuer_per_share": 30.51,
            "book_valuer_per_share_4q_avg": 30.38,
            "equity": 1048002,
            "current_ratio": 256.22,
            "debt_ratio": 19.3,
            "inventory_turnover_ratio": 1.62,
            "account_receivable_turnover_ratio": 1.1,
            "reinvestment_rate": 33.4,
            "research_to_sale_ratio": 1.13,
            "price_fair": 119.11,
            "eps_avg_yearly": 3.4,
            "eps_latest_yearly": 0.2,
            "eps_growth_yearly": 451.42
        },
        "20141": {
            "year_quarter": 20141,
            "year": 2014,
            "quarter": 1,
            "eps": 0.21,
            "eps_growth_year": 50,
            "eps_4q": 0.96,
            "eps_4q_growth_year": 85.29,
            "roe": 0.68,
            "roe_4q": 3.1500000000000004,
            "gross_profit": 32732,
            "gross_margin": 12.97,
            "gross_margin_4q_avg": 14.18,
            "net_income": 7200,
            "revenue": 252288,
            "common_shares": 343500,
            "book_valuer_per_share": 30.75,
            "book_valuer_per_share_4q_avg": 30.5,
            "equity": 1056165,
            "current_ratio": 276.06,
            "debt_ratio": 23.37,
            "inventory_turnover_ratio": 1.75,
            "account_receivable_turnover_ratio": 1.28,
            "reinvestment_rate": 28.57,
            "research_to_sale_ratio": 0.76,
            "price_fair": 110.38,
            "eps_avg_yearly": 3.15,
            "eps_latest_yearly": 0.84,
            "eps_growth_yearly": 295.34
        },
        "20142": {
            "year_quarter": 20142,
            "year": 2014,
            "quarter": 2,
            "eps": 0.59,
            "eps_growth_year": 13.46,
            "eps_4q": 1.03,
            "eps_4q_growth_year": 100.89,
            "roe": 1.92,
            "roe_4q": 3.37,
            "gross_profit": 55255,
            "gross_margin": 16.89,
            "gross_margin_4q_avg": 13.97,
            "net_income": 20308,
            "revenue": 327130,
            "common_shares": 343500,
            "book_valuer_per_share": 30.8,
            "book_valuer_per_share_4q_avg": 30.63,
            "equity": 1058102,
            "current_ratio": 207.5,
            "debt_ratio": 27.62,
            "inventory_turnover_ratio": 1.89,
            "account_receivable_turnover_ratio": 1.39,
            "reinvestment_rate": 42.88,
            "research_to_sale_ratio": 0.58,
            "price_fair": 95.63,
            "eps_avg_yearly": 2.73,
            "eps_latest_yearly": 2.36,
            "eps_growth_yearly": 322.66
        },
        "20143": {
            "year_quarter": 20143,
            "year": 2014,
            "quarter": 3,
            "eps": 0,
            "eps_growth_year": -100,
            "eps_4q": 0.85,
            "eps_4q_growth_year": 21.04,
            "roe": -0.01,
            "roe_4q": 2.75,
            "gross_profit": 30054,
            "gross_margin": 11.05,
            "gross_margin_4q_avg": 12.67,
            "net_income": -111,
            "revenue": 272038,
            "common_shares": 343500,
            "book_valuer_per_share": 30.83,
            "book_valuer_per_share_4q_avg": 30.72,
            "equity": 1059053,
            "current_ratio": 215.53,
            "debt_ratio": 29.31,
            "inventory_turnover_ratio": 1.44,
            "account_receivable_turnover_ratio": 1.13,
            "reinvestment_rate": 55.79,
            "research_to_sale_ratio": 1.03,
            "price_fair": 90.65,
            "eps_avg_yearly": 2.59,
            "eps_latest_yearly": 2.36,
            "eps_growth_yearly": 364
        },
        "20144": {
            "year_quarter": 20144,
            "year": 2014,
            "quarter": 4,
            "eps": -0.2,
            "eps_growth_year": -524.41,
            "eps_4q": 0.59,
            "eps_4q_growth_year": -33.08,
            "roe": -0.66,
            "roe_4q": 1.9300000000000002,
            "gross_profit": 23769,
            "gross_margin": 8.02,
            "gross_margin_4q_avg": 12.23,
            "net_income": -6973,
            "revenue": 296439,
            "common_shares": 343500,
            "book_valuer_per_share": 30.66,
            "book_valuer_per_share_4q_avg": 30.76,
            "equity": 1053173,
            "current_ratio": 239.33,
            "debt_ratio": 25.43,
            "inventory_turnover_ratio": 1.64,
            "account_receivable_turnover_ratio": 1.33,
            "reinvestment_rate": 66.9,
            "research_to_sale_ratio": 0.82,
            "price_fair": 94.05,
            "eps_avg_yearly": 2.69,
            "eps_latest_yearly": 2.36,
            "eps_growth_yearly": 421.01
        },
        "20151": {
            "year_quarter": 20151,
            "year": 2015,
            "quarter": 1,
            "eps": 0.43,
            "eps_growth_year": 104.76,
            "eps_4q": 0.82,
            "eps_4q_growth_year": -15.03,
            "roe": 1.39,
            "roe_4q": 2.6399999999999997,
            "gross_profit": 45574,
            "gross_margin": 17.89,
            "gross_margin_4q_avg": 13.46,
            "net_income": 14779,
            "revenue": 254696,
            "common_shares": 343500,
            "book_valuer_per_share": 31.07,
            "book_valuer_per_share_4q_avg": 30.84,
            "equity": 1067312,
            "current_ratio": 246.49,
            "debt_ratio": 24.8,
            "inventory_turnover_ratio": 1.37,
            "account_receivable_turnover_ratio": 1.18,
            "reinvestment_rate": 74.4,
            "research_to_sale_ratio": 0.85,
            "price_fair": 80.5,
            "eps_avg_yearly": 2.3,
            "eps_latest_yearly": 2.36,
            "eps_growth_yearly": 330.48
        },
        "20152": {
            "year_quarter": 20152,
            "year": 2015,
            "quarter": 2,
            "eps": 0.27,
            "eps_growth_year": -54.24,
            "eps_4q": 0.5,
            "eps_4q_growth_year": -52.14,
            "roe": 0.88,
            "roe_4q": 1.5999999999999999,
            "gross_profit": 43064,
            "gross_margin": 16.07,
            "gross_margin_4q_avg": 13.26,
            "net_income": 9317,
            "revenue": 267975,
            "common_shares": 343500,
            "book_valuer_per_share": 30.79,
            "book_valuer_per_share_4q_avg": 30.84,
            "equity": 1057774,
            "current_ratio": 228.43,
            "debt_ratio": 27.58,
            "inventory_turnover_ratio": 1.37,
            "account_receivable_turnover_ratio": 1.17,
            "reinvestment_rate": 89.78,
            "research_to_sale_ratio": 0.92,
            "price_fair": 57.96,
            "eps_avg_yearly": 1.66,
            "eps_latest_yearly": 1.08,
            "eps_growth_yearly": 309.74
        },
        "20153": {
            "year_quarter": 20153,
            "year": 2015,
            "quarter": 3,
            "eps": 0.53,
            "eps_growth_year": null,
            "eps_4q": 1.03,
            "eps_4q_growth_year": 21.99,
            "roe": 1.71,
            "roe_4q": 3.3199999999999994,
            "gross_profit": 51906,
            "gross_margin": 23.47,
            "gross_margin_4q_avg": 16.36,
            "net_income": 18304,
            "revenue": 221174,
            "common_shares": 343500,
            "book_valuer_per_share": 31.44,
            "book_valuer_per_share_4q_avg": 30.99,
            "equity": 1079997,
            "current_ratio": 237.46,
            "debt_ratio": 23.82,
            "inventory_turnover_ratio": 0.97,
            "account_receivable_turnover_ratio": 1,
            "reinvestment_rate": 82.77,
            "research_to_sale_ratio": 0.88,
            "price_fair": 53.2,
            "eps_avg_yearly": 1.52,
            "eps_latest_yearly": 2.12,
            "eps_growth_yearly": 369.75
        },
        "20154": {
            "year_quarter": 20154,
            "year": 2015,
            "quarter": 4,
            "eps": -0.8,
            "eps_growth_year": null,
            "eps_4q": 0.44,
            "eps_4q_growth_year": -26.35,
            "roe": -2.57,
            "roe_4q": 1.4100000000000001,
            "gross_profit": 40627,
            "gross_margin": 19.05,
            "gross_margin_4q_avg": 19.12,
            "net_income": -27358,
            "revenue": 213248,
            "common_shares": 343500,
            "book_valuer_per_share": 30.63,
            "book_valuer_per_share_4q_avg": 30.98,
            "equity": 1051984,
            "current_ratio": 251.58,
            "debt_ratio": 23.28,
            "inventory_turnover_ratio": 0.98,
            "account_receivable_turnover_ratio": 1.15,
            "reinvestment_rate": 90.55,
            "research_to_sale_ratio": 1.12,
            "price_fair": 56.47,
            "eps_avg_yearly": 1.61,
            "eps_latest_yearly": 2.12,
            "eps_growth_yearly": 446.59
        },
        "20161": {
            "year_quarter": 20161,
            "year": 2016,
            "quarter": 1,
            "eps": 0.48,
            "eps_growth_year": 11.63,
            "eps_4q": 0.49,
            "eps_4q_growth_year": -40.01,
            "roe": 1.56,
            "roe_4q": 1.58,
            "gross_profit": 50978,
            "gross_margin": 20.71,
            "gross_margin_4q_avg": 19.83,
            "net_income": 16535,
            "revenue": 246153,
            "common_shares": 343500,
            "book_valuer_per_share": 31.08,
            "book_valuer_per_share_4q_avg": 30.99,
            "equity": 1067633,
            "current_ratio": 239.91,
            "debt_ratio": 24.22,
            "inventory_turnover_ratio": 1.07,
            "account_receivable_turnover_ratio": 1.29,
            "reinvestment_rate": 110.03,
            "research_to_sale_ratio": 1.12,
            "price_fair": 50.4,
            "eps_avg_yearly": 1.44,
            "eps_latest_yearly": 2.12,
            "eps_growth_yearly": 331.83
        },
        "20162": {
            "year_quarter": 20162,
            "year": 2016,
            "quarter": 2,
            "eps": -0.14,
            "eps_growth_year": -151.85,
            "eps_4q": 0.07,
            "eps_4q_growth_year": -85.11,
            "roe": -0.47,
            "roe_4q": 0.2300000000000002,
            "gross_profit": 35305,
            "gross_margin": 16.52,
            "gross_margin_4q_avg": 19.94,
            "net_income": -4948,
            "revenue": 213662,
            "common_shares": 343500,
            "book_valuer_per_share": 30.44,
            "book_valuer_per_share_4q_avg": 30.9,
            "equity": 1045706,
            "current_ratio": 234.06,
            "debt_ratio": 24.73,
            "inventory_turnover_ratio": 0.84,
            "account_receivable_turnover_ratio": 1.1,
            "reinvestment_rate": 71.89,
            "research_to_sale_ratio": 0.87,
            "price_fair": 47.2,
            "eps_avg_yearly": 1.35,
            "eps_latest_yearly": 2.12,
            "eps_growth_yearly": 396.76
        },
        "20163": {
            "year_quarter": 20163,
            "year": 2016,
            "quarter": 3,
            "eps": -0.04,
            "eps_growth_year": -107.55,
            "eps_4q": -0.5,
            "eps_4q_growth_year": -148.08,
            "roe": -0.12,
            "roe_4q": -1.5999999999999996,
            "gross_profit": 26224,
            "gross_margin": 12.9,
            "gross_margin_4q_avg": 17.3,
            "net_income": -1261,
            "revenue": 203220,
            "common_shares": 343500,
            "book_valuer_per_share": 30.4,
            "book_valuer_per_share_4q_avg": 30.64,
            "equity": 1044240,
            "current_ratio": 266.99,
            "debt_ratio": 21.59,
            "inventory_turnover_ratio": 0.76,
            "account_receivable_turnover_ratio": 1.2,
            "reinvestment_rate": 3.18,
            "research_to_sale_ratio": 0.81,
            "price_fair": 47.2,
            "eps_avg_yearly": 1.35,
            "eps_latest_yearly": 2.12,
            "eps_growth_yearly": 396.76
        },
        "20164": {
            "year_quarter": 20164,
            "year": 2016,
            "quarter": 4,
            "eps": -0.06,
            "eps_growth_year": null,
            "eps_4q": 0.24,
            "eps_4q_growth_year": -44.06,
            "roe": -0.18,
            "roe_4q": 0.79,
            "gross_profit": 21858,
            "gross_margin": 9.06,
            "gross_margin_4q_avg": 14.8,
            "net_income": -1911,
            "revenue": 241292,
            "common_shares": 343500,
            "book_valuer_per_share": 30.33,
            "book_valuer_per_share_4q_avg": 30.56,
            "equity": 1041910,
            "current_ratio": 267.65,
            "debt_ratio": 21.28,
            "inventory_turnover_ratio": 1.01,
            "account_receivable_turnover_ratio": 1.2,
            "reinvestment_rate": -27.27,
            "research_to_sale_ratio": 1.02,
            "price_fair": 47.2,
            "eps_avg_yearly": 1.35,
            "eps_latest_yearly": 2.12,
            "eps_growth_yearly": 396.76
        },
        "20171": {
            "year_quarter": 20171,
            "year": 2017,
            "quarter": 1,
            "eps": -0.16,
            "eps_growth_year": -133.33,
            "eps_4q": -0.4,
            "eps_4q_growth_year": -181.47,
            "roe": -0.54,
            "roe_4q": -1.31,
            "gross_profit": 23556,
            "gross_margin": 11.27,
            "gross_margin_4q_avg": 12.44,
            "net_income": -5566,
            "revenue": 209059,
            "common_shares": 343500,
            "book_valuer_per_share": 30.16,
            "book_valuer_per_share_4q_avg": 30.33,
            "equity": 1035963,
            "current_ratio": 259.01,
            "debt_ratio": 21.64,
            "inventory_turnover_ratio": 0.89,
            "account_receivable_turnover_ratio": 0.95,
            "reinvestment_rate": -11.14,
            "research_to_sale_ratio": 1.5,
            "price_fair": 47.2,
            "eps_avg_yearly": 1.35,
            "eps_latest_yearly": 2.12,
            "eps_growth_yearly": 396.76
        },
        "20172": {
            "year_quarter": 20172,
            "year": 2017,
            "quarter": 2,
            "eps": 0.06,
            "eps_growth_year": null,
            "eps_4q": -0.2,
            "eps_4q_growth_year": -366.44,
            "roe": 0.19,
            "roe_4q": -0.65,
            "gross_profit": 25482,
            "gross_margin": 11.77,
            "gross_margin_4q_avg": 11.25,
            "net_income": 1989,
            "revenue": 216409,
            "common_shares": 343500,
            "book_valuer_per_share": 29.71,
            "book_valuer_per_share_4q_avg": 30.15,
            "equity": 1020582,
            "current_ratio": 228.03,
            "debt_ratio": 23.8,
            "inventory_turnover_ratio": 0.91,
            "account_receivable_turnover_ratio": 1.12,
            "reinvestment_rate": -44.46,
            "research_to_sale_ratio": 2.22,
            "price_fair": 42.93,
            "eps_avg_yearly": 1.23,
            "eps_latest_yearly": 2.12,
            "eps_growth_yearly": 281.93
        },
        "20173": {
            "year_quarter": 20173,
            "year": 2017,
            "quarter": 3,
            "eps": -0.4,
            "eps_growth_year": null,
            "eps_4q": -0.56,
            "eps_4q_growth_year": null,
            "roe": -1.36,
            "roe_4q": -1.8900000000000001,
            "gross_profit": 15351,
            "gross_margin": 9.12,
            "gross_margin_4q_avg": 10.31,
            "net_income": -13754,
            "revenue": 168383,
            "common_shares": 343500,
            "book_valuer_per_share": 29.3,
            "book_valuer_per_share_4q_avg": 29.88,
            "equity": 1006583,
            "current_ratio": 238.59,
            "debt_ratio": 22.24,
            "inventory_turnover_ratio": 0.75,
            "account_receivable_turnover_ratio": 1.03,
            "reinvestment_rate": -65.76,
            "research_to_sale_ratio": 4.26,
            "price_fair": 46.2,
            "eps_avg_yearly": 1.32,
            "eps_latest_yearly": 2.12,
            "eps_growth_yearly": 389.08
        },
        "20174": {
            "year_quarter": 20174,
            "year": 2017,
            "quarter": 4,
            "eps": -1.39,
            "eps_growth_year": null,
            "eps_4q": -1.89,
            "eps_4q_growth_year": -872.18,
            "roe": -4.85,
            "roe_4q": -6.56,
            "gross_profit": -15520,
            "gross_margin": -8.35,
            "gross_margin_4q_avg": 5.95,
            "net_income": -47648,
            "revenue": 185799,
            "common_shares": 343500,
            "book_valuer_per_share": 27.9,
            "book_valuer_per_share_4q_avg": 29.27,
            "equity": 958346,
            "current_ratio": 220.46,
            "debt_ratio": 23.01,
            "inventory_turnover_ratio": 1.06,
            "account_receivable_turnover_ratio": 1.23,
            "reinvestment_rate": null,
            "research_to_sale_ratio": 3.16,
            "price_fair": 56,
            "eps_avg_yearly": 1.6,
            "eps_latest_yearly": 2.12,
            "eps_growth_yearly": 560.04
        },
        "20181": {
            "year_quarter": 20181,
            "year": 2018,
            "quarter": 1,
            "eps": 0.07,
            "eps_growth_year": null,
            "eps_4q": -1.66,
            "eps_4q_growth_year": null,
            "roe": 0.24,
            "roe_4q": -5.779999999999999,
            "gross_profit": 34710,
            "gross_margin": 16.72,
            "gross_margin_4q_avg": 7.32,
            "net_income": 2326,
            "revenue": 207628,
            "common_shares": 343500,
            "book_valuer_per_share": 27.95,
            "book_valuer_per_share_4q_avg": 28.72,
            "equity": 960174,
            "current_ratio": 220.06,
            "debt_ratio": 23.11,
            "inventory_turnover_ratio": 0.94,
            "account_receivable_turnover_ratio": 1.3,
            "reinvestment_rate": null,
            "research_to_sale_ratio": 2.32,
            "price_fair": 64.87,
            "eps_avg_yearly": 1.85,
            "eps_latest_yearly": 2.12,
            "eps_growth_yearly": 320.05
        },
        "20182": {
            "year_quarter": 20182,
            "year": 2018,
            "quarter": 2,
            "eps": 0.17,
            "eps_growth_year": 183.33,
            "eps_4q": -1.55,
            "eps_4q_growth_year": null,
            "roe": 0.6,
            "roe_4q": -5.37,
            "gross_profit": 39933,
            "gross_margin": 17.21,
            "gross_margin_4q_avg": 8.68,
            "net_income": 5794,
            "revenue": 231969,
            "common_shares": 343500,
            "book_valuer_per_share": 28.14,
            "book_valuer_per_share_4q_avg": 28.32,
            "equity": 966522,
            "current_ratio": 215.25,
            "debt_ratio": 23.62,
            "inventory_turnover_ratio": 1.05,
            "account_receivable_turnover_ratio": 1.33,
            "reinvestment_rate": null,
            "research_to_sale_ratio": 3.63,
            "price_fair": 45.27,
            "eps_avg_yearly": 1.29,
            "eps_latest_yearly": 0.68,
            "eps_growth_yearly": 269.26
        },
        "20183": {
            "year_quarter": 20183,
            "year": 2018,
            "quarter": 3,
            "eps": 0.33,
            "eps_growth_year": null,
            "eps_4q": -0.82,
            "eps_4q_growth_year": null,
            "roe": 1.18,
            "roe_4q": -2.83,
            "gross_profit": 21052,
            "gross_margin": 13.74,
            "gross_margin_4q_avg": 9.83,
            "net_income": 11501,
            "revenue": 153175,
            "common_shares": 343500,
            "book_valuer_per_share": 28.47,
            "book_valuer_per_share_4q_avg": 28.12,
            "equity": 977896,
            "current_ratio": 256.15,
            "debt_ratio": 20.62,
            "inventory_turnover_ratio": 0.75,
            "account_receivable_turnover_ratio": 0.98,
            "reinvestment_rate": null,
            "research_to_sale_ratio": 2.77,
            "price_fair": 45.5,
            "eps_avg_yearly": 1.3,
            "eps_latest_yearly": 1.32,
            "eps_growth_yearly": 296.06
        },
        "20184": {
            "year_quarter": 20184,
            "year": 2018,
            "quarter": 4,
            "eps": -1.37,
            "eps_growth_year": null,
            "eps_4q": -0.8,
            "eps_4q_growth_year": null,
            "roe": -4.93,
            "roe_4q": -2.91,
            "gross_profit": -29020,
            "gross_margin": -19.46,
            "gross_margin_4q_avg": 7.05,
            "net_income": -47057,
            "revenue": 149136,
            "common_shares": 343500,
            "book_valuer_per_share": 27.11,
            "book_valuer_per_share_4q_avg": 27.92,
            "equity": 931176,
            "current_ratio": 209.4,
            "debt_ratio": 24.44,
            "inventory_turnover_ratio": 0.98,
            "account_receivable_turnover_ratio": 1.06,
            "reinvestment_rate": null,
            "research_to_sale_ratio": 3.16,
            "price_fair": 45.5,
            "eps_avg_yearly": 1.3,
            "eps_latest_yearly": 1.32,
            "eps_growth_yearly": 296.06
        },
        "20191": {
            "year_quarter": 20191,
            "year": 2019,
            "quarter": 1,
            "eps": -1.66,
            "eps_growth_year": -2471.43,
            "eps_4q": -2.52,
            "eps_4q_growth_year": null,
            "roe": -6.3,
            "roe_4q": -9.450000000000001,
            "gross_profit": -31615,
            "gross_margin": -17.78,
            "gross_margin_4q_avg": -1.57,
            "net_income": -56952,
            "revenue": 177860,
            "common_shares": 343500,
            "book_valuer_per_share": 25.52,
            "book_valuer_per_share_4q_avg": 27.31,
            "equity": 876591,
            "current_ratio": 183.26,
            "debt_ratio": 26.42,
            "inventory_turnover_ratio": 1.24,
            "account_receivable_turnover_ratio": 1.13,
            "reinvestment_rate": null,
            "research_to_sale_ratio": 2.03,
            "price_fair": 45.5,
            "eps_avg_yearly": 1.3,
            "eps_latest_yearly": 1.32,
            "eps_growth_yearly": 296.06
        },
        "20192": {
            "year_quarter": 20192,
            "year": 2019,
            "quarter": 2,
            "eps": -0.52,
            "eps_growth_year": -405.88,
            "eps_4q": -3.21,
            "eps_4q_growth_year": null,
            "roe": -2.06,
            "roe_4q": -12.11,
            "gross_profit": 15558,
            "gross_margin": 8.42,
            "gross_margin_4q_avg": -3.77,
            "net_income": -17898,
            "revenue": 184883,
            "common_shares": 343500,
            "book_valuer_per_share": 25,
            "book_valuer_per_share_4q_avg": 26.53,
            "equity": 858696,
            "current_ratio": 194.39,
            "debt_ratio": 21.42,
            "inventory_turnover_ratio": 1.27,
            "account_receivable_turnover_ratio": 1.2,
            "reinvestment_rate": null,
            "research_to_sale_ratio": 1.83,
            "price_fair": 48.07,
            "eps_avg_yearly": 1.37,
            "eps_latest_yearly": 1.32,
            "eps_growth_yearly": 444.36
        },
        "20193": {
            "year_quarter": 20193,
            "year": 2019,
            "quarter": 3,
            "eps": -1.81,
            "eps_growth_year": -648.48,
            "eps_4q": -5.36,
            "eps_4q_growth_year": null,
            "roe": -7.51,
            "roe_4q": -20.8,
            "gross_profit": -43314,
            "gross_margin": -30.8,
            "gross_margin_4q_avg": -14.91,
            "net_income": -62107,
            "revenue": 140632,
            "common_shares": 343500,
            "book_valuer_per_share": 23.18,
            "book_valuer_per_share_4q_avg": 25.2,
            "equity": 796109,
            "current_ratio": 170.99,
            "debt_ratio": 22.54,
            "inventory_turnover_ratio": 1.73,
            "account_receivable_turnover_ratio": 1.01,
            "reinvestment_rate": null,
            "research_to_sale_ratio": 2.45,
            "price_fair": 35,
            "eps_avg_yearly": 1,
            "eps_latest_yearly": 1.32,
            "eps_growth_yearly": 473.95
        },
        "20194": {
            "year_quarter": 20194,
            "year": 2019,
            "quarter": 4,
            "eps": -0.76,
            "eps_growth_year": null,
            "eps_4q": -4.75,
            "eps_4q_growth_year": null,
            "roe": -3.34,
            "roe_4q": -19.21,
            "gross_profit": 954,
            "gross_margin": 0.76,
            "gross_margin_4q_avg": -9.85,
            "net_income": -26170,
            "revenue": 124829,
            "common_shares": 343500,
            "book_valuer_per_share": 22.41,
            "book_valuer_per_share_4q_avg": 24.03,
            "equity": 769923,
            "current_ratio": 164.07,
            "debt_ratio": 22.38,
            "inventory_turnover_ratio": 1.1,
            "account_receivable_turnover_ratio": 1.07,
            "reinvestment_rate": null,
            "research_to_sale_ratio": 2.79,
            "price_fair": 35,
            "eps_avg_yearly": 1,
            "eps_latest_yearly": 1.32,
            "eps_growth_yearly": 473.95
        },
        "20201": {
            "year_quarter": 20201,
            "year": 2020,
            "quarter": 1,
            "eps": -0.33,
            "eps_growth_year": null,
            "eps_4q": -3.42,
            "eps_4q_growth_year": null,
            "roe": -1.5,
            "roe_4q": -14.41,
            "gross_profit": 25565,
            "gross_margin": 14.55,
            "gross_margin_4q_avg": -1.77,
            "net_income": -11473,
            "revenue": 175734,
            "common_shares": 343500,
            "book_valuer_per_share": 22.08,
            "book_valuer_per_share_4q_avg": 23.17,
            "equity": 758454,
            "current_ratio": 174.84,
            "debt_ratio": 20.88,
            "inventory_turnover_ratio": 1.24,
            "account_receivable_turnover_ratio": 1.5,
            "reinvestment_rate": null,
            "research_to_sale_ratio": 2.51,
            "price_fair": 35,
            "eps_avg_yearly": 1,
            "eps_latest_yearly": 1.32,
            "eps_growth_yearly": 473.95
        },
        "20202": {
            "year_quarter": 20202,
            "year": 2020,
            "quarter": 2,
            "eps": -0.11,
            "eps_growth_year": null,
            "eps_4q": -3.02,
            "eps_4q_growth_year": null,
            "roe": -0.51,
            "roe_4q": -12.86,
            "gross_profit": 21787,
            "gross_margin": 12.97,
            "gross_margin_4q_avg": -0.63,
            "net_income": -3841,
            "revenue": 168033,
            "common_shares": 343500,
            "book_valuer_per_share": 21.97,
            "book_valuer_per_share_4q_avg": 22.41,
            "equity": 754605,
            "current_ratio": 151.25,
            "debt_ratio": 26.82,
            "inventory_turnover_ratio": 1.2,
            "account_receivable_turnover_ratio": 1.21,
            "reinvestment_rate": null,
            "research_to_sale_ratio": 3.57,
            "price_fair": 35,
            "eps_avg_yearly": 1,
            "eps_latest_yearly": 1.32,
            "eps_growth_yearly": 473.95
        },
        "20203": {
            "year_quarter": 20203,
            "year": 2020,
            "quarter": 3,
            "eps": -0.09,
            "eps_growth_year": null,
            "eps_4q": -1.29,
            "eps_4q_growth_year": null,
            "roe": -0.39,
            "roe_4q": -5.74,
            "gross_profit": 18530,
            "gross_margin": 11.3,
            "gross_margin_4q_avg": 9.9,
            "net_income": -2927,
            "revenue": 163990,
            "common_shares": 343500,
            "book_valuer_per_share": 21.9,
            "book_valuer_per_share_4q_avg": 22.09,
            "equity": 752158,
            "current_ratio": 267.29,
            "debt_ratio": 23.19,
            "inventory_turnover_ratio": 1.35,
            "account_receivable_turnover_ratio": 1.33,
            "reinvestment_rate": null,
            "research_to_sale_ratio": 4.51,
            "price_fair": 35,
            "eps_avg_yearly": 1,
            "eps_latest_yearly": 1.32,
            "eps_growth_yearly": 473.95
        },
        "20204": {
            "year_quarter": 20204,
            "year": 2020,
            "quarter": 4,
            "eps": -0.71,
            "eps_growth_year": null,
            "eps_4q": -1.24,
            "eps_4q_growth_year": null,
            "roe": -3.3,
            "roe_4q": -5.7,
            "gross_profit": 4421,
            "gross_margin": 3.65,
            "gross_margin_4q_avg": 10.62,
            "net_income": -24407,
            "revenue": 121051,
            "common_shares": 343500,
            "book_valuer_per_share": 21.19,
            "book_valuer_per_share_4q_avg": 21.79,
            "equity": 727745,
            "current_ratio": 243.44,
            "debt_ratio": 24.02,
            "inventory_turnover_ratio": 1.43,
            "account_receivable_turnover_ratio": 1.17,
            "reinvestment_rate": null,
            "research_to_sale_ratio": 9.91,
            "price_fair": 35,
            "eps_avg_yearly": 1,
            "eps_latest_yearly": 1.32,
            "eps_growth_yearly": 473.95
        },
        "20211": {
            "year_quarter": 20211,
            "year": 2021,
            "quarter": 1,
            "eps": 0.56,
            "eps_growth_year": null,
            "eps_4q": -0.35,
            "eps_4q_growth_year": null,
            "roe": 2.61,
            "roe_4q": -1.59,
            "gross_profit": 41333,
            "gross_margin": 22.25,
            "gross_margin_4q_avg": 12.54,
            "net_income": 19152,
            "revenue": 185731,
            "common_shares": 343500,
            "book_valuer_per_share": 21.6,
            "book_valuer_per_share_4q_avg": 21.67,
            "equity": 742050,
            "current_ratio": 219.48,
            "debt_ratio": 26.05,
            "inventory_turnover_ratio": 1.86,
            "account_receivable_turnover_ratio": 1.38,
            "reinvestment_rate": null,
            "research_to_sale_ratio": 4.36,
            "price_fair": 35,
            "eps_avg_yearly": 1,
            "eps_latest_yearly": 1.32,
            "eps_growth_yearly": 473.95
        },
        "20212": {
            "year_quarter": 20212,
            "year": 2021,
            "quarter": 2,
            "eps": 1.14,
            "eps_growth_year": null,
            "eps_4q": 0.9,
            "eps_4q_growth_year": null,
            "roe": 5.14,
            "roe_4q": 4.0600000000000005,
            "gross_profit": 59371,
            "gross_margin": 26.61,
            "gross_margin_4q_avg": 15.95,
            "net_income": 38642,
            "revenue": 223111,
            "common_shares": 343500,
            "book_valuer_per_share": 22.51,
            "book_valuer_per_share_4q_avg": 21.8,
            "equity": 761899,
            "current_ratio": 216.75,
            "debt_ratio": 26.42,
            "inventory_turnover_ratio": 2.16,
            "account_receivable_turnover_ratio": 1.25,
            "reinvestment_rate": null,
            "research_to_sale_ratio": 4.68,
            "price_fair": 76.53,
            "eps_avg_yearly": 2.19,
            "eps_latest_yearly": 4.56,
            "eps_growth_yearly": 454.06
        },
        "20213": {
            "year_quarter": 20213,
            "year": 2021,
            "quarter": 3,
            "eps": -0.05,
            "eps_growth_year": null,
            "eps_4q": 0.93,
            "eps_4q_growth_year": null,
            "roe": -0.21,
            "roe_4q": 4.239999999999999,
            "gross_profit": 35864,
            "gross_margin": 19.22,
            "gross_margin_4q_avg": 17.93,
            "net_income": -1640,
            "revenue": 186630,
            "common_shares": 343500,
            "book_valuer_per_share": 22.65,
            "book_valuer_per_share_4q_avg": 21.99,
            "equity": 776107,
            "current_ratio": 215.14,
            "debt_ratio": 25.92,
            "inventory_turnover_ratio": 2.01,
            "account_receivable_turnover_ratio": 1.07,
            "reinvestment_rate": null,
            "research_to_sale_ratio": 4.47,
            "price_fair": 76.53,
            "eps_avg_yearly": 2.19,
            "eps_latest_yearly": 4.56,
            "eps_growth_yearly": 454.06
        },
        "20214": {
            "year_quarter": 20214,
            "year": 2021,
            "quarter": 4,
            "eps": -0.25,
            "eps_growth_year": null,
            "eps_4q": 1.39,
            "eps_4q_growth_year": null,
            "roe": -1.11,
            "roe_4q": 6.43,
            "gross_profit": 21167,
            "gross_margin": 10.68,
            "gross_margin_4q_avg": 19.69,
            "net_income": -8595,
            "revenue": 198266,
            "common_shares": 343500,
            "book_valuer_per_share": 22.4,
            "book_valuer_per_share_4q_avg": 22.29,
            "equity": 767512,
            "current_ratio": 163.41,
            "debt_ratio": 31.15,
            "inventory_turnover_ratio": 1.96,
            "account_receivable_turnover_ratio": 1.11,
            "reinvestment_rate": null,
            "research_to_sale_ratio": 4.46,
            "price_fair": 76.53,
            "eps_avg_yearly": 2.19,
            "eps_latest_yearly": 4.56,
            "eps_growth_yearly": 454.06
        },
        "20221": {
            "year_quarter": 20221,
            "year": 2022,
            "quarter": 1,
            "eps": -0.03,
            "eps_growth_year": -105.36,
            "eps_4q": 0.8,
            "eps_4q_growth_year": null,
            "roe": -0.13,
            "roe_4q": 3.6899999999999995,
            "gross_profit": 49252,
            "gross_margin": 19.19,
            "gross_margin_4q_avg": 18.93,
            "net_income": -987,
            "revenue": 256614,
            "common_shares": 343500,
            "book_valuer_per_share": 22.42,
            "book_valuer_per_share_4q_avg": 22.5,
            "equity": 769973,
            "current_ratio": 100.95,
            "debt_ratio": 40.3,
            "inventory_turnover_ratio": 2.1,
            "account_receivable_turnover_ratio": 1.23,
            "reinvestment_rate": null,
            "research_to_sale_ratio": 2.91,
            "price_fair": 76.53,
            "eps_avg_yearly": 2.19,
            "eps_latest_yearly": 4.56,
            "eps_growth_yearly": 454.06
        }
    },
    "months": {
        "2009-09": {
            "month": "2009-09",
            "price": "48.80",
            "revenue": 54467
        },
        "2009-10": {
            "month": "2009-10",
            "price": "47.74",
            "revenue": 49297
        },
        "2009-11": {
            "month": "2009-11",
            "price": "44.20",
            "revenue": 44718
        },
        "2009-12": {
            "month": "2009-12",
            "price": "45.23",
            "revenue": 42531
        },
        "2010-01": {
            "month": "2010-01",
            "price": "44.71",
            "revenue": 64066
        },
        "2010-02": {
            "month": "2010-02",
            "price": "42.76",
            "revenue": 58155
        },
        "2010-03": {
            "month": "2010-03",
            "price": "43.93",
            "revenue": 98905
        },
        "2010-04": {
            "month": "2010-04",
            "price": "48.53",
            "revenue": 115238
        },
        "2010-05": {
            "month": "2010-05",
            "price": "54.27",
            "revenue": 111423
        },
        "2010-06": {
            "month": "2010-06",
            "price": "53.65",
            "revenue": 59444
        },
        "2010-07": {
            "month": "2010-07",
            "price": "50.41",
            "revenue": 57406
        },
        "2010-08": {
            "month": "2010-08",
            "price": "52.81",
            "revenue": 71366
        },
        "2010-09": {
            "month": "2010-09",
            "price": "59.27",
            "revenue": 93041
        },
        "2010-10": {
            "month": "2010-10",
            "price": "57.35",
            "revenue": 66958
        },
        "2010-11": {
            "month": "2010-11",
            "price": "52.51",
            "revenue": 60861
        },
        "2010-12": {
            "month": "2010-12",
            "price": "52.28",
            "revenue": 66585
        },
        "2011-01": {
            "month": "2011-01",
            "price": "50.65",
            "revenue": 64616
        },
        "2011-02": {
            "month": "2011-02",
            "price": "49.58",
            "revenue": 81809
        },
        "2011-03": {
            "month": "2011-03",
            "price": "48.45",
            "revenue": 127386
        },
        "2011-04": {
            "month": "2011-04",
            "price": "52.27",
            "revenue": 117703
        },
        "2011-05": {
            "month": "2011-05",
            "price": "55.18",
            "revenue": 116505
        },
        "2011-06": {
            "month": "2011-06",
            "price": "51.97",
            "revenue": 78019
        },
        "2011-07": {
            "month": "2011-07",
            "price": "50.86",
            "revenue": 59821
        },
        "2011-08": {
            "month": "2011-08",
            "price": "46.61",
            "revenue": 72641
        },
        "2011-09": {
            "month": "2011-09",
            "price": "43.73",
            "revenue": 80187
        },
        "2011-10": {
            "month": "2011-10",
            "price": "40.74",
            "revenue": 54654
        },
        "2011-11": {
            "month": "2011-11",
            "price": "38.49",
            "revenue": 54673
        },
        "2011-12": {
            "month": "2011-12",
            "price": "37.29",
            "revenue": 71133
        },
        "2012-01": {
            "month": "2012-01",
            "price": "38.76",
            "revenue": 59058
        },
        "2012-02": {
            "month": "2012-02",
            "price": "41.92",
            "revenue": 92339
        },
        "2012-03": {
            "month": "2012-03",
            "price": "45.36",
            "revenue": 109222
        },
        "2012-04": {
            "month": "2012-04",
            "price": "42.26",
            "revenue": 92005
        },
        "2012-05": {
            "month": "2012-05",
            "price": "39.28",
            "revenue": 74452
        },
        "2012-06": {
            "month": "2012-06",
            "price": "37.88",
            "revenue": 55160
        },
        "2012-07": {
            "month": "2012-07",
            "price": "34.20",
            "revenue": 70010
        },
        "2012-08": {
            "month": "2012-08",
            "price": "33.01",
            "revenue": 73724
        },
        "2012-09": {
            "month": "2012-09",
            "price": "32.92",
            "revenue": 68714
        },
        "2012-10": {
            "month": "2012-10",
            "price": "31.92",
            "revenue": 69838
        },
        "2012-11": {
            "month": "2012-11",
            "price": "27.45",
            "revenue": 47625
        },
        "2012-12": {
            "month": "2012-12",
            "price": "27.95",
            "revenue": 61849
        },
        "2013-01": {
            "month": "2013-01",
            "price": "28.14",
            "revenue": 73273
        },
        "2013-02": {
            "month": "2013-02",
            "price": "27.75",
            "revenue": 53197
        },
        "2013-03": {
            "month": "2013-03",
            "price": "27.97",
            "revenue": 88252
        },
        "2013-04": {
            "month": "2013-04",
            "price": "26.02",
            "revenue": 106494
        },
        "2013-05": {
            "month": "2013-05",
            "price": "25.92",
            "revenue": 119521
        },
        "2013-06": {
            "month": "2013-06",
            "price": "29.04",
            "revenue": 69288
        },
        "2013-07": {
            "month": "2013-07",
            "price": "28.15",
            "revenue": 51959
        },
        "2013-08": {
            "month": "2013-08",
            "price": "27.45",
            "revenue": 86935
        },
        "2013-09": {
            "month": "2013-09",
            "price": "26.94",
            "revenue": 77531
        },
        "2013-10": {
            "month": "2013-10",
            "price": "29.07",
            "revenue": 79002
        },
        "2013-11": {
            "month": "2013-11",
            "price": "34.30",
            "revenue": 74631
        },
        "2013-12": {
            "month": "2013-12",
            "price": "34.49",
            "revenue": 62305
        },
        "2014-01": {
            "month": "2014-01",
            "price": "31.38",
            "revenue": 76668
        },
        "2014-02": {
            "month": "2014-02",
            "price": "30.96",
            "revenue": 70732
        },
        "2014-03": {
            "month": "2014-03",
            "price": "31.93",
            "revenue": 104888
        },
        "2014-04": {
            "month": "2014-04",
            "price": "32.97",
            "revenue": 131313
        },
        "2014-05": {
            "month": "2014-05",
            "price": "33.46",
            "revenue": 115869
        },
        "2014-06": {
            "month": "2014-06",
            "price": "32.55",
            "revenue": 79948
        },
        "2014-07": {
            "month": "2014-07",
            "price": "30.91",
            "revenue": 72648
        },
        "2014-08": {
            "month": "2014-08",
            "price": "30.18",
            "revenue": 93792
        },
        "2014-09": {
            "month": "2014-09",
            "price": "29.48",
            "revenue": 111882
        },
        "2014-10": {
            "month": "2014-10",
            "price": "29.09",
            "revenue": 95661
        },
        "2014-11": {
            "month": "2014-11",
            "price": "28.00",
            "revenue": 92832
        },
        "2014-12": {
            "month": "2014-12",
            "price": "27.41",
            "revenue": 101623
        },
        "2015-01": {
            "month": "2015-01",
            "price": "27.82",
            "revenue": 83544
        },
        "2015-02": {
            "month": "2015-02",
            "price": "28.01",
            "revenue": 58727
        },
        "2015-03": {
            "month": "2015-03",
            "price": "28.01",
            "revenue": 112446
        },
        "2015-04": {
            "month": "2015-04",
            "price": "28.02",
            "revenue": 114537
        },
        "2015-05": {
            "month": "2015-05",
            "price": "29.91",
            "revenue": 84648
        },
        "2015-06": {
            "month": "2015-06",
            "price": "30.14",
            "revenue": 68790
        },
        "2015-07": {
            "month": "2015-07",
            "price": "25.82",
            "revenue": 79955
        },
        "2015-08": {
            "month": "2015-08",
            "price": "21.89",
            "revenue": 64076
        },
        "2015-09": {
            "month": "2015-09",
            "price": "24.26",
            "revenue": 77156
        },
        "2015-10": {
            "month": "2015-10",
            "price": "23.30",
            "revenue": 72852
        },
        "2015-11": {
            "month": "2015-11",
            "price": "23.18",
            "revenue": 57265
        },
        "2015-12": {
            "month": "2015-12",
            "price": "23.65",
            "revenue": 83441
        },
        "2016-01": {
            "month": "2016-01",
            "price": "23.20",
            "revenue": 74104
        },
        "2016-02": {
            "month": "2016-02",
            "price": "23.02",
            "revenue": 51921
        },
        "2016-03": {
            "month": "2016-03",
            "price": "23.83",
            "revenue": 120114
        },
        "2016-04": {
            "month": "2016-04",
            "price": "24.02",
            "revenue": 92354
        },
        "2016-05": {
            "month": "2016-05",
            "price": "23.36",
            "revenue": 76901
        },
        "2016-06": {
            "month": "2016-06",
            "price": "23.04",
            "revenue": 44404
        },
        "2016-07": {
            "month": "2016-07",
            "price": "22.87",
            "revenue": 65961
        },
        "2016-08": {
            "month": "2016-08",
            "price": "22.47",
            "revenue": 72126
        },
        "2016-09": {
            "month": "2016-09",
            "price": "22.64",
            "revenue": 65028
        },
        "2016-10": {
            "month": "2016-10",
            "price": "22.67",
            "revenue": 97741
        },
        "2016-11": {
            "month": "2016-11",
            "price": "22.73",
            "revenue": 65476
        },
        "2016-12": {
            "month": "2016-12",
            "price": "22.65",
            "revenue": 78077
        },
        "2017-01": {
            "month": "2017-01",
            "price": "23.28",
            "revenue": 44899
        },
        "2017-02": {
            "month": "2017-02",
            "price": "23.10",
            "revenue": 49959
        },
        "2017-03": {
            "month": "2017-03",
            "price": "23.05",
            "revenue": 114201
        },
        "2017-04": {
            "month": "2017-04",
            "price": "23.00",
            "revenue": 72848
        },
        "2017-05": {
            "month": "2017-05",
            "price": "22.94",
            "revenue": 83212
        },
        "2017-06": {
            "month": "2017-06",
            "price": "23.11",
            "revenue": 60348
        },
        "2017-07": {
            "month": "2017-07",
            "price": "22.89",
            "revenue": 50446
        },
        "2017-08": {
            "month": "2017-08",
            "price": "22.59",
            "revenue": 55531
        },
        "2017-09": {
            "month": "2017-09",
            "price": "22.70",
            "revenue": 62407
        },
        "2017-10": {
            "month": "2017-10",
            "price": "23.06",
            "revenue": 55802
        },
        "2017-11": {
            "month": "2017-11",
            "price": "22.98",
            "revenue": 44334
        },
        "2017-12": {
            "month": "2017-12",
            "price": "22.61",
            "revenue": 85662
        },
        "2018-01": {
            "month": "2018-01",
            "price": "21.68",
            "revenue": 62632
        },
        "2018-02": {
            "month": "2018-02",
            "price": "21.59",
            "revenue": 54233
        },
        "2018-03": {
            "month": "2018-03",
            "price": "22.10",
            "revenue": 90762
        },
        "2018-04": {
            "month": "2018-04",
            "price": "21.51",
            "revenue": 65268
        },
        "2018-05": {
            "month": "2018-05",
            "price": "21.13",
            "revenue": 110270
        },
        "2018-06": {
            "month": "2018-06",
            "price": "21.50",
            "revenue": 56432
        },
        "2018-07": {
            "month": "2018-07",
            "price": "21.58",
            "revenue": 54613
        },
        "2018-08": {
            "month": "2018-08",
            "price": "22.50",
            "revenue": 59218
        },
        "2018-09": {
            "month": "2018-09",
            "price": "23.50",
            "revenue": 39343
        },
        "2018-10": {
            "month": "2018-10",
            "price": "21.39",
            "revenue": 61615
        },
        "2018-11": {
            "month": "2018-11",
            "price": "20.48",
            "revenue": 37782
        },
        "2018-12": {
            "month": "2018-12",
            "price": "21.64",
            "revenue": 49650
        },
        "2019-01": {
            "month": "2019-01",
            "price": "21.71",
            "revenue": 75842
        },
        "2019-02": {
            "month": "2019-02",
            "price": "21.73",
            "revenue": 46199
        },
        "2019-03": {
            "month": "2019-03",
            "price": "21.52",
            "revenue": 55819
        },
        "2019-04": {
            "month": "2019-04",
            "price": "20.89",
            "revenue": 83661
        },
        "2019-05": {
            "month": "2019-05",
            "price": "20.70",
            "revenue": 57120
        },
        "2019-06": {
            "month": "2019-06",
            "price": "21.15",
            "revenue": 44102
        },
        "2019-07": {
            "month": "2019-07",
            "price": "21.06",
            "revenue": 41639
        },
        "2019-08": {
            "month": "2019-08",
            "price": "21.09",
            "revenue": 44769
        },
        "2019-09": {
            "month": "2019-09",
            "price": "23.13",
            "revenue": 54224
        },
        "2019-10": {
            "month": "2019-10",
            "price": "32.83",
            "revenue": 42748
        },
        "2019-11": {
            "month": "2019-11",
            "price": "31.92",
            "revenue": 42829
        },
        "2019-12": {
            "month": "2019-12",
            "price": "31.98",
            "revenue": 39252
        },
        "2020-01": {
            "month": "2020-01",
            "price": "32.14",
            "revenue": 48022
        },
        "2020-02": {
            "month": "2020-02",
            "price": "34.55",
            "revenue": 77396
        },
        "2020-03": {
            "month": "2020-03",
            "price": "35.69",
            "revenue": 50316
        },
        "2020-04": {
            "month": "2020-04",
            "price": "36.01",
            "revenue": 54450
        },
        "2020-05": {
            "month": "2020-05",
            "price": "35.99",
            "revenue": 54480
        },
        "2020-06": {
            "month": "2020-06",
            "price": "34.52",
            "revenue": 59104
        },
        "2020-07": {
            "month": "2020-07",
            "price": "32.27",
            "revenue": 56810
        },
        "2020-08": {
            "month": "2020-08",
            "price": "30.97",
            "revenue": 73123
        },
        "2020-09": {
            "month": "2020-09",
            "price": "31.62",
            "revenue": 34057
        },
        "2020-10": {
            "month": "2020-10",
            "price": "29.37",
            "revenue": 32942
        },
        "2020-11": {
            "month": "2020-11",
            "price": "28.06",
            "revenue": 38000
        },
        "2020-12": {
            "month": "2020-12",
            "price": "28.25",
            "revenue": 50109
        },
        "2021-01": {
            "month": "2021-01",
            "price": "27.52",
            "revenue": 49958
        },
        "2021-02": {
            "month": "2021-02",
            "price": "28.85",
            "revenue": 46642
        },
        "2021-03": {
            "month": "2021-03",
            "price": "33.12",
            "revenue": 89131
        },
        "2021-04": {
            "month": "2021-04",
            "price": "35.76",
            "revenue": 80995
        },
        "2021-05": {
            "month": "2021-05",
            "price": "36.57",
            "revenue": 80704
        },
        "2021-06": {
            "month": "2021-06",
            "price": "35.96",
            "revenue": 61412
        },
        "2021-07": {
            "month": "2021-07",
            "price": "35.43",
            "revenue": 65996
        },
        "2021-08": {
            "month": "2021-08",
            "price": "36.12",
            "revenue": 60694
        },
        "2021-09": {
            "month": "2021-09",
            "price": "36.30",
            "revenue": 59940
        },
        "2021-10": {
            "month": "2021-10",
            "price": "38.11",
            "revenue": 49894
        },
        "2021-11": {
            "month": "2021-11",
            "price": "40.39",
            "revenue": 62911
        },
        "2021-12": {
            "month": "2021-12",
            "price": "40.47",
            "revenue": 85461
        },
        "2022-01": {
            "month": "2022-01",
            "price": "40.19",
            "revenue": 90670
        },
        "2022-02": {
            "month": "2022-02",
            "price": "40.14",
            "revenue": 78303
        },
        "2022-03": {
            "month": "2022-03",
            "price": "39.94",
            "revenue": 87641
        },
        "2022-04": {
            "month": "2022-04",
            "price": "39.79",
            "revenue": 66450
        }
    }
}
