{
    "summary": {
        "stock_name": "耀億",
        "stock_id": "4430",
        "category": "其他",
        "main_business": "體育用品、工業用線、尼龍線、釣漁線、割草線等<br>各種紡紗、織布、不織布、其他紡織及製品製造<br>育樂用品、布疋、衣著、鞋、帽、傘、服飾品、漁具等批發買賣",
        "website_url": "http://www.yaoi.com.tw/",
        "ceo": "王贊景",
        "pe_ratio": -12,
        "report_year_from": 2008,
        "report_year_to": 2023,
        "age": 15,
        "eps_negative_percentage": 13,
        "eps_growth_avg": {
            "last_all": -4.81,
            "last_2y": -89.33,
            "last_4y": 5.33,
            "last_8y": -12.29,
            "last_12y": -4.81,
            "last_16y": null,
            "last_20y": null,
            "at_2006_last_3y": null,
            "at_2007_last_3y": null,
            "at_2008_last_3y": null,
            "at_2009_last_3y": null,
            "at_2010_last_3y": null,
            "at_2011_last_3y": null,
            "at_2012_last_3y": null,
            "at_2013_last_3y": 10.15,
            "at_2014_last_3y": 5.11,
            "at_2015_last_3y": 4.99,
            "at_2016_last_3y": -10.51,
            "at_2017_last_3y": -29.91,
            "at_2018_last_3y": -3.2,
            "at_2019_last_3y": 22.56,
            "at_2020_last_3y": 5.59,
            "at_2021_last_3y": 33.33,
            "at_2022_last_3y": -26.22,
            "at_2023_last_3y": -26.22,
            "at_2006_last_all": null,
            "at_2007_last_all": null,
            "at_2008_last_all": null,
            "at_2009_last_all": null,
            "at_2010_last_all": null,
            "at_2011_last_all": 5.37,
            "at_2012_last_all": 13.53,
            "at_2013_last_all": 10.15,
            "at_2014_last_all": 6.75,
            "at_2015_last_all": 5.12,
            "at_2016_last_all": -0.21,
            "at_2017_last_all": -9.88,
            "at_2018_last_all": 2.33,
            "at_2019_last_all": 12.09,
            "at_2020_last_all": 1.9,
            "at_2021_last_all": 1.9,
            "at_2022_last_all": -4.81,
            "at_2023_last_all": -4.81
        },
        "latest_eps": -1.82,
        "latest_price": 22,
        "latest_roe": -5.1,
        "latest_gross_margin": 14.89,
        "latest_equity": 1943840,
        "latest_revenue": 457168,
        "latest_gross_profit": 68088,
        "latest_net_income": -32190,
        "latest_debt_ratio": 49.13,
        "latest_current_ratio": 118.27,
        "latest_account_receivable_turnover_ratio": 1.18,
        "latest_inventory_turnover_ratio": 0.71,
        "latest_reinvestment_rate": 106.26,
        "latest_research_to_sale_ratio": 3.46
    },
    "eps_dividends": {
        "2001": {
            "cash": 0,
            "stock": 0,
            "eps": 0
        },
        "2002": {
            "cash": 0,
            "stock": 0,
            "eps": 0
        },
        "2003": {
            "cash": 0,
            "stock": 0,
            "eps": 0
        },
        "2004": {
            "cash": 0,
            "stock": 0,
            "eps": 0
        },
        "2005": {
            "cash": 0,
            "stock": 0,
            "eps": 0
        },
        "2006": {
            "cash": 0,
            "stock": 0,
            "eps": 0
        },
        "2007": {
            "cash": 0,
            "stock": 0,
            "eps": 0
        },
        "2008": {
            "cash": 0,
            "stock": 0,
            "eps": 0
        },
        "2009": {
            "cash": 0,
            "stock": 0,
            "eps": 1.73
        },
        "2010": {
            "cash": 2,
            "stock": 1.5,
            "eps": 1.96
        },
        "2011": {
            "cash": 2,
            "stock": 0,
            "eps": 1.91
        },
        "2012": {
            "cash": 1.3,
            "stock": 0,
            "eps": 2.48
        },
        "2013": {
            "cash": 1.5,
            "stock": 0,
            "eps": 2.48
        },
        "2014": {
            "cash": 1.5,
            "stock": 0,
            "eps": 2.31
        },
        "2015": {
            "cash": 1.2,
            "stock": 0,
            "eps": 2.24
        },
        "2016": {
            "cash": 1.2,
            "stock": 0,
            "eps": 1.52
        },
        "2017": {
            "cash": 1,
            "stock": 0,
            "eps": 0.34
        },
        "2018": {
            "cash": 1,
            "stock": 0,
            "eps": 2.57
        },
        "2019": {
            "cash": 1.5,
            "stock": 0,
            "eps": 6.97
        },
        "2020": {
            "cash": 1.5,
            "stock": 0,
            "eps": -0.25
        },
        "2021": {
            "cash": 0.5,
            "stock": 0,
            "eps": 0.75
        },
        "2022": {
            "cash": 0.5,
            "stock": 0,
            "eps": 0.16
        },
        "2023": {
            "cash": 0.5,
            "stock": 0,
            "eps": -0.89
        }
    },
    "dividends": {
        "2010-03-23": {
            "cash": 2,
            "stock": 1.5
        },
        "2011-04-22": {
            "cash": 2,
            "stock": 0
        },
        "2012-06-05": {
            "cash": 1.3,
            "stock": 0
        },
        "2013-06-13": {
            "cash": 1.5,
            "stock": 0
        },
        "2014-08-13": {
            "cash": 1.5,
            "stock": 0
        },
        "2015-09-16": {
            "cash": 1.2,
            "stock": 0
        },
        "2016-08-15": {
            "cash": 1.2,
            "stock": 0
        },
        "2017-09-20": {
            "cash": 1,
            "stock": 0
        },
        "2018-09-07": {
            "cash": 1,
            "stock": 0
        },
        "2019-10-04": {
            "cash": 1.5,
            "stock": 0
        },
        "2020-09-11": {
            "cash": 1.5,
            "stock": 0
        },
        "2021-09-06": {
            "cash": 0.5,
            "stock": 0
        },
        "2022-09-12": {
            "cash": 0.5,
            "stock": 0
        },
        "2023-09-08": {
            "cash": 0.5,
            "stock": 0
        }
    },
    "prices": {
        "200101": "無",
        "200102": "無",
        "200103": "無",
        "200104": "無",
        "200105": "無",
        "200106": "無",
        "200107": "無",
        "200108": "無",
        "200109": "無",
        "200110": "無",
        "200111": "無",
        "200112": "無",
        "200201": "無",
        "200202": "無",
        "200203": "無",
        "200204": "無",
        "200205": "無",
        "200206": "無",
        "200207": "無",
        "200208": "無",
        "200209": "無",
        "200210": "無",
        "200211": "無",
        "200212": "無",
        "200301": "無",
        "200302": "無",
        "200303": "無",
        "200304": "無",
        "200305": "無",
        "200306": "無",
        "200307": "無",
        "200308": "無",
        "200309": "無",
        "200310": "無",
        "200311": "無",
        "200312": "無",
        "200401": "無",
        "200402": "無",
        "200403": "無",
        "200404": "無",
        "200405": "無",
        "200406": "無",
        "200407": "無",
        "200408": "無",
        "200409": "無",
        "200410": "無",
        "200411": "無",
        "200412": "無",
        "200501": "無",
        "200502": "無",
        "200503": "無",
        "200504": "無",
        "200505": "無",
        "200506": "無",
        "200507": "無",
        "200508": "無",
        "200509": "無",
        "200510": "無",
        "200511": "無",
        "200512": "無",
        "200601": "無",
        "200602": "無",
        "200603": "無",
        "200604": "無",
        "200605": "無",
        "200606": "無",
        "200607": "無",
        "200608": "無",
        "200609": "無",
        "200610": "無",
        "200611": "無",
        "200612": "無",
        "200701": "無",
        "200702": "無",
        "200703": "無",
        "200704": "無",
        "200705": "無",
        "200706": "無",
        "200707": "無",
        "200708": "無",
        "200709": "無",
        "200710": "無",
        "200711": "無",
        "200712": "無",
        "200801": "無",
        "200802": "無",
        "200803": "無",
        "200804": "無",
        "200805": "無",
        "200806": "無",
        "200807": "無",
        "200808": "無",
        "200809": "無",
        "200810": "無",
        "200811": "無",
        "200812": "無",
        "200901": "無",
        "200902": "無",
        "200903": "無",
        "200904": "無",
        "200905": "無",
        "200906": "無",
        "200907": "無",
        "200908": "無",
        "200909": "無",
        "200910": "63.98",
        "200911": "63.72",
        "200912": "62.12",
        "201001": "67.90",
        "201002": "69.17",
        "201003": "69.74",
        "201004": "70.18",
        "201005": "69.92",
        "201006": "72.20",
        "201007": "71.12",
        "201008": "70.27",
        "201009": "65.38",
        "201010": "61.28",
        "201011": "60.11",
        "201012": "61.53",
        "201101": "60.84",
        "201102": "59.02",
        "201103": "58.83",
        "201104": "61.33",
        "201105": "63.65",
        "201106": "74.28",
        "201107": "67.65",
        "201108": "56.20",
        "201109": "51.16",
        "201110": "41.58",
        "201111": "36.39",
        "201112": "35.90",
        "201201": "36.99",
        "201202": "44.52",
        "201203": "44.63",
        "201204": "44.04",
        "201205": "39.04",
        "201206": "36.80",
        "201207": "37.90",
        "201208": "37.31",
        "201209": "38.87",
        "201210": "35.03",
        "201211": "32.05",
        "201212": "33.27",
        "201301": "33.03",
        "201302": "34.65",
        "201303": "34.36",
        "201304": "34.47",
        "201305": "40.05",
        "201306": "42.27",
        "201307": "44.05",
        "201308": "43.61",
        "201309": "40.56",
        "201310": "39.72",
        "201311": "38.27",
        "201312": "40.56",
        "201401": "41.16",
        "201402": "39.28",
        "201403": "39.90",
        "201404": "38.98",
        "201405": "37.08",
        "201406": "38.12",
        "201407": "37.48",
        "201408": "36.75",
        "201409": "36.50",
        "201410": "34.66",
        "201411": "34.17",
        "201412": "34.14",
        "201501": "34.73",
        "201502": "35.17",
        "201503": "35.83",
        "201504": "34.35",
        "201505": "35.09",
        "201506": "32.97",
        "201507": "30.03",
        "201508": "26.04",
        "201509": "26.68",
        "201510": "29.57",
        "201511": "28.67",
        "201512": "28.30",
        "201601": "26.65",
        "201602": "27.15",
        "201603": "28.52",
        "201604": "27.98",
        "201605": "27.57",
        "201606": "27.42",
        "201607": "26.98",
        "201608": "25.69",
        "201609": "25.17",
        "201610": "24.72",
        "201611": "23.51",
        "201612": "23.85",
        "201701": "24.22",
        "201702": "24.69",
        "201703": "24.98",
        "201704": "25.00",
        "201705": "24.37",
        "201706": "24.18",
        "201707": "24.04",
        "201708": "24.21",
        "201709": "23.87",
        "201710": "23.86",
        "201711": "25.18",
        "201712": "24.54",
        "201801": "24.88",
        "201802": "24.47",
        "201803": "24.60",
        "201804": "25.67",
        "201805": "29.52",
        "201806": "30.66",
        "201807": "26.01",
        "201808": "27.43",
        "201809": "27.77",
        "201810": "25.39",
        "201811": "26.19",
        "201812": "27.51",
        "201901": "28.51",
        "201902": "29.29",
        "201903": "29.81",
        "201904": "31.39",
        "201905": "32.92",
        "201906": "31.78",
        "201907": "34.69",
        "201908": "32.71",
        "201909": "33.46",
        "201910": "33.61",
        "201911": "34.01",
        "201912": "32.83",
        "202001": "32.43",
        "202002": "32.04",
        "202003": "25.74",
        "202004": "23.81",
        "202005": "24.18",
        "202006": "25.47",
        "202007": "25.69",
        "202008": "25.48",
        "202009": "24.08",
        "202010": "23.77",
        "202011": "23.56",
        "202012": "23.54",
        "202101": "23.31",
        "202102": "23.61",
        "202103": "24.75",
        "202104": "27.24",
        "202105": "25.52",
        "202106": "25.70",
        "202107": "25.37",
        "202108": "24.18",
        "202109": "23.64",
        "202110": "23.57",
        "202111": "23.61",
        "202112": "24.05",
        "202201": "24.26",
        "202202": "23.91",
        "202203": "23.77",
        "202204": "23.57",
        "202205": "23.83",
        "202206": "23.43",
        "202207": "21.65",
        "202208": "22.11",
        "202209": "22.98",
        "202210": "22.06",
        "202211": "21.83",
        "202212": "21.85",
        "202301": "21.79",
        "202302": "22.03",
        "202303": "23.14",
        "202304": "22.92",
        "202305": "22.85",
        "202306": "23.20",
        "202307": "23.01",
        "202308": "22.39",
        "202309": "22.07"
    },
    "quarters": {
        "20011": {
            "year_quarter": 20011,
            "year": 2001,
            "quarter": 1,
            "eps": null,
            "eps_growth_year": null,
            "eps_4q": null,
            "eps_4q_growth_year": null,
            "roe": null,
            "roe_4q": 0,
            "gross_profit": null,
            "gross_margin": null,
            "gross_margin_4q_avg": 0,
            "net_income": null,
            "revenue": null,
            "common_shares": null,
            "book_valuer_per_share": null,
            "book_valuer_per_share_4q_avg": 0,
            "equity": null,
            "current_ratio": null,
            "debt_ratio": null,
            "inventory_turnover_ratio": null,
            "account_receivable_turnover_ratio": null,
            "reinvestment_rate": null,
            "research_to_sale_ratio": null,
            "price_fair": 0,
            "eps_avg_yearly": 0,
            "eps_latest_yearly": 0,
            "eps_growth_yearly": 0
        },
        "20012": {
            "year_quarter": 20012,
            "year": 2001,
            "quarter": 2,
            "eps": null,
            "eps_growth_year": null,
            "eps_4q": null,
            "eps_4q_growth_year": null,
            "roe": null,
            "roe_4q": 0,
            "gross_profit": null,
            "gross_margin": null,
            "gross_margin_4q_avg": 0,
            "net_income": null,
            "revenue": null,
            "common_shares": null,
            "book_valuer_per_share": null,
            "book_valuer_per_share_4q_avg": 0,
            "equity": null,
            "current_ratio": null,
            "debt_ratio": null,
            "inventory_turnover_ratio": null,
            "account_receivable_turnover_ratio": null,
            "reinvestment_rate": null,
            "research_to_sale_ratio": null,
            "price_fair": 0,
            "eps_avg_yearly": 0,
            "eps_latest_yearly": 0,
            "eps_growth_yearly": 0
        },
        "20013": {
            "year_quarter": 20013,
            "year": 2001,
            "quarter": 3,
            "eps": null,
            "eps_growth_year": null,
            "eps_4q": null,
            "eps_4q_growth_year": null,
            "roe": null,
            "roe_4q": 0,
            "gross_profit": null,
            "gross_margin": null,
            "gross_margin_4q_avg": 0,
            "net_income": null,
            "revenue": null,
            "common_shares": null,
            "book_valuer_per_share": null,
            "book_valuer_per_share_4q_avg": 0,
            "equity": null,
            "current_ratio": null,
            "debt_ratio": null,
            "inventory_turnover_ratio": null,
            "account_receivable_turnover_ratio": null,
            "reinvestment_rate": null,
            "research_to_sale_ratio": null,
            "price_fair": 0,
            "eps_avg_yearly": 0,
            "eps_latest_yearly": 0,
            "eps_growth_yearly": 0
        },
        "20014": {
            "year_quarter": 20014,
            "year": 2001,
            "quarter": 4,
            "eps": null,
            "eps_growth_year": null,
            "eps_4q": null,
            "eps_4q_growth_year": null,
            "roe": null,
            "roe_4q": 0,
            "gross_profit": null,
            "gross_margin": null,
            "gross_margin_4q_avg": 0,
            "net_income": null,
            "revenue": null,
            "common_shares": null,
            "book_valuer_per_share": null,
            "book_valuer_per_share_4q_avg": 0,
            "equity": null,
            "current_ratio": null,
            "debt_ratio": null,
            "inventory_turnover_ratio": null,
            "account_receivable_turnover_ratio": null,
            "reinvestment_rate": null,
            "research_to_sale_ratio": null,
            "price_fair": 0,
            "eps_avg_yearly": 0,
            "eps_latest_yearly": 0,
            "eps_growth_yearly": 0
        },
        "20021": {
            "year_quarter": 20021,
            "year": 2002,
            "quarter": 1,
            "eps": null,
            "eps_growth_year": null,
            "eps_4q": null,
            "eps_4q_growth_year": null,
            "roe": null,
            "roe_4q": 0,
            "gross_profit": null,
            "gross_margin": null,
            "gross_margin_4q_avg": 0,
            "net_income": null,
            "revenue": null,
            "common_shares": null,
            "book_valuer_per_share": null,
            "book_valuer_per_share_4q_avg": 0,
            "equity": null,
            "current_ratio": null,
            "debt_ratio": null,
            "inventory_turnover_ratio": null,
            "account_receivable_turnover_ratio": null,
            "reinvestment_rate": null,
            "research_to_sale_ratio": null,
            "price_fair": 0,
            "eps_avg_yearly": 0,
            "eps_latest_yearly": 0,
            "eps_growth_yearly": 0
        },
        "20022": {
            "year_quarter": 20022,
            "year": 2002,
            "quarter": 2,
            "eps": null,
            "eps_growth_year": null,
            "eps_4q": null,
            "eps_4q_growth_year": null,
            "roe": null,
            "roe_4q": 0,
            "gross_profit": null,
            "gross_margin": null,
            "gross_margin_4q_avg": 0,
            "net_income": null,
            "revenue": null,
            "common_shares": null,
            "book_valuer_per_share": null,
            "book_valuer_per_share_4q_avg": 0,
            "equity": null,
            "current_ratio": null,
            "debt_ratio": null,
            "inventory_turnover_ratio": null,
            "account_receivable_turnover_ratio": null,
            "reinvestment_rate": null,
            "research_to_sale_ratio": null,
            "price_fair": 0,
            "eps_avg_yearly": 0,
            "eps_latest_yearly": 0,
            "eps_growth_yearly": 0
        },
        "20023": {
            "year_quarter": 20023,
            "year": 2002,
            "quarter": 3,
            "eps": null,
            "eps_growth_year": null,
            "eps_4q": null,
            "eps_4q_growth_year": null,
            "roe": null,
            "roe_4q": 0,
            "gross_profit": null,
            "gross_margin": null,
            "gross_margin_4q_avg": 0,
            "net_income": null,
            "revenue": null,
            "common_shares": null,
            "book_valuer_per_share": null,
            "book_valuer_per_share_4q_avg": 0,
            "equity": null,
            "current_ratio": null,
            "debt_ratio": null,
            "inventory_turnover_ratio": null,
            "account_receivable_turnover_ratio": null,
            "reinvestment_rate": null,
            "research_to_sale_ratio": null,
            "price_fair": 0,
            "eps_avg_yearly": 0,
            "eps_latest_yearly": 0,
            "eps_growth_yearly": 0
        },
        "20024": {
            "year_quarter": 20024,
            "year": 2002,
            "quarter": 4,
            "eps": null,
            "eps_growth_year": null,
            "eps_4q": null,
            "eps_4q_growth_year": null,
            "roe": null,
            "roe_4q": 0,
            "gross_profit": null,
            "gross_margin": null,
            "gross_margin_4q_avg": 0,
            "net_income": null,
            "revenue": null,
            "common_shares": null,
            "book_valuer_per_share": null,
            "book_valuer_per_share_4q_avg": 0,
            "equity": null,
            "current_ratio": null,
            "debt_ratio": null,
            "inventory_turnover_ratio": null,
            "account_receivable_turnover_ratio": null,
            "reinvestment_rate": null,
            "research_to_sale_ratio": null,
            "price_fair": 0,
            "eps_avg_yearly": 0,
            "eps_latest_yearly": 0,
            "eps_growth_yearly": 0
        },
        "20031": {
            "year_quarter": 20031,
            "year": 2003,
            "quarter": 1,
            "eps": null,
            "eps_growth_year": null,
            "eps_4q": null,
            "eps_4q_growth_year": null,
            "roe": null,
            "roe_4q": 0,
            "gross_profit": null,
            "gross_margin": null,
            "gross_margin_4q_avg": 0,
            "net_income": null,
            "revenue": null,
            "common_shares": null,
            "book_valuer_per_share": null,
            "book_valuer_per_share_4q_avg": 0,
            "equity": null,
            "current_ratio": null,
            "debt_ratio": null,
            "inventory_turnover_ratio": null,
            "account_receivable_turnover_ratio": null,
            "reinvestment_rate": null,
            "research_to_sale_ratio": null,
            "price_fair": 0,
            "eps_avg_yearly": 0,
            "eps_latest_yearly": 0,
            "eps_growth_yearly": 0
        },
        "20032": {
            "year_quarter": 20032,
            "year": 2003,
            "quarter": 2,
            "eps": null,
            "eps_growth_year": null,
            "eps_4q": null,
            "eps_4q_growth_year": null,
            "roe": null,
            "roe_4q": 0,
            "gross_profit": null,
            "gross_margin": null,
            "gross_margin_4q_avg": 0,
            "net_income": null,
            "revenue": null,
            "common_shares": null,
            "book_valuer_per_share": null,
            "book_valuer_per_share_4q_avg": 0,
            "equity": null,
            "current_ratio": null,
            "debt_ratio": null,
            "inventory_turnover_ratio": null,
            "account_receivable_turnover_ratio": null,
            "reinvestment_rate": null,
            "research_to_sale_ratio": null,
            "price_fair": 0,
            "eps_avg_yearly": 0,
            "eps_latest_yearly": 0,
            "eps_growth_yearly": 0
        },
        "20033": {
            "year_quarter": 20033,
            "year": 2003,
            "quarter": 3,
            "eps": null,
            "eps_growth_year": null,
            "eps_4q": null,
            "eps_4q_growth_year": null,
            "roe": null,
            "roe_4q": 0,
            "gross_profit": null,
            "gross_margin": null,
            "gross_margin_4q_avg": 0,
            "net_income": null,
            "revenue": null,
            "common_shares": null,
            "book_valuer_per_share": null,
            "book_valuer_per_share_4q_avg": 0,
            "equity": null,
            "current_ratio": null,
            "debt_ratio": null,
            "inventory_turnover_ratio": null,
            "account_receivable_turnover_ratio": null,
            "reinvestment_rate": null,
            "research_to_sale_ratio": null,
            "price_fair": 0,
            "eps_avg_yearly": 0,
            "eps_latest_yearly": 0,
            "eps_growth_yearly": 0
        },
        "20034": {
            "year_quarter": 20034,
            "year": 2003,
            "quarter": 4,
            "eps": null,
            "eps_growth_year": null,
            "eps_4q": null,
            "eps_4q_growth_year": null,
            "roe": null,
            "roe_4q": 0,
            "gross_profit": null,
            "gross_margin": null,
            "gross_margin_4q_avg": 0,
            "net_income": null,
            "revenue": null,
            "common_shares": null,
            "book_valuer_per_share": null,
            "book_valuer_per_share_4q_avg": 0,
            "equity": null,
            "current_ratio": null,
            "debt_ratio": null,
            "inventory_turnover_ratio": null,
            "account_receivable_turnover_ratio": null,
            "reinvestment_rate": null,
            "research_to_sale_ratio": null,
            "price_fair": 0,
            "eps_avg_yearly": 0,
            "eps_latest_yearly": 0,
            "eps_growth_yearly": 0
        },
        "20041": {
            "year_quarter": 20041,
            "year": 2004,
            "quarter": 1,
            "eps": null,
            "eps_growth_year": null,
            "eps_4q": null,
            "eps_4q_growth_year": null,
            "roe": null,
            "roe_4q": 0,
            "gross_profit": null,
            "gross_margin": null,
            "gross_margin_4q_avg": 0,
            "net_income": null,
            "revenue": null,
            "common_shares": null,
            "book_valuer_per_share": null,
            "book_valuer_per_share_4q_avg": 0,
            "equity": null,
            "current_ratio": null,
            "debt_ratio": null,
            "inventory_turnover_ratio": null,
            "account_receivable_turnover_ratio": null,
            "reinvestment_rate": null,
            "research_to_sale_ratio": null,
            "price_fair": 0,
            "eps_avg_yearly": 0,
            "eps_latest_yearly": 0,
            "eps_growth_yearly": 0
        },
        "20042": {
            "year_quarter": 20042,
            "year": 2004,
            "quarter": 2,
            "eps": null,
            "eps_growth_year": null,
            "eps_4q": null,
            "eps_4q_growth_year": null,
            "roe": null,
            "roe_4q": 0,
            "gross_profit": null,
            "gross_margin": null,
            "gross_margin_4q_avg": 0,
            "net_income": null,
            "revenue": null,
            "common_shares": null,
            "book_valuer_per_share": null,
            "book_valuer_per_share_4q_avg": 0,
            "equity": null,
            "current_ratio": null,
            "debt_ratio": null,
            "inventory_turnover_ratio": null,
            "account_receivable_turnover_ratio": null,
            "reinvestment_rate": null,
            "research_to_sale_ratio": null,
            "price_fair": 0,
            "eps_avg_yearly": 0,
            "eps_latest_yearly": 0,
            "eps_growth_yearly": 0
        },
        "20043": {
            "year_quarter": 20043,
            "year": 2004,
            "quarter": 3,
            "eps": null,
            "eps_growth_year": null,
            "eps_4q": null,
            "eps_4q_growth_year": null,
            "roe": null,
            "roe_4q": 0,
            "gross_profit": null,
            "gross_margin": null,
            "gross_margin_4q_avg": 0,
            "net_income": null,
            "revenue": null,
            "common_shares": null,
            "book_valuer_per_share": null,
            "book_valuer_per_share_4q_avg": 0,
            "equity": null,
            "current_ratio": null,
            "debt_ratio": null,
            "inventory_turnover_ratio": null,
            "account_receivable_turnover_ratio": null,
            "reinvestment_rate": null,
            "research_to_sale_ratio": null,
            "price_fair": 0,
            "eps_avg_yearly": 0,
            "eps_latest_yearly": 0,
            "eps_growth_yearly": 0
        },
        "20044": {
            "year_quarter": 20044,
            "year": 2004,
            "quarter": 4,
            "eps": null,
            "eps_growth_year": null,
            "eps_4q": null,
            "eps_4q_growth_year": null,
            "roe": null,
            "roe_4q": 0,
            "gross_profit": null,
            "gross_margin": null,
            "gross_margin_4q_avg": 0,
            "net_income": null,
            "revenue": null,
            "common_shares": 120008,
            "book_valuer_per_share": 14.45,
            "book_valuer_per_share_4q_avg": 3.61,
            "equity": 173438,
            "current_ratio": 78.47,
            "debt_ratio": 46.77,
            "inventory_turnover_ratio": null,
            "account_receivable_turnover_ratio": null,
            "reinvestment_rate": null,
            "research_to_sale_ratio": null,
            "price_fair": 0,
            "eps_avg_yearly": 0,
            "eps_latest_yearly": 0,
            "eps_growth_yearly": 0
        },
        "20051": {
            "year_quarter": 20051,
            "year": 2005,
            "quarter": 1,
            "eps": null,
            "eps_growth_year": null,
            "eps_4q": null,
            "eps_4q_growth_year": null,
            "roe": null,
            "roe_4q": 0,
            "gross_profit": null,
            "gross_margin": null,
            "gross_margin_4q_avg": 0,
            "net_income": null,
            "revenue": null,
            "common_shares": null,
            "book_valuer_per_share": null,
            "book_valuer_per_share_4q_avg": 3.61,
            "equity": null,
            "current_ratio": null,
            "debt_ratio": null,
            "inventory_turnover_ratio": null,
            "account_receivable_turnover_ratio": null,
            "reinvestment_rate": null,
            "research_to_sale_ratio": null,
            "price_fair": 0,
            "eps_avg_yearly": 0,
            "eps_latest_yearly": 0,
            "eps_growth_yearly": 0
        },
        "20052": {
            "year_quarter": 20052,
            "year": 2005,
            "quarter": 2,
            "eps": null,
            "eps_growth_year": null,
            "eps_4q": null,
            "eps_4q_growth_year": null,
            "roe": null,
            "roe_4q": 0,
            "gross_profit": null,
            "gross_margin": null,
            "gross_margin_4q_avg": 0,
            "net_income": null,
            "revenue": null,
            "common_shares": null,
            "book_valuer_per_share": null,
            "book_valuer_per_share_4q_avg": 3.61,
            "equity": null,
            "current_ratio": null,
            "debt_ratio": null,
            "inventory_turnover_ratio": null,
            "account_receivable_turnover_ratio": null,
            "reinvestment_rate": null,
            "research_to_sale_ratio": null,
            "price_fair": 0,
            "eps_avg_yearly": 0,
            "eps_latest_yearly": 0,
            "eps_growth_yearly": 0
        },
        "20053": {
            "year_quarter": 20053,
            "year": 2005,
            "quarter": 3,
            "eps": null,
            "eps_growth_year": null,
            "eps_4q": null,
            "eps_4q_growth_year": null,
            "roe": null,
            "roe_4q": 0,
            "gross_profit": null,
            "gross_margin": null,
            "gross_margin_4q_avg": 0,
            "net_income": null,
            "revenue": null,
            "common_shares": null,
            "book_valuer_per_share": null,
            "book_valuer_per_share_4q_avg": 3.61,
            "equity": null,
            "current_ratio": null,
            "debt_ratio": null,
            "inventory_turnover_ratio": null,
            "account_receivable_turnover_ratio": null,
            "reinvestment_rate": null,
            "research_to_sale_ratio": null,
            "price_fair": 0,
            "eps_avg_yearly": 0,
            "eps_latest_yearly": 0,
            "eps_growth_yearly": 0
        },
        "20054": {
            "year_quarter": 20054,
            "year": 2005,
            "quarter": 4,
            "eps": null,
            "eps_growth_year": null,
            "eps_4q": null,
            "eps_4q_growth_year": null,
            "roe": null,
            "roe_4q": 0,
            "gross_profit": null,
            "gross_margin": null,
            "gross_margin_4q_avg": 0,
            "net_income": null,
            "revenue": null,
            "common_shares": 120008,
            "book_valuer_per_share": 15.67,
            "book_valuer_per_share_4q_avg": 3.92,
            "equity": 188070,
            "current_ratio": 91.43,
            "debt_ratio": 56.82,
            "inventory_turnover_ratio": null,
            "account_receivable_turnover_ratio": null,
            "reinvestment_rate": null,
            "research_to_sale_ratio": null,
            "price_fair": 0,
            "eps_avg_yearly": 0,
            "eps_latest_yearly": 0,
            "eps_growth_yearly": 0
        },
        "20061": {
            "year_quarter": 20061,
            "year": 2006,
            "quarter": 1,
            "eps": null,
            "eps_growth_year": null,
            "eps_4q": null,
            "eps_4q_growth_year": null,
            "roe": null,
            "roe_4q": 0,
            "gross_profit": null,
            "gross_margin": null,
            "gross_margin_4q_avg": 0,
            "net_income": null,
            "revenue": null,
            "common_shares": null,
            "book_valuer_per_share": null,
            "book_valuer_per_share_4q_avg": 3.92,
            "equity": null,
            "current_ratio": null,
            "debt_ratio": null,
            "inventory_turnover_ratio": null,
            "account_receivable_turnover_ratio": null,
            "reinvestment_rate": null,
            "research_to_sale_ratio": null,
            "price_fair": 0,
            "eps_avg_yearly": 0,
            "eps_latest_yearly": 0,
            "eps_growth_yearly": 0
        },
        "20062": {
            "year_quarter": 20062,
            "year": 2006,
            "quarter": 2,
            "eps": null,
            "eps_growth_year": null,
            "eps_4q": null,
            "eps_4q_growth_year": null,
            "roe": null,
            "roe_4q": 0,
            "gross_profit": null,
            "gross_margin": null,
            "gross_margin_4q_avg": 0,
            "net_income": null,
            "revenue": null,
            "common_shares": null,
            "book_valuer_per_share": null,
            "book_valuer_per_share_4q_avg": 3.92,
            "equity": null,
            "current_ratio": null,
            "debt_ratio": null,
            "inventory_turnover_ratio": null,
            "account_receivable_turnover_ratio": null,
            "reinvestment_rate": null,
            "research_to_sale_ratio": null,
            "price_fair": 0,
            "eps_avg_yearly": 0,
            "eps_latest_yearly": 0,
            "eps_growth_yearly": 0
        },
        "20063": {
            "year_quarter": 20063,
            "year": 2006,
            "quarter": 3,
            "eps": null,
            "eps_growth_year": null,
            "eps_4q": null,
            "eps_4q_growth_year": null,
            "roe": null,
            "roe_4q": 0,
            "gross_profit": null,
            "gross_margin": null,
            "gross_margin_4q_avg": 0,
            "net_income": null,
            "revenue": null,
            "common_shares": null,
            "book_valuer_per_share": null,
            "book_valuer_per_share_4q_avg": 3.92,
            "equity": null,
            "current_ratio": null,
            "debt_ratio": null,
            "inventory_turnover_ratio": null,
            "account_receivable_turnover_ratio": null,
            "reinvestment_rate": null,
            "research_to_sale_ratio": null,
            "price_fair": 0,
            "eps_avg_yearly": 0,
            "eps_latest_yearly": 0,
            "eps_growth_yearly": 0
        },
        "20064": {
            "year_quarter": 20064,
            "year": 2006,
            "quarter": 4,
            "eps": null,
            "eps_growth_year": null,
            "eps_4q": null,
            "eps_4q_growth_year": null,
            "roe": null,
            "roe_4q": 0,
            "gross_profit": null,
            "gross_margin": null,
            "gross_margin_4q_avg": 0,
            "net_income": null,
            "revenue": null,
            "common_shares": 201008,
            "book_valuer_per_share": 15.25,
            "book_valuer_per_share_4q_avg": 3.81,
            "equity": 306597,
            "current_ratio": 127.59,
            "debt_ratio": 44.25,
            "inventory_turnover_ratio": null,
            "account_receivable_turnover_ratio": null,
            "reinvestment_rate": null,
            "research_to_sale_ratio": null,
            "price_fair": 0,
            "eps_avg_yearly": 0,
            "eps_latest_yearly": 0,
            "eps_growth_yearly": 0
        },
        "20071": {
            "year_quarter": 20071,
            "year": 2007,
            "quarter": 1,
            "eps": null,
            "eps_growth_year": null,
            "eps_4q": null,
            "eps_4q_growth_year": null,
            "roe": null,
            "roe_4q": 0,
            "gross_profit": null,
            "gross_margin": null,
            "gross_margin_4q_avg": 0,
            "net_income": null,
            "revenue": null,
            "common_shares": null,
            "book_valuer_per_share": null,
            "book_valuer_per_share_4q_avg": 3.81,
            "equity": null,
            "current_ratio": null,
            "debt_ratio": null,
            "inventory_turnover_ratio": null,
            "account_receivable_turnover_ratio": null,
            "reinvestment_rate": null,
            "research_to_sale_ratio": null,
            "price_fair": 0,
            "eps_avg_yearly": 0,
            "eps_latest_yearly": 0,
            "eps_growth_yearly": 0
        },
        "20072": {
            "year_quarter": 20072,
            "year": 2007,
            "quarter": 2,
            "eps": null,
            "eps_growth_year": null,
            "eps_4q": null,
            "eps_4q_growth_year": null,
            "roe": null,
            "roe_4q": 0,
            "gross_profit": null,
            "gross_margin": null,
            "gross_margin_4q_avg": 0,
            "net_income": null,
            "revenue": null,
            "common_shares": null,
            "book_valuer_per_share": null,
            "book_valuer_per_share_4q_avg": 3.81,
            "equity": null,
            "current_ratio": null,
            "debt_ratio": null,
            "inventory_turnover_ratio": null,
            "account_receivable_turnover_ratio": null,
            "reinvestment_rate": null,
            "research_to_sale_ratio": null,
            "price_fair": 0,
            "eps_avg_yearly": 0,
            "eps_latest_yearly": 0,
            "eps_growth_yearly": 0
        },
        "20073": {
            "year_quarter": 20073,
            "year": 2007,
            "quarter": 3,
            "eps": null,
            "eps_growth_year": null,
            "eps_4q": null,
            "eps_4q_growth_year": null,
            "roe": null,
            "roe_4q": 0,
            "gross_profit": null,
            "gross_margin": null,
            "gross_margin_4q_avg": 0,
            "net_income": null,
            "revenue": null,
            "common_shares": null,
            "book_valuer_per_share": null,
            "book_valuer_per_share_4q_avg": 3.81,
            "equity": null,
            "current_ratio": null,
            "debt_ratio": null,
            "inventory_turnover_ratio": null,
            "account_receivable_turnover_ratio": null,
            "reinvestment_rate": null,
            "research_to_sale_ratio": null,
            "price_fair": 0,
            "eps_avg_yearly": 0,
            "eps_latest_yearly": 0,
            "eps_growth_yearly": 0
        },
        "20074": {
            "year_quarter": 20074,
            "year": 2007,
            "quarter": 4,
            "eps": null,
            "eps_growth_year": null,
            "eps_4q": null,
            "eps_4q_growth_year": null,
            "roe": null,
            "roe_4q": 0,
            "gross_profit": null,
            "gross_margin": null,
            "gross_margin_4q_avg": 0,
            "net_income": null,
            "revenue": null,
            "common_shares": 265008,
            "book_valuer_per_share": 25.48,
            "book_valuer_per_share_4q_avg": 6.37,
            "equity": 675221,
            "current_ratio": 111.35,
            "debt_ratio": 49.19,
            "inventory_turnover_ratio": null,
            "account_receivable_turnover_ratio": null,
            "reinvestment_rate": null,
            "research_to_sale_ratio": null,
            "price_fair": 0,
            "eps_avg_yearly": 0,
            "eps_latest_yearly": 0,
            "eps_growth_yearly": 0
        },
        "20081": {
            "year_quarter": 20081,
            "year": 2008,
            "quarter": 1,
            "eps": null,
            "eps_growth_year": null,
            "eps_4q": null,
            "eps_4q_growth_year": null,
            "roe": null,
            "roe_4q": 0,
            "gross_profit": null,
            "gross_margin": null,
            "gross_margin_4q_avg": 0,
            "net_income": null,
            "revenue": null,
            "common_shares": null,
            "book_valuer_per_share": null,
            "book_valuer_per_share_4q_avg": 6.37,
            "equity": null,
            "current_ratio": null,
            "debt_ratio": null,
            "inventory_turnover_ratio": null,
            "account_receivable_turnover_ratio": null,
            "reinvestment_rate": null,
            "research_to_sale_ratio": null,
            "price_fair": 0,
            "eps_avg_yearly": 0,
            "eps_latest_yearly": 0,
            "eps_growth_yearly": 0
        },
        "20082": {
            "year_quarter": 20082,
            "year": 2008,
            "quarter": 2,
            "eps": null,
            "eps_growth_year": null,
            "eps_4q": null,
            "eps_4q_growth_year": null,
            "roe": null,
            "roe_4q": 0,
            "gross_profit": null,
            "gross_margin": null,
            "gross_margin_4q_avg": 0,
            "net_income": null,
            "revenue": null,
            "common_shares": null,
            "book_valuer_per_share": null,
            "book_valuer_per_share_4q_avg": 6.37,
            "equity": null,
            "current_ratio": null,
            "debt_ratio": null,
            "inventory_turnover_ratio": null,
            "account_receivable_turnover_ratio": null,
            "reinvestment_rate": null,
            "research_to_sale_ratio": null,
            "price_fair": 0,
            "eps_avg_yearly": 0,
            "eps_latest_yearly": 0,
            "eps_growth_yearly": 0
        },
        "20083": {
            "year_quarter": 20083,
            "year": 2008,
            "quarter": 3,
            "eps": null,
            "eps_growth_year": null,
            "eps_4q": null,
            "eps_4q_growth_year": null,
            "roe": null,
            "roe_4q": 0,
            "gross_profit": null,
            "gross_margin": null,
            "gross_margin_4q_avg": 0,
            "net_income": null,
            "revenue": null,
            "common_shares": null,
            "book_valuer_per_share": null,
            "book_valuer_per_share_4q_avg": 6.37,
            "equity": null,
            "current_ratio": null,
            "debt_ratio": null,
            "inventory_turnover_ratio": null,
            "account_receivable_turnover_ratio": null,
            "reinvestment_rate": null,
            "research_to_sale_ratio": null,
            "price_fair": 0,
            "eps_avg_yearly": 0,
            "eps_latest_yearly": 0,
            "eps_growth_yearly": 0
        },
        "20084": {
            "year_quarter": 20084,
            "year": 2008,
            "quarter": 4,
            "eps": null,
            "eps_growth_year": null,
            "eps_4q": null,
            "eps_4q_growth_year": null,
            "roe": null,
            "roe_4q": 0,
            "gross_profit": null,
            "gross_margin": null,
            "gross_margin_4q_avg": 0,
            "net_income": null,
            "revenue": null,
            "common_shares": 279000,
            "book_valuer_per_share": 28.32,
            "book_valuer_per_share_4q_avg": 7.08,
            "equity": 790170,
            "current_ratio": 187.46,
            "debt_ratio": 46.36,
            "inventory_turnover_ratio": null,
            "account_receivable_turnover_ratio": null,
            "reinvestment_rate": null,
            "research_to_sale_ratio": null,
            "price_fair": 0,
            "eps_avg_yearly": 0,
            "eps_latest_yearly": 0,
            "eps_growth_yearly": 0
        },
        "20091": {
            "year_quarter": 20091,
            "year": 2009,
            "quarter": 1,
            "eps": null,
            "eps_growth_year": null,
            "eps_4q": null,
            "eps_4q_growth_year": null,
            "roe": null,
            "roe_4q": 0,
            "gross_profit": null,
            "gross_margin": null,
            "gross_margin_4q_avg": 0,
            "net_income": null,
            "revenue": null,
            "common_shares": null,
            "book_valuer_per_share": null,
            "book_valuer_per_share_4q_avg": 7.08,
            "equity": null,
            "current_ratio": null,
            "debt_ratio": null,
            "inventory_turnover_ratio": null,
            "account_receivable_turnover_ratio": null,
            "reinvestment_rate": null,
            "research_to_sale_ratio": null,
            "price_fair": 0,
            "eps_avg_yearly": 0,
            "eps_latest_yearly": 0,
            "eps_growth_yearly": 0
        },
        "20092": {
            "year_quarter": 20092,
            "year": 2009,
            "quarter": 2,
            "eps": null,
            "eps_growth_year": null,
            "eps_4q": null,
            "eps_4q_growth_year": null,
            "roe": null,
            "roe_4q": 0,
            "gross_profit": null,
            "gross_margin": null,
            "gross_margin_4q_avg": 0,
            "net_income": null,
            "revenue": null,
            "common_shares": 306900,
            "book_valuer_per_share": null,
            "book_valuer_per_share_4q_avg": 7.08,
            "equity": 800800,
            "current_ratio": null,
            "debt_ratio": null,
            "inventory_turnover_ratio": null,
            "account_receivable_turnover_ratio": null,
            "reinvestment_rate": null,
            "research_to_sale_ratio": null,
            "price_fair": 0,
            "eps_avg_yearly": 0,
            "eps_latest_yearly": 0,
            "eps_growth_yearly": 0
        },
        "20093": {
            "year_quarter": 20093,
            "year": 2009,
            "quarter": 3,
            "eps": 1.03,
            "eps_growth_year": null,
            "eps_4q": null,
            "eps_4q_growth_year": null,
            "roe": 4.5,
            "roe_4q": 4.5,
            "gross_profit": 61460,
            "gross_margin": 28.66,
            "gross_margin_4q_avg": 7.17,
            "net_income": 36697,
            "revenue": 214431,
            "common_shares": 306900,
            "book_valuer_per_share": 27.06,
            "book_valuer_per_share_4q_avg": 13.85,
            "equity": 830471,
            "current_ratio": 169.63,
            "debt_ratio": 44.49,
            "inventory_turnover_ratio": 0.62,
            "account_receivable_turnover_ratio": 2.76,
            "reinvestment_rate": null,
            "research_to_sale_ratio": null,
            "price_fair": 0,
            "eps_avg_yearly": 0,
            "eps_latest_yearly": 0,
            "eps_growth_yearly": 0
        },
        "20094": {
            "year_quarter": 20094,
            "year": 2009,
            "quarter": 4,
            "eps": 0.7,
            "eps_growth_year": null,
            "eps_4q": null,
            "eps_4q_growth_year": null,
            "roe": 2.54,
            "roe_4q": 7.04,
            "gross_profit": 52889,
            "gross_margin": 22.28,
            "gross_margin_4q_avg": 12.74,
            "net_income": 21334,
            "revenue": 237403,
            "common_shares": 306900,
            "book_valuer_per_share": 27.69,
            "book_valuer_per_share_4q_avg": 13.69,
            "equity": 849855,
            "current_ratio": 187.78,
            "debt_ratio": 44.8,
            "inventory_turnover_ratio": 0.7,
            "account_receivable_turnover_ratio": 2.14,
            "reinvestment_rate": null,
            "research_to_sale_ratio": null,
            "price_fair": 8.4,
            "eps_avg_yearly": 2.8,
            "eps_latest_yearly": 2.8,
            "eps_growth_yearly": -128.16
        },
        "20101": {
            "year_quarter": 20101,
            "year": 2010,
            "quarter": 1,
            "eps": null,
            "eps_growth_year": null,
            "eps_4q": null,
            "eps_4q_growth_year": null,
            "roe": null,
            "roe_4q": 7.04,
            "gross_profit": 56605,
            "gross_margin": null,
            "gross_margin_4q_avg": 12.74,
            "net_income": 39589,
            "revenue": 293233,
            "common_shares": 306900,
            "book_valuer_per_share": 28.9,
            "book_valuer_per_share_4q_avg": 20.91,
            "equity": 887035,
            "current_ratio": 134.6,
            "debt_ratio": 46.55,
            "inventory_turnover_ratio": null,
            "account_receivable_turnover_ratio": null,
            "reinvestment_rate": null,
            "research_to_sale_ratio": null,
            "price_fair": 8.4,
            "eps_avg_yearly": 2.8,
            "eps_latest_yearly": 2.8,
            "eps_growth_yearly": -128.16
        },
        "20102": {
            "year_quarter": 20102,
            "year": 2010,
            "quarter": 2,
            "eps": 1.96,
            "eps_growth_year": null,
            "eps_4q": 3.59,
            "eps_4q_growth_year": null,
            "roe": 7.86,
            "roe_4q": 14.9,
            "gross_profit": 141144,
            "gross_margin": 42.09,
            "gross_margin_4q_avg": 23.26,
            "net_income": 70138,
            "revenue": 335357,
            "common_shares": 306900,
            "book_valuer_per_share": 29.22,
            "book_valuer_per_share_4q_avg": 28.22,
            "equity": 896736,
            "current_ratio": 163.37,
            "debt_ratio": 48.57,
            "inventory_turnover_ratio": 0.72,
            "account_receivable_turnover_ratio": 2.44,
            "reinvestment_rate": null,
            "research_to_sale_ratio": null,
            "price_fair": 8.4,
            "eps_avg_yearly": 2.8,
            "eps_latest_yearly": 2.8,
            "eps_growth_yearly": -128.16
        },
        "20103": {
            "year_quarter": 20103,
            "year": 2010,
            "quarter": 3,
            "eps": null,
            "eps_growth_year": null,
            "eps_4q": null,
            "eps_4q_growth_year": null,
            "roe": null,
            "roe_4q": 10.4,
            "gross_profit": 63708,
            "gross_margin": null,
            "gross_margin_4q_avg": 16.09,
            "net_income": -2232,
            "revenue": 234252,
            "common_shares": 387435,
            "book_valuer_per_share": 26.75,
            "book_valuer_per_share_4q_avg": 28.14,
            "equity": 1036415,
            "current_ratio": 191.5,
            "debt_ratio": 39.83,
            "inventory_turnover_ratio": null,
            "account_receivable_turnover_ratio": null,
            "reinvestment_rate": null,
            "research_to_sale_ratio": null,
            "price_fair": 8.4,
            "eps_avg_yearly": 2.8,
            "eps_latest_yearly": 2.8,
            "eps_growth_yearly": -128.16
        },
        "20104": {
            "year_quarter": 20104,
            "year": 2010,
            "quarter": 4,
            "eps": null,
            "eps_growth_year": null,
            "eps_4q": null,
            "eps_4q_growth_year": null,
            "roe": null,
            "roe_4q": 7.86,
            "gross_profit": 66741,
            "gross_margin": null,
            "gross_margin_4q_avg": 10.52,
            "net_income": -32020,
            "revenue": 288884,
            "common_shares": 399435,
            "book_valuer_per_share": 26.03,
            "book_valuer_per_share_4q_avg": 27.73,
            "equity": 1039869,
            "current_ratio": 169.77,
            "debt_ratio": 42.06,
            "inventory_turnover_ratio": null,
            "account_receivable_turnover_ratio": null,
            "reinvestment_rate": null,
            "research_to_sale_ratio": null,
            "price_fair": 8.4,
            "eps_avg_yearly": 2.8,
            "eps_latest_yearly": 2.8,
            "eps_growth_yearly": -128.16
        },
        "20111": {
            "year_quarter": 20111,
            "year": 2011,
            "quarter": 1,
            "eps": 0.89,
            "eps_growth_year": null,
            "eps_4q": 2.65,
            "eps_4q_growth_year": null,
            "roe": 3.36,
            "roe_4q": 11.22,
            "gross_profit": 93184,
            "gross_margin": 26.83,
            "gross_margin_4q_avg": 17.23,
            "net_income": 35725,
            "revenue": 347311,
            "common_shares": 399435,
            "book_valuer_per_share": 27.15,
            "book_valuer_per_share_4q_avg": 27.29,
            "equity": 1084450,
            "current_ratio": 169.52,
            "debt_ratio": 42.82,
            "inventory_turnover_ratio": 0.68,
            "account_receivable_turnover_ratio": 1.26,
            "reinvestment_rate": null,
            "research_to_sale_ratio": 2.44,
            "price_fair": 8.4,
            "eps_avg_yearly": 2.8,
            "eps_latest_yearly": 2.8,
            "eps_growth_yearly": -128.16
        },
        "20112": {
            "year_quarter": 20112,
            "year": 2011,
            "quarter": 2,
            "eps": 0.61,
            "eps_growth_year": -69.02,
            "eps_4q": 1.42,
            "eps_4q_growth_year": -60.3,
            "roe": 2.32,
            "roe_4q": 5.68,
            "gross_profit": 70838,
            "gross_margin": 22.3,
            "gross_margin_4q_avg": 12.28,
            "net_income": 26624,
            "revenue": 317730,
            "common_shares": 437985,
            "book_valuer_per_share": 27.75,
            "book_valuer_per_share_4q_avg": 26.92,
            "equity": 1215288,
            "current_ratio": 187.33,
            "debt_ratio": 39.4,
            "inventory_turnover_ratio": 0.66,
            "account_receivable_turnover_ratio": 1.1,
            "reinvestment_rate": null,
            "research_to_sale_ratio": 3.04,
            "price_fair": 7.86,
            "eps_avg_yearly": 2.62,
            "eps_latest_yearly": 2.44,
            "eps_growth_yearly": -127
        },
        "20113": {
            "year_quarter": 20113,
            "year": 2011,
            "quarter": 3,
            "eps": -0.15,
            "eps_growth_year": null,
            "eps_4q": 1.28,
            "eps_4q_growth_year": null,
            "roe": -0.52,
            "roe_4q": 5.16,
            "gross_profit": 72994,
            "gross_margin": 21.76,
            "gross_margin_4q_avg": 17.72,
            "net_income": -6480,
            "revenue": 335400,
            "common_shares": 437985,
            "book_valuer_per_share": 28.76,
            "book_valuer_per_share_4q_avg": 27.42,
            "equity": 1259550,
            "current_ratio": 134.5,
            "debt_ratio": 44.77,
            "inventory_turnover_ratio": 0.6,
            "account_receivable_turnover_ratio": 1.31,
            "reinvestment_rate": null,
            "research_to_sale_ratio": 2.61,
            "price_fair": 7.86,
            "eps_avg_yearly": 2.62,
            "eps_latest_yearly": 2.44,
            "eps_growth_yearly": -127
        },
        "20114": {
            "year_quarter": 20114,
            "year": 2011,
            "quarter": 4,
            "eps": 0.56,
            "eps_growth_year": null,
            "eps_4q": 1.84,
            "eps_4q_growth_year": null,
            "roe": 1.93,
            "roe_4q": 7.09,
            "gross_profit": 111063,
            "gross_margin": 22.91,
            "gross_margin_4q_avg": 23.45,
            "net_income": 24518,
            "revenue": 484784,
            "common_shares": 437985,
            "book_valuer_per_share": 29.25,
            "book_valuer_per_share_4q_avg": 28.23,
            "equity": 1281182,
            "current_ratio": 139.27,
            "debt_ratio": 45.44,
            "inventory_turnover_ratio": 0.74,
            "account_receivable_turnover_ratio": 1.73,
            "reinvestment_rate": null,
            "research_to_sale_ratio": 2.35,
            "price_fair": 7.86,
            "eps_avg_yearly": 2.62,
            "eps_latest_yearly": 2.44,
            "eps_growth_yearly": -127
        },
        "20121": {
            "year_quarter": 20121,
            "year": 2012,
            "quarter": 1,
            "eps": 0.61,
            "eps_growth_year": -31.46,
            "eps_4q": 1.63,
            "eps_4q_growth_year": -38.38,
            "roe": 2.09,
            "roe_4q": 5.819999999999999,
            "gross_profit": 122924,
            "gross_margin": 22.52,
            "gross_margin_4q_avg": 22.37,
            "net_income": 26868,
            "revenue": 545769,
            "common_shares": 437985,
            "book_valuer_per_share": 29.47,
            "book_valuer_per_share_4q_avg": 28.81,
            "equity": 1290564,
            "current_ratio": 136.03,
            "debt_ratio": 47.4,
            "inventory_turnover_ratio": 0.87,
            "account_receivable_turnover_ratio": 1.52,
            "reinvestment_rate": null,
            "research_to_sale_ratio": 1.87,
            "price_fair": 7.68,
            "eps_avg_yearly": 2.56,
            "eps_latest_yearly": 2.44,
            "eps_growth_yearly": -72.76
        },
        "20122": {
            "year_quarter": 20122,
            "year": 2012,
            "quarter": 2,
            "eps": 1.09,
            "eps_growth_year": 79.73,
            "eps_4q": 2.12,
            "eps_4q_growth_year": 48.77,
            "roe": 3.71,
            "roe_4q": 7.209999999999999,
            "gross_profit": 121618,
            "gross_margin": 22.48,
            "gross_margin_4q_avg": 22.42,
            "net_income": 47852,
            "revenue": 541102,
            "common_shares": 437985,
            "book_valuer_per_share": 29.41,
            "book_valuer_per_share_4q_avg": 29.22,
            "equity": 1288043,
            "current_ratio": 126.55,
            "debt_ratio": 47.35,
            "inventory_turnover_ratio": 0.95,
            "account_receivable_turnover_ratio": 1.49,
            "reinvestment_rate": null,
            "research_to_sale_ratio": 2.05,
            "price_fair": 102.69,
            "eps_avg_yearly": 3.01,
            "eps_latest_yearly": 4.36,
            "eps_growth_yearly": 24.12
        },
        "20123": {
            "year_quarter": 20123,
            "year": 2012,
            "quarter": 3,
            "eps": 0.35,
            "eps_growth_year": null,
            "eps_4q": 2.32,
            "eps_4q_growth_year": 81.93,
            "roe": 1.25,
            "roe_4q": 8.98,
            "gross_profit": 108763,
            "gross_margin": 23.14,
            "gross_margin_4q_avg": 22.76,
            "net_income": 17480,
            "revenue": 469984,
            "common_shares": 502944,
            "book_valuer_per_share": 30.01,
            "book_valuer_per_share_4q_avg": 29.54,
            "equity": 1509210,
            "current_ratio": 191.46,
            "debt_ratio": 42.54,
            "inventory_turnover_ratio": 0.86,
            "account_receivable_turnover_ratio": 1.57,
            "reinvestment_rate": null,
            "research_to_sale_ratio": 1.85,
            "price_fair": 8.06,
            "eps_avg_yearly": 2.69,
            "eps_latest_yearly": 1.4,
            "eps_growth_yearly": -35.02
        },
        "20124": {
            "year_quarter": 20124,
            "year": 2012,
            "quarter": 4,
            "eps": 0.43,
            "eps_growth_year": -24,
            "eps_4q": 2.26,
            "eps_4q_growth_year": 23.06,
            "roe": 1.4,
            "roe_4q": 8.45,
            "gross_profit": 116464,
            "gross_margin": 23.08,
            "gross_margin_4q_avg": 22.81,
            "net_income": 21398,
            "revenue": 504713,
            "common_shares": 502944,
            "book_valuer_per_share": 30.68,
            "book_valuer_per_share_4q_avg": 29.89,
            "equity": 1543084,
            "current_ratio": 172.22,
            "debt_ratio": 42.97,
            "inventory_turnover_ratio": 0.87,
            "account_receivable_turnover_ratio": 1.83,
            "reinvestment_rate": null,
            "research_to_sale_ratio": 1.91,
            "price_fair": 7.58,
            "eps_avg_yearly": 2.53,
            "eps_latest_yearly": 1.72,
            "eps_growth_yearly": -13.94
        },
        "20131": {
            "year_quarter": 20131,
            "year": 2013,
            "quarter": 1,
            "eps": 0.97,
            "eps_growth_year": 59.02,
            "eps_4q": 2.69,
            "eps_4q_growth_year": 64.76,
            "roe": 3.11,
            "roe_4q": 9.469999999999999,
            "gross_profit": 140883,
            "gross_margin": 26.09,
            "gross_margin_4q_avg": 23.7,
            "net_income": 48605,
            "revenue": 540068,
            "common_shares": 502944,
            "book_valuer_per_share": 31.56,
            "book_valuer_per_share_4q_avg": 30.42,
            "equity": 1587355,
            "current_ratio": 171.12,
            "debt_ratio": 43.04,
            "inventory_turnover_ratio": 0.84,
            "account_receivable_turnover_ratio": 1.83,
            "reinvestment_rate": null,
            "research_to_sale_ratio": 1.78,
            "price_fair": 95.2,
            "eps_avg_yearly": 2.72,
            "eps_latest_yearly": 3.88,
            "eps_growth_yearly": 59.81
        },
        "20132": {
            "year_quarter": 20132,
            "year": 2013,
            "quarter": 2,
            "eps": 1.02,
            "eps_growth_year": -6.64,
            "eps_4q": 2.63,
            "eps_4q_growth_year": 24.17,
            "roe": 3.15,
            "roe_4q": 8.91,
            "gross_profit": 137792,
            "gross_margin": 25.06,
            "gross_margin_4q_avg": 24.34,
            "net_income": 51195,
            "revenue": 549881,
            "common_shares": 527349,
            "book_valuer_per_share": 31.54,
            "book_valuer_per_share_4q_avg": 30.95,
            "equity": 1663138,
            "current_ratio": 154.65,
            "debt_ratio": 42.14,
            "inventory_turnover_ratio": 0.86,
            "account_receivable_turnover_ratio": 1.85,
            "reinvestment_rate": 157.43,
            "research_to_sale_ratio": 1.78,
            "price_fair": 101.15,
            "eps_avg_yearly": 2.89,
            "eps_latest_yearly": 4.08,
            "eps_growth_yearly": 54.91
        },
        "20133": {
            "year_quarter": 20133,
            "year": 2013,
            "quarter": 3,
            "eps": 0.34,
            "eps_growth_year": -2.17,
            "eps_4q": 2.5,
            "eps_4q_growth_year": 7.89,
            "roe": 1.09,
            "roe_4q": 8.75,
            "gross_profit": 118473,
            "gross_margin": 23.88,
            "gross_margin_4q_avg": 24.53,
            "net_income": 18684,
            "revenue": 496076,
            "common_shares": 558665,
            "book_valuer_per_share": 31.8,
            "book_valuer_per_share_4q_avg": 31.4,
            "equity": 1776354,
            "current_ratio": 136.59,
            "debt_ratio": 37.86,
            "inventory_turnover_ratio": 0.77,
            "account_receivable_turnover_ratio": 1.83,
            "reinvestment_rate": 214.93,
            "research_to_sale_ratio": 1.65,
            "price_fair": 79.37,
            "eps_avg_yearly": 2.72,
            "eps_latest_yearly": 1.36,
            "eps_growth_yearly": 19.18
        },
        "20134": {
            "year_quarter": 20134,
            "year": 2013,
            "quarter": 4,
            "eps": 0.15,
            "eps_growth_year": -65.43,
            "eps_4q": 2.26,
            "eps_4q_growth_year": -0.07,
            "roe": 0.46,
            "roe_4q": 7.8100000000000005,
            "gross_profit": 101029,
            "gross_margin": 18.9,
            "gross_margin_4q_avg": 23.48,
            "net_income": 8258,
            "revenue": 534520,
            "common_shares": 561523,
            "book_valuer_per_share": 32.3,
            "book_valuer_per_share_4q_avg": 31.8,
            "equity": 1813922,
            "current_ratio": 144.55,
            "debt_ratio": 37.87,
            "inventory_turnover_ratio": 0.87,
            "account_receivable_turnover_ratio": 1.91,
            "reinvestment_rate": 90.3,
            "research_to_sale_ratio": 1.81,
            "price_fair": 46,
            "eps_avg_yearly": 2.48,
            "eps_latest_yearly": 0.6,
            "eps_growth_yearly": 8.58
        },
        "20141": {
            "year_quarter": 20141,
            "year": 2014,
            "quarter": 1,
            "eps": 0.62,
            "eps_growth_year": -36.08,
            "eps_4q": 2.01,
            "eps_4q_growth_year": -25.39,
            "roe": 1.9,
            "roe_4q": 6.6,
            "gross_profit": 126508,
            "gross_margin": 24.37,
            "gross_margin_4q_avg": 23.05,
            "net_income": 34764,
            "revenue": 519205,
            "common_shares": 562335,
            "book_valuer_per_share": 32.88,
            "book_valuer_per_share_4q_avg": 32.13,
            "equity": 1849113,
            "current_ratio": 145.93,
            "debt_ratio": 37.36,
            "inventory_turnover_ratio": 0.77,
            "account_receivable_turnover_ratio": 1.66,
            "reinvestment_rate": 218.2,
            "research_to_sale_ratio": 1.5,
            "price_fair": 86.66,
            "eps_avg_yearly": 2.48,
            "eps_latest_yearly": 2.48,
            "eps_growth_yearly": 133.06
        },
        "20142": {
            "year_quarter": 20142,
            "year": 2014,
            "quarter": 2,
            "eps": 0.97,
            "eps_growth_year": -4.9,
            "eps_4q": 2.07,
            "eps_4q_growth_year": -21.41,
            "roe": 2.99,
            "roe_4q": 6.44,
            "gross_profit": 146872,
            "gross_margin": 24.85,
            "gross_margin_4q_avg": 23,
            "net_income": 54541,
            "revenue": 591030,
            "common_shares": 562503,
            "book_valuer_per_share": 32.03,
            "book_valuer_per_share_4q_avg": 32.25,
            "equity": 1801484,
            "current_ratio": 136.32,
            "debt_ratio": 39.69,
            "inventory_turnover_ratio": 0.88,
            "account_receivable_turnover_ratio": 1.74,
            "reinvestment_rate": 74.74,
            "research_to_sale_ratio": 1.68,
            "price_fair": 91.13,
            "eps_avg_yearly": 2.6,
            "eps_latest_yearly": 3.88,
            "eps_growth_yearly": 141.49
        },
        "20143": {
            "year_quarter": 20143,
            "year": 2014,
            "quarter": 3,
            "eps": 0.24,
            "eps_growth_year": -29.41,
            "eps_4q": 1.98,
            "eps_4q_growth_year": -20.95,
            "roe": 0.76,
            "roe_4q": 6.11,
            "gross_profit": 114494,
            "gross_margin": 24.04,
            "gross_margin_4q_avg": 23.04,
            "net_income": 13780,
            "revenue": 476340,
            "common_shares": 562503,
            "book_valuer_per_share": 32.8,
            "book_valuer_per_share_4q_avg": 32.5,
            "equity": 1845197,
            "current_ratio": 136.36,
            "debt_ratio": 35.49,
            "inventory_turnover_ratio": 0.74,
            "account_receivable_turnover_ratio": 1.48,
            "reinvestment_rate": 185.9,
            "research_to_sale_ratio": 1.56,
            "price_fair": 86.33,
            "eps_avg_yearly": 2.47,
            "eps_latest_yearly": 0.96,
            "eps_growth_yearly": 104.61
        },
        "20144": {
            "year_quarter": 20144,
            "year": 2014,
            "quarter": 4,
            "eps": 0.48,
            "eps_growth_year": 229.08,
            "eps_4q": 2.32,
            "eps_4q_growth_year": 2.63,
            "roe": 1.45,
            "roe_4q": 7.1,
            "gross_profit": 160579,
            "gross_margin": 28.36,
            "gross_margin_4q_avg": 25.41,
            "net_income": 27223,
            "revenue": 566136,
            "common_shares": 562503,
            "book_valuer_per_share": 33.84,
            "book_valuer_per_share_4q_avg": 32.89,
            "equity": 1903559,
            "current_ratio": 140.92,
            "debt_ratio": 35.48,
            "inventory_turnover_ratio": 0.79,
            "account_receivable_turnover_ratio": 1.79,
            "reinvestment_rate": 38.39,
            "research_to_sale_ratio": 1.35,
            "price_fair": 84.86,
            "eps_avg_yearly": 2.42,
            "eps_latest_yearly": 1.92,
            "eps_growth_yearly": 127.33
        },
        "20151": {
            "year_quarter": 20151,
            "year": 2015,
            "quarter": 1,
            "eps": 0.64,
            "eps_growth_year": 3.23,
            "eps_4q": 2.34,
            "eps_4q_growth_year": 16.46,
            "roe": 1.88,
            "roe_4q": 7.08,
            "gross_profit": 142500,
            "gross_margin": 25.91,
            "gross_margin_4q_avg": 25.79,
            "net_income": 36005,
            "revenue": 549886,
            "common_shares": 562590,
            "book_valuer_per_share": 34.26,
            "book_valuer_per_share_4q_avg": 33.23,
            "equity": 1927580,
            "current_ratio": 145.75,
            "debt_ratio": 35.16,
            "inventory_turnover_ratio": 0.79,
            "account_receivable_turnover_ratio": 1.51,
            "reinvestment_rate": 26.88,
            "research_to_sale_ratio": 1.06,
            "price_fair": 85.2,
            "eps_avg_yearly": 2.43,
            "eps_latest_yearly": 2.56,
            "eps_growth_yearly": 127.76
        },
        "20152": {
            "year_quarter": 20152,
            "year": 2015,
            "quarter": 2,
            "eps": 0.77,
            "eps_growth_year": -20.62,
            "eps_4q": 2.14,
            "eps_4q_growth_year": 3.45,
            "roe": 2.27,
            "roe_4q": 6.36,
            "gross_profit": 128331,
            "gross_margin": 26.04,
            "gross_margin_4q_avg": 26.09,
            "net_income": 43303,
            "revenue": 492753,
            "common_shares": 562736,
            "book_valuer_per_share": 33.56,
            "book_valuer_per_share_4q_avg": 33.62,
            "equity": 1888333,
            "current_ratio": 138.06,
            "debt_ratio": 37.74,
            "inventory_turnover_ratio": 0.74,
            "account_receivable_turnover_ratio": 1.28,
            "reinvestment_rate": 14.15,
            "research_to_sale_ratio": 1.62,
            "price_fair": 86.8,
            "eps_avg_yearly": 2.48,
            "eps_latest_yearly": 3.08,
            "eps_growth_yearly": 142.56
        },
        "20153": {
            "year_quarter": 20153,
            "year": 2015,
            "quarter": 3,
            "eps": 0.51,
            "eps_growth_year": 112.5,
            "eps_4q": 2.4,
            "eps_4q_growth_year": 21.47,
            "roe": 1.49,
            "roe_4q": 7.09,
            "gross_profit": 95836,
            "gross_margin": 23.28,
            "gross_margin_4q_avg": 25.9,
            "net_income": 28776,
            "revenue": 411583,
            "common_shares": 562736,
            "book_valuer_per_share": 34.87,
            "book_valuer_per_share_4q_avg": 34.13,
            "equity": 1962120,
            "current_ratio": 157.19,
            "debt_ratio": 32.45,
            "inventory_turnover_ratio": 0.66,
            "account_receivable_turnover_ratio": 1.25,
            "reinvestment_rate": -66.51,
            "research_to_sale_ratio": 1.33,
            "price_fair": 85.77,
            "eps_avg_yearly": 2.45,
            "eps_latest_yearly": 2.04,
            "eps_growth_yearly": 124.05
        },
        "20154": {
            "year_quarter": 20154,
            "year": 2015,
            "quarter": 4,
            "eps": 0.32,
            "eps_growth_year": -32.85,
            "eps_4q": 2.25,
            "eps_4q_growth_year": -3.06,
            "roe": 0.93,
            "roe_4q": 6.569999999999999,
            "gross_profit": 121551,
            "gross_margin": 26.03,
            "gross_margin_4q_avg": 25.32,
            "net_income": 18201,
            "revenue": 466886,
            "common_shares": 562736,
            "book_valuer_per_share": 34.73,
            "book_valuer_per_share_4q_avg": 34.36,
            "equity": 1955666,
            "current_ratio": 162.26,
            "debt_ratio": 31.8,
            "inventory_turnover_ratio": 0.73,
            "account_receivable_turnover_ratio": 1.67,
            "reinvestment_rate": -81.4,
            "research_to_sale_ratio": 1.31,
            "price_fair": 83.21,
            "eps_avg_yearly": 2.38,
            "eps_latest_yearly": 1.28,
            "eps_growth_yearly": 106.98
        },
        "20161": {
            "year_quarter": 20161,
            "year": 2016,
            "quarter": 1,
            "eps": 0.58,
            "eps_growth_year": -9.38,
            "eps_4q": 2.19,
            "eps_4q_growth_year": -6.38,
            "roe": 1.67,
            "roe_4q": 6.359999999999999,
            "gross_profit": 148471,
            "gross_margin": 30.17,
            "gross_margin_4q_avg": 26.38,
            "net_income": 32821,
            "revenue": 492142,
            "common_shares": 562736,
            "book_valuer_per_share": 34.98,
            "book_valuer_per_share_4q_avg": 34.54,
            "equity": 1970005,
            "current_ratio": 168.38,
            "debt_ratio": 30.84,
            "inventory_turnover_ratio": 0.74,
            "account_receivable_turnover_ratio": 1.74,
            "reinvestment_rate": -105.12,
            "research_to_sale_ratio": 1.27,
            "price_fair": 82.95,
            "eps_avg_yearly": 2.37,
            "eps_latest_yearly": 2.32,
            "eps_growth_yearly": 125.06
        },
        "20162": {
            "year_quarter": 20162,
            "year": 2016,
            "quarter": 2,
            "eps": 0.14,
            "eps_growth_year": -81.82,
            "eps_4q": 1.56,
            "eps_4q_growth_year": -27.1,
            "roe": 0.4,
            "roe_4q": 4.49,
            "gross_profit": 107435,
            "gross_margin": 25.22,
            "gross_margin_4q_avg": 26.18,
            "net_income": 7806,
            "revenue": 426028,
            "common_shares": 562736,
            "book_valuer_per_share": 33.49,
            "book_valuer_per_share_4q_avg": 34.52,
            "equity": 1886018,
            "current_ratio": 153.06,
            "debt_ratio": 33.24,
            "inventory_turnover_ratio": 0.71,
            "account_receivable_turnover_ratio": 1.74,
            "reinvestment_rate": -122.42,
            "research_to_sale_ratio": 1.67,
            "price_fair": 74.64,
            "eps_avg_yearly": 2.13,
            "eps_latest_yearly": 0.56,
            "eps_growth_yearly": 86.42
        },
        "20163": {
            "year_quarter": 20163,
            "year": 2016,
            "quarter": 3,
            "eps": -0.03,
            "eps_growth_year": -105.88,
            "eps_4q": 1.01,
            "eps_4q_growth_year": -57.83,
            "roe": -0.1,
            "roe_4q": 2.9,
            "gross_profit": 88092,
            "gross_margin": 23.35,
            "gross_margin_4q_avg": 26.19,
            "net_income": -1873,
            "revenue": 377284,
            "common_shares": 562736,
            "book_valuer_per_share": 32.91,
            "book_valuer_per_share_4q_avg": 34.03,
            "equity": 1853199,
            "current_ratio": 147.45,
            "debt_ratio": 34.72,
            "inventory_turnover_ratio": 0.63,
            "account_receivable_turnover_ratio": 1.85,
            "reinvestment_rate": -168.85,
            "research_to_sale_ratio": 1.95,
            "price_fair": 76.35,
            "eps_avg_yearly": 2.18,
            "eps_latest_yearly": 0.56,
            "eps_growth_yearly": 110.29
        },
        "20164": {
            "year_quarter": 20164,
            "year": 2016,
            "quarter": 4,
            "eps": 0.83,
            "eps_growth_year": 155.24,
            "eps_4q": 1.52,
            "eps_4q_growth_year": -32.38,
            "roe": 2.5,
            "roe_4q": 4.47,
            "gross_profit": 132525,
            "gross_margin": 28.37,
            "gross_margin_4q_avg": 26.78,
            "net_income": 46676,
            "revenue": 467167,
            "common_shares": 562736,
            "book_valuer_per_share": 33.4,
            "book_valuer_per_share_4q_avg": 33.7,
            "equity": 1880869,
            "current_ratio": 153.24,
            "debt_ratio": 34.77,
            "inventory_turnover_ratio": 0.71,
            "account_receivable_turnover_ratio": 2.13,
            "reinvestment_rate": -219.82,
            "research_to_sale_ratio": 1.75,
            "price_fair": 77.5,
            "eps_avg_yearly": 2.21,
            "eps_latest_yearly": 0.56,
            "eps_growth_yearly": 111.64
        },
        "20171": {
            "year_quarter": 20171,
            "year": 2017,
            "quarter": 1,
            "eps": 0.54,
            "eps_growth_year": -6.9,
            "eps_4q": 1.48,
            "eps_4q_growth_year": -32.41,
            "roe": 1.64,
            "roe_4q": 4.44,
            "gross_profit": 144999,
            "gross_margin": 28.95,
            "gross_margin_4q_avg": 26.47,
            "net_income": 30635,
            "revenue": 500856,
            "common_shares": 562736,
            "book_valuer_per_share": 32.95,
            "book_valuer_per_share_4q_avg": 33.19,
            "equity": 1854250,
            "current_ratio": 154.3,
            "debt_ratio": 36,
            "inventory_turnover_ratio": 0.78,
            "account_receivable_turnover_ratio": 2.02,
            "reinvestment_rate": 6.25,
            "research_to_sale_ratio": 1.18,
            "price_fair": 73.2,
            "eps_avg_yearly": 2.09,
            "eps_latest_yearly": 2.16,
            "eps_growth_yearly": 65.77
        },
        "20172": {
            "year_quarter": 20172,
            "year": 2017,
            "quarter": 2,
            "eps": -0.13,
            "eps_growth_year": -192.86,
            "eps_4q": 1.21,
            "eps_4q_growth_year": -22.19,
            "roe": -0.39,
            "roe_4q": 3.65,
            "gross_profit": 73272,
            "gross_margin": 19.6,
            "gross_margin_4q_avg": 25.07,
            "net_income": -7184,
            "revenue": 373879,
            "common_shares": 562736,
            "book_valuer_per_share": 32.15,
            "book_valuer_per_share_4q_avg": 32.85,
            "equity": 1809053,
            "current_ratio": 158.07,
            "debt_ratio": 33.22,
            "inventory_turnover_ratio": 0.7,
            "account_receivable_turnover_ratio": 1.48,
            "reinvestment_rate": -3.67,
            "research_to_sale_ratio": 1.76,
            "price_fair": 67.85,
            "eps_avg_yearly": 1.94,
            "eps_latest_yearly": 2.16,
            "eps_growth_yearly": 69.25
        },
        "20173": {
            "year_quarter": 20173,
            "year": 2017,
            "quarter": 3,
            "eps": -0.32,
            "eps_growth_year": null,
            "eps_4q": 0.92,
            "eps_4q_growth_year": -8.83,
            "roe": -1,
            "roe_4q": 2.75,
            "gross_profit": 73812,
            "gross_margin": 19.64,
            "gross_margin_4q_avg": 24.14,
            "net_income": -18104,
            "revenue": 375778,
            "common_shares": 562736,
            "book_valuer_per_share": 32.07,
            "book_valuer_per_share_4q_avg": 32.64,
            "equity": 1804461,
            "current_ratio": 152.03,
            "debt_ratio": 35.05,
            "inventory_turnover_ratio": 0.7,
            "account_receivable_turnover_ratio": 1.48,
            "reinvestment_rate": -46.42,
            "research_to_sale_ratio": 1.82,
            "price_fair": 69.53,
            "eps_avg_yearly": 1.99,
            "eps_latest_yearly": 2.16,
            "eps_growth_yearly": 97.24
        },
        "20174": {
            "year_quarter": 20174,
            "year": 2017,
            "quarter": 4,
            "eps": 0.25,
            "eps_growth_year": -69.53,
            "eps_4q": 0.35,
            "eps_4q_growth_year": -77.1,
            "roe": 0.78,
            "roe_4q": 1.0299999999999998,
            "gross_profit": 119061,
            "gross_margin": 25.13,
            "gross_margin_4q_avg": 23.33,
            "net_income": 14222,
            "revenue": 473802,
            "common_shares": 562736,
            "book_valuer_per_share": 32.38,
            "book_valuer_per_share_4q_avg": 32.39,
            "equity": 1822105,
            "current_ratio": 150.84,
            "debt_ratio": 36.39,
            "inventory_turnover_ratio": 0.77,
            "account_receivable_turnover_ratio": 1.64,
            "reinvestment_rate": -35.96,
            "research_to_sale_ratio": 1.59,
            "price_fair": 73.95,
            "eps_avg_yearly": 2.11,
            "eps_latest_yearly": 2.16,
            "eps_growth_yearly": 126.4
        },
        "20181": {
            "year_quarter": 20181,
            "year": 2018,
            "quarter": 1,
            "eps": 0.53,
            "eps_growth_year": -1.85,
            "eps_4q": 0.33,
            "eps_4q_growth_year": -77.46,
            "roe": 1.63,
            "roe_4q": 1.02,
            "gross_profit": 122118,
            "gross_margin": 24.89,
            "gross_margin_4q_avg": 22.32,
            "net_income": 29836,
            "revenue": 490564,
            "common_shares": 562736,
            "book_valuer_per_share": 32.8,
            "book_valuer_per_share_4q_avg": 32.35,
            "equity": 1845711,
            "current_ratio": 151.17,
            "debt_ratio": 36.74,
            "inventory_turnover_ratio": 0.74,
            "account_receivable_turnover_ratio": 1.47,
            "reinvestment_rate": -43.64,
            "research_to_sale_ratio": 1.67,
            "price_fair": 72.8,
            "eps_avg_yearly": 2.08,
            "eps_latest_yearly": 2.12,
            "eps_growth_yearly": 53.19
        },
        "20182": {
            "year_quarter": 20182,
            "year": 2018,
            "quarter": 2,
            "eps": 0.82,
            "eps_growth_year": null,
            "eps_4q": 1.28,
            "eps_4q_growth_year": 5.32,
            "roe": 2.5,
            "roe_4q": 3.91,
            "gross_profit": 135810,
            "gross_margin": 27.19,
            "gross_margin_4q_avg": 24.21,
            "net_income": 45927,
            "revenue": 499537,
            "common_shares": 562736,
            "book_valuer_per_share": 32.52,
            "book_valuer_per_share_4q_avg": 32.44,
            "equity": 1830128,
            "current_ratio": 129.57,
            "debt_ratio": 42.63,
            "inventory_turnover_ratio": 0.72,
            "account_receivable_turnover_ratio": 1.47,
            "reinvestment_rate": -56,
            "research_to_sale_ratio": 1.44,
            "price_fair": 70.89,
            "eps_avg_yearly": 2.03,
            "eps_latest_yearly": 3.28,
            "eps_growth_yearly": 52.56
        },
        "20183": {
            "year_quarter": 20183,
            "year": 2018,
            "quarter": 3,
            "eps": 0.52,
            "eps_growth_year": null,
            "eps_4q": 2.12,
            "eps_4q_growth_year": 129.8,
            "roe": 1.62,
            "roe_4q": 6.53,
            "gross_profit": 119705,
            "gross_margin": 27.11,
            "gross_margin_4q_avg": 26.08,
            "net_income": 29561,
            "revenue": 441627,
            "common_shares": 562736,
            "book_valuer_per_share": 32.34,
            "book_valuer_per_share_4q_avg": 32.51,
            "equity": 1820024,
            "current_ratio": 125.15,
            "debt_ratio": 43.44,
            "inventory_turnover_ratio": 0.63,
            "account_receivable_turnover_ratio": 1.41,
            "reinvestment_rate": -46.98,
            "research_to_sale_ratio": 1.83,
            "price_fair": 74.45,
            "eps_avg_yearly": 2.13,
            "eps_latest_yearly": 2.08,
            "eps_growth_yearly": 66.62
        },
        "20184": {
            "year_quarter": 20184,
            "year": 2018,
            "quarter": 4,
            "eps": 0.7,
            "eps_growth_year": 175.84,
            "eps_4q": 2.57,
            "eps_4q_growth_year": 638.69,
            "roe": 2.14,
            "roe_4q": 7.89,
            "gross_profit": 161979,
            "gross_margin": 27.82,
            "gross_margin_4q_avg": 26.75,
            "net_income": 39230,
            "revenue": 582281,
            "common_shares": 562736,
            "book_valuer_per_share": 32.94,
            "book_valuer_per_share_4q_avg": 32.65,
            "equity": 1853595,
            "current_ratio": 121.85,
            "debt_ratio": 46.29,
            "inventory_turnover_ratio": 0.8,
            "account_receivable_turnover_ratio": 1.63,
            "reinvestment_rate": -36.11,
            "research_to_sale_ratio": 1.5,
            "price_fair": 77.25,
            "eps_avg_yearly": 2.21,
            "eps_latest_yearly": 2.8,
            "eps_growth_yearly": 42.84
        },
        "20191": {
            "year_quarter": 20191,
            "year": 2019,
            "quarter": 1,
            "eps": 0.41,
            "eps_growth_year": -22.64,
            "eps_4q": 2.45,
            "eps_4q_growth_year": 634.65,
            "roe": 1.24,
            "roe_4q": 7.5,
            "gross_profit": 122017,
            "gross_margin": 24.31,
            "gross_margin_4q_avg": 26.61,
            "net_income": 23175,
            "revenue": 501973,
            "common_shares": 562736,
            "book_valuer_per_share": 33.72,
            "book_valuer_per_share_4q_avg": 32.88,
            "equity": 1897364,
            "current_ratio": 126.43,
            "debt_ratio": 39.97,
            "inventory_turnover_ratio": 0.73,
            "account_receivable_turnover_ratio": 1.22,
            "reinvestment_rate": -26.9,
            "research_to_sale_ratio": 1.93,
            "price_fair": 54.49,
            "eps_avg_yearly": 2.12,
            "eps_latest_yearly": 1.64,
            "eps_growth_yearly": 15.66
        },
        "20192": {
            "year_quarter": 20192,
            "year": 2019,
            "quarter": 2,
            "eps": 0.24,
            "eps_growth_year": -70.73,
            "eps_4q": 1.88,
            "eps_4q_growth_year": 47.08,
            "roe": 0.74,
            "roe_4q": 5.74,
            "gross_profit": 122010,
            "gross_margin": 23.76,
            "gross_margin_4q_avg": 25.75,
            "net_income": 13757,
            "revenue": 513414,
            "common_shares": 562736,
            "book_valuer_per_share": 32.04,
            "book_valuer_per_share_4q_avg": 32.76,
            "equity": 1802777,
            "current_ratio": 120.56,
            "debt_ratio": 45.08,
            "inventory_turnover_ratio": 0.77,
            "account_receivable_turnover_ratio": 1.34,
            "reinvestment_rate": -6.27,
            "research_to_sale_ratio": 2.28,
            "price_fair": 5.79,
            "eps_avg_yearly": 1.93,
            "eps_latest_yearly": 0.96,
            "eps_growth_yearly": -6.81
        },
        "20193": {
            "year_quarter": 20193,
            "year": 2019,
            "quarter": 3,
            "eps": 6.74,
            "eps_growth_year": 1196.15,
            "eps_4q": 8.09,
            "eps_4q_growth_year": 280.86,
            "roe": 19.16,
            "roe_4q": 23.279999999999998,
            "gross_profit": 122616,
            "gross_margin": 24.5,
            "gross_margin_4q_avg": 25.1,
            "net_income": 379136,
            "revenue": 500495,
            "common_shares": 562736,
            "book_valuer_per_share": 38.31,
            "book_valuer_per_share_4q_avg": 34.25,
            "equity": 2155780,
            "current_ratio": 156.05,
            "debt_ratio": 43.22,
            "inventory_turnover_ratio": 0.82,
            "account_receivable_turnover_ratio": 1.42,
            "reinvestment_rate": -9.17,
            "research_to_sale_ratio": 2.46,
            "price_fair": 146.87,
            "eps_avg_yearly": 4.2,
            "eps_latest_yearly": 26.96,
            "eps_growth_yearly": 990.32
        },
        "20194": {
            "year_quarter": 20194,
            "year": 2019,
            "quarter": 4,
            "eps": -0.42,
            "eps_growth_year": -160.65,
            "eps_4q": 6.97,
            "eps_4q_growth_year": 171.37,
            "roe": -1.12,
            "roe_4q": 20.019999999999996,
            "gross_profit": 101109,
            "gross_margin": 19.87,
            "gross_margin_4q_avg": 23.11,
            "net_income": -23792,
            "revenue": 508768,
            "common_shares": 562736,
            "book_valuer_per_share": 37.28,
            "book_valuer_per_share_4q_avg": 35.34,
            "equity": 2097708,
            "current_ratio": 133.16,
            "debt_ratio": 46.17,
            "inventory_turnover_ratio": 0.9,
            "account_receivable_turnover_ratio": 1.46,
            "reinvestment_rate": 4.9,
            "research_to_sale_ratio": 2.35,
            "price_fair": 157.08,
            "eps_avg_yearly": 4.49,
            "eps_latest_yearly": 26.96,
            "eps_growth_yearly": 1104.25
        },
        "20201": {
            "year_quarter": 20201,
            "year": 2020,
            "quarter": 1,
            "eps": -0.03,
            "eps_growth_year": -107.32,
            "eps_4q": 6.53,
            "eps_4q_growth_year": 166.38,
            "roe": -0.08,
            "roe_4q": 18.7,
            "gross_profit": 78695,
            "gross_margin": 19.56,
            "gross_margin_4q_avg": 21.92,
            "net_income": -1781,
            "revenue": 402299,
            "common_shares": 562736,
            "book_valuer_per_share": 37.22,
            "book_valuer_per_share_4q_avg": 36.21,
            "equity": 2094357,
            "current_ratio": 124.38,
            "debt_ratio": 46.26,
            "inventory_turnover_ratio": 0.64,
            "account_receivable_turnover_ratio": 1.08,
            "reinvestment_rate": 19.92,
            "research_to_sale_ratio": 2.37,
            "price_fair": 165.51,
            "eps_avg_yearly": 4.73,
            "eps_latest_yearly": 26.96,
            "eps_growth_yearly": 1190.84
        },
        "20202": {
            "year_quarter": 20202,
            "year": 2020,
            "quarter": 2,
            "eps": -0.52,
            "eps_growth_year": -316.67,
            "eps_4q": 5.77,
            "eps_4q_growth_year": 207.09,
            "roe": -1.43,
            "roe_4q": 16.53,
            "gross_profit": 75108,
            "gross_margin": 17.75,
            "gross_margin_4q_avg": 20.42,
            "net_income": -28893,
            "revenue": 423152,
            "common_shares": 562736,
            "book_valuer_per_share": 34.82,
            "book_valuer_per_share_4q_avg": 36.91,
            "equity": 1959267,
            "current_ratio": 111.39,
            "debt_ratio": 49.97,
            "inventory_turnover_ratio": 0.64,
            "account_receivable_turnover_ratio": 1.24,
            "reinvestment_rate": 25.76,
            "research_to_sale_ratio": 2.27,
            "price_fair": 183.75,
            "eps_avg_yearly": 5.25,
            "eps_latest_yearly": 26.96,
            "eps_growth_yearly": 1377.62
        },
        "20203": {
            "year_quarter": 20203,
            "year": 2020,
            "quarter": 3,
            "eps": -0.33,
            "eps_growth_year": -104.9,
            "eps_4q": -1.3,
            "eps_4q_growth_year": -116.04,
            "roe": -0.96,
            "roe_4q": -3.59,
            "gross_profit": 105999,
            "gross_margin": 18.3,
            "gross_margin_4q_avg": 18.87,
            "net_income": -18560,
            "revenue": 579280,
            "common_shares": 562736,
            "book_valuer_per_share": 33.92,
            "book_valuer_per_share_4q_avg": 35.81,
            "equity": 1909024,
            "current_ratio": 105.85,
            "debt_ratio": 50.35,
            "inventory_turnover_ratio": 0.88,
            "account_receivable_turnover_ratio": 1.89,
            "reinvestment_rate": 34.48,
            "research_to_sale_ratio": 2.02,
            "price_fair": 183.75,
            "eps_avg_yearly": 5.25,
            "eps_latest_yearly": 26.96,
            "eps_growth_yearly": 1377.62
        },
        "20204": {
            "year_quarter": 20204,
            "year": 2020,
            "quarter": 4,
            "eps": 0.63,
            "eps_growth_year": null,
            "eps_4q": -0.24,
            "eps_4q_growth_year": -103.45,
            "roe": 1.85,
            "roe_4q": -0.6199999999999998,
            "gross_profit": 191353,
            "gross_margin": 32.11,
            "gross_margin_4q_avg": 21.93,
            "net_income": 35708,
            "revenue": 595842,
            "common_shares": 562736,
            "book_valuer_per_share": 34.53,
            "book_valuer_per_share_4q_avg": 35.12,
            "equity": 1942889,
            "current_ratio": 146.01,
            "debt_ratio": 50.81,
            "inventory_turnover_ratio": 0.75,
            "account_receivable_turnover_ratio": 1.76,
            "reinvestment_rate": 53.2,
            "research_to_sale_ratio": 1.66,
            "price_fair": 183.75,
            "eps_avg_yearly": 5.25,
            "eps_latest_yearly": 26.96,
            "eps_growth_yearly": 1377.62
        },
        "20211": {
            "year_quarter": 20211,
            "year": 2021,
            "quarter": 1,
            "eps": 0.42,
            "eps_growth_year": null,
            "eps_4q": 0.22,
            "eps_4q_growth_year": -96.69,
            "roe": 1.22,
            "roe_4q": 0.6800000000000004,
            "gross_profit": 132031,
            "gross_margin": 21.61,
            "gross_margin_4q_avg": 22.44,
            "net_income": 23899,
            "revenue": 611030,
            "common_shares": 562736,
            "book_valuer_per_share": 35.05,
            "book_valuer_per_share_4q_avg": 34.58,
            "equity": 1972244,
            "current_ratio": 147.36,
            "debt_ratio": 50.59,
            "inventory_turnover_ratio": 0.84,
            "account_receivable_turnover_ratio": 1.53,
            "reinvestment_rate": 81.61,
            "research_to_sale_ratio": 1.36,
            "price_fair": 181.65,
            "eps_avg_yearly": 5.19,
            "eps_latest_yearly": 1.68,
            "eps_growth_yearly": 1378.43
        },
        "20212": {
            "year_quarter": 20212,
            "year": 2021,
            "quarter": 2,
            "eps": 0.03,
            "eps_growth_year": null,
            "eps_4q": 0.76,
            "eps_4q_growth_year": -86.81,
            "roe": 0.09,
            "roe_4q": 2.2,
            "gross_profit": 138094,
            "gross_margin": 23.4,
            "gross_margin_4q_avg": 23.86,
            "net_income": 1768,
            "revenue": 590106,
            "common_shares": 562736,
            "book_valuer_per_share": 35.55,
            "book_valuer_per_share_4q_avg": 34.76,
            "equity": 2000765,
            "current_ratio": 143.68,
            "debt_ratio": 52.25,
            "inventory_turnover_ratio": 0.73,
            "account_receivable_turnover_ratio": 1.38,
            "reinvestment_rate": 88.23,
            "research_to_sale_ratio": 1.58,
            "price_fair": 161.93,
            "eps_avg_yearly": 4.63,
            "eps_latest_yearly": 0.12,
            "eps_growth_yearly": 1184
        },
        "20213": {
            "year_quarter": 20213,
            "year": 2021,
            "quarter": 3,
            "eps": 0.65,
            "eps_growth_year": null,
            "eps_4q": 1.74,
            "eps_4q_growth_year": null,
            "roe": 1.82,
            "roe_4q": 4.98,
            "gross_profit": 99723,
            "gross_margin": 18.15,
            "gross_margin_4q_avg": 23.82,
            "net_income": 36596,
            "revenue": 549513,
            "common_shares": 562736,
            "book_valuer_per_share": 35.73,
            "book_valuer_per_share_4q_avg": 35.22,
            "equity": 2010466,
            "current_ratio": 139.2,
            "debt_ratio": 50.37,
            "inventory_turnover_ratio": 0.67,
            "account_receivable_turnover_ratio": 1.31,
            "reinvestment_rate": 87.76,
            "research_to_sale_ratio": 1.52,
            "price_fair": 154.84,
            "eps_avg_yearly": 4.42,
            "eps_latest_yearly": 2.6,
            "eps_growth_yearly": 1892.27
        },
        "20214": {
            "year_quarter": 20214,
            "year": 2021,
            "quarter": 4,
            "eps": -0.35,
            "eps_growth_year": -155.92,
            "eps_4q": 0.75,
            "eps_4q_growth_year": null,
            "roe": -1,
            "roe_4q": 2.13,
            "gross_profit": 77517,
            "gross_margin": 16.46,
            "gross_margin_4q_avg": 19.91,
            "net_income": -19969,
            "revenue": 470918,
            "common_shares": 562736,
            "book_valuer_per_share": 35.32,
            "book_valuer_per_share_4q_avg": 35.41,
            "equity": 1987811,
            "current_ratio": 132.08,
            "debt_ratio": 51.98,
            "inventory_turnover_ratio": 0.54,
            "account_receivable_turnover_ratio": 1.25,
            "reinvestment_rate": 96.26,
            "research_to_sale_ratio": 2.29,
            "price_fair": 154.84,
            "eps_avg_yearly": 4.42,
            "eps_latest_yearly": 2.6,
            "eps_growth_yearly": 1892.27
        },
        "20221": {
            "year_quarter": 20221,
            "year": 2022,
            "quarter": 1,
            "eps": 0.79,
            "eps_growth_year": 88.1,
            "eps_4q": 1.12,
            "eps_4q_growth_year": 418.51,
            "roe": 2.19,
            "roe_4q": 3.0999999999999996,
            "gross_profit": 142520,
            "gross_margin": 22.36,
            "gross_margin_4q_avg": 20.09,
            "net_income": 44625,
            "revenue": 637273,
            "common_shares": 562736,
            "book_valuer_per_share": 37.05,
            "book_valuer_per_share_4q_avg": 35.91,
            "equity": 2084700,
            "current_ratio": 133.7,
            "debt_ratio": 50.05,
            "inventory_turnover_ratio": 0.67,
            "account_receivable_turnover_ratio": 1.52,
            "reinvestment_rate": 107.15,
            "research_to_sale_ratio": 1.28,
            "price_fair": 163.8,
            "eps_avg_yearly": 4.68,
            "eps_latest_yearly": 2.6,
            "eps_growth_yearly": 2052.74
        },
        "20222": {
            "year_quarter": 20222,
            "year": 2022,
            "quarter": 2,
            "eps": 0.3,
            "eps_growth_year": 900,
            "eps_4q": 1.39,
            "eps_4q_growth_year": 82.73,
            "roe": 0.82,
            "roe_4q": 3.83,
            "gross_profit": 110713,
            "gross_margin": 21.01,
            "gross_margin_4q_avg": 19.5,
            "net_income": 16984,
            "revenue": 526904,
            "common_shares": 562736,
            "book_valuer_per_share": 36.84,
            "book_valuer_per_share_4q_avg": 36.24,
            "equity": 2073304,
            "current_ratio": 130.56,
            "debt_ratio": 49.79,
            "inventory_turnover_ratio": 0.59,
            "account_receivable_turnover_ratio": 1.12,
            "reinvestment_rate": 114.7,
            "research_to_sale_ratio": 2.43,
            "price_fair": 155.71,
            "eps_avg_yearly": 4.45,
            "eps_latest_yearly": 1.2,
            "eps_growth_yearly": 2000.85
        },
        "20223": {
            "year_quarter": 20223,
            "year": 2022,
            "quarter": 3,
            "eps": 0.12,
            "eps_growth_year": -81.54,
            "eps_4q": 0.86,
            "eps_4q_growth_year": -50.7,
            "roe": 0.32,
            "roe_4q": 2.33,
            "gross_profit": 89596,
            "gross_margin": 18.48,
            "gross_margin_4q_avg": 19.58,
            "net_income": 6664,
            "revenue": 484696,
            "common_shares": 562736,
            "book_valuer_per_share": 37.61,
            "book_valuer_per_share_4q_avg": 36.71,
            "equity": 2116455,
            "current_ratio": 130.45,
            "debt_ratio": 48.42,
            "inventory_turnover_ratio": 0.58,
            "account_receivable_turnover_ratio": 1.22,
            "reinvestment_rate": 126.35,
            "research_to_sale_ratio": 3.14,
            "price_fair": 149.49,
            "eps_avg_yearly": 4.27,
            "eps_latest_yearly": 0.48,
            "eps_growth_yearly": 1990.45
        },
        "20224": {
            "year_quarter": 20224,
            "year": 2022,
            "quarter": 4,
            "eps": -1.05,
            "eps_growth_year": null,
            "eps_4q": 0.17,
            "eps_4q_growth_year": -77.68,
            "roe": -2.83,
            "roe_4q": 0.49999999999999956,
            "gross_profit": 62202,
            "gross_margin": 14.71,
            "gross_margin_4q_avg": 19.14,
            "net_income": -58833,
            "revenue": 422770,
            "common_shares": 562736,
            "book_valuer_per_share": 36.16,
            "book_valuer_per_share_4q_avg": 36.92,
            "equity": 2034619,
            "current_ratio": 126.64,
            "debt_ratio": 47.28,
            "inventory_turnover_ratio": 0.55,
            "account_receivable_turnover_ratio": 1.34,
            "reinvestment_rate": 131.33,
            "research_to_sale_ratio": 3.63,
            "price_fair": 155.93,
            "eps_avg_yearly": 4.46,
            "eps_latest_yearly": 0.48,
            "eps_growth_yearly": 2221.95
        },
        "20231": {
            "year_quarter": 20231,
            "year": 2023,
            "quarter": 1,
            "eps": -0.32,
            "eps_growth_year": -140.51,
            "eps_4q": -0.95,
            "eps_4q_growth_year": -184.47,
            "roe": -0.89,
            "roe_4q": -2.5800000000000005,
            "gross_profit": 109458,
            "gross_margin": 20.09,
            "gross_margin_4q_avg": 18.57,
            "net_income": -18047,
            "revenue": 544715,
            "common_shares": 562736,
            "book_valuer_per_share": 35.81,
            "book_valuer_per_share_4q_avg": 36.61,
            "equity": 2015426,
            "current_ratio": 124.4,
            "debt_ratio": 48,
            "inventory_turnover_ratio": 0.74,
            "account_receivable_turnover_ratio": 1.55,
            "reinvestment_rate": 118.36,
            "research_to_sale_ratio": 1.93,
            "price_fair": 170,
            "eps_avg_yearly": 4.86,
            "eps_latest_yearly": 0.48,
            "eps_growth_yearly": 2563.04
        },
        "20232": {
            "year_quarter": 20232,
            "year": 2023,
            "quarter": 2,
            "eps": -0.57,
            "eps_growth_year": -290,
            "eps_4q": -1.82,
            "eps_4q_growth_year": -230.89,
            "roe": -1.63,
            "roe_4q": -5.029999999999999,
            "gross_profit": 68088,
            "gross_margin": 14.89,
            "gross_margin_4q_avg": 17.04,
            "net_income": -32190,
            "revenue": 457168,
            "common_shares": 562736,
            "book_valuer_per_share": 34.54,
            "book_valuer_per_share_4q_avg": 36.03,
            "equity": 1943840,
            "current_ratio": 118.27,
            "debt_ratio": 49.13,
            "inventory_turnover_ratio": 0.71,
            "account_receivable_turnover_ratio": 1.18,
            "reinvestment_rate": 106.26,
            "research_to_sale_ratio": 3.46,
            "price_fair": 192.73,
            "eps_avg_yearly": 5.51,
            "eps_latest_yearly": 0.48,
            "eps_growth_yearly": 3017.86
        }
    },
    "months": {
        "2009-10": {
            "month": "2009-10",
            "price": "63.98",
            "revenue": 65303
        },
        "2009-11": {
            "month": "2009-11",
            "price": "63.72",
            "revenue": 78314
        },
        "2009-12": {
            "month": "2009-12",
            "price": "62.12",
            "revenue": 93785
        },
        "2010-01": {
            "month": "2010-01",
            "price": "67.90",
            "revenue": 105552
        },
        "2010-02": {
            "month": "2010-02",
            "price": "69.17",
            "revenue": 77902
        },
        "2010-03": {
            "month": "2010-03",
            "price": "69.74",
            "revenue": 109779
        },
        "2010-04": {
            "month": "2010-04",
            "price": "70.18",
            "revenue": 94619
        },
        "2010-05": {
            "month": "2010-05",
            "price": "69.92",
            "revenue": 88758
        },
        "2010-06": {
            "month": "2010-06",
            "price": "72.20",
            "revenue": 91972
        },
        "2010-07": {
            "month": "2010-07",
            "price": "71.12",
            "revenue": 77227
        },
        "2010-08": {
            "month": "2010-08",
            "price": "70.27",
            "revenue": 74873
        },
        "2010-09": {
            "month": "2010-09",
            "price": "65.38",
            "revenue": 72935
        },
        "2010-10": {
            "month": "2010-10",
            "price": "61.28",
            "revenue": 70792
        },
        "2010-11": {
            "month": "2010-11",
            "price": "60.11",
            "revenue": 93733
        },
        "2010-12": {
            "month": "2010-12",
            "price": "61.53",
            "revenue": 104168
        },
        "2011-01": {
            "month": "2011-01",
            "price": "60.84",
            "revenue": 112139
        },
        "2011-02": {
            "month": "2011-02",
            "price": "59.02",
            "revenue": 98834
        },
        "2011-03": {
            "month": "2011-03",
            "price": "58.83",
            "revenue": 116946
        },
        "2011-04": {
            "month": "2011-04",
            "price": "61.33",
            "revenue": 102051
        },
        "2011-05": {
            "month": "2011-05",
            "price": "63.65",
            "revenue": 105913
        },
        "2011-06": {
            "month": "2011-06",
            "price": "74.28",
            "revenue": 90233
        },
        "2011-07": {
            "month": "2011-07",
            "price": "67.65",
            "revenue": 79493
        },
        "2011-08": {
            "month": "2011-08",
            "price": "56.20",
            "revenue": 132004
        },
        "2011-09": {
            "month": "2011-09",
            "price": "51.16",
            "revenue": 122430
        },
        "2011-10": {
            "month": "2011-10",
            "price": "41.58",
            "revenue": 147804
        },
        "2011-11": {
            "month": "2011-11",
            "price": "36.39",
            "revenue": 171151
        },
        "2011-12": {
            "month": "2011-12",
            "price": "35.90",
            "revenue": 179964
        },
        "2012-01": {
            "month": "2012-01",
            "price": "36.99",
            "revenue": 152080
        },
        "2012-02": {
            "month": "2012-02",
            "price": "44.52",
            "revenue": 186626
        },
        "2012-03": {
            "month": "2012-03",
            "price": "44.63",
            "revenue": 205926
        },
        "2012-04": {
            "month": "2012-04",
            "price": "44.04",
            "revenue": 170721
        },
        "2012-05": {
            "month": "2012-05",
            "price": "39.04",
            "revenue": 199609
        },
        "2012-06": {
            "month": "2012-06",
            "price": "36.80",
            "revenue": 170462
        },
        "2012-07": {
            "month": "2012-07",
            "price": "37.90",
            "revenue": 151110
        },
        "2012-08": {
            "month": "2012-08",
            "price": "37.31",
            "revenue": 166493
        },
        "2012-09": {
            "month": "2012-09",
            "price": "38.87",
            "revenue": 152898
        },
        "2012-10": {
            "month": "2012-10",
            "price": "35.03",
            "revenue": 156839
        },
        "2012-11": {
            "month": "2012-11",
            "price": "32.05",
            "revenue": 166465
        },
        "2012-12": {
            "month": "2012-12",
            "price": "33.27",
            "revenue": 179370
        },
        "2013-01": {
            "month": "2013-01",
            "price": "33.03",
            "revenue": 220666
        },
        "2013-02": {
            "month": "2013-02",
            "price": "34.65",
            "revenue": 120391
        },
        "2013-03": {
            "month": "2013-03",
            "price": "34.36",
            "revenue": 199107
        },
        "2013-04": {
            "month": "2013-04",
            "price": "34.47",
            "revenue": 201283
        },
        "2013-05": {
            "month": "2013-05",
            "price": "40.05",
            "revenue": 172673
        },
        "2013-06": {
            "month": "2013-06",
            "price": "42.27",
            "revenue": 170730
        },
        "2013-07": {
            "month": "2013-07",
            "price": "44.05",
            "revenue": 192259
        },
        "2013-08": {
            "month": "2013-08",
            "price": "43.61",
            "revenue": 155681
        },
        "2013-09": {
            "month": "2013-09",
            "price": "40.56",
            "revenue": 153797
        },
        "2013-10": {
            "month": "2013-10",
            "price": "39.72",
            "revenue": 172573
        },
        "2013-11": {
            "month": "2013-11",
            "price": "38.27",
            "revenue": 177370
        },
        "2013-12": {
            "month": "2013-12",
            "price": "40.56",
            "revenue": 186187
        },
        "2014-01": {
            "month": "2014-01",
            "price": "41.16",
            "revenue": 178132
        },
        "2014-02": {
            "month": "2014-02",
            "price": "39.28",
            "revenue": 142454
        },
        "2014-03": {
            "month": "2014-03",
            "price": "39.90",
            "revenue": 193633
        },
        "2014-04": {
            "month": "2014-04",
            "price": "38.98",
            "revenue": 194696
        },
        "2014-05": {
            "month": "2014-05",
            "price": "37.08",
            "revenue": 193572
        },
        "2014-06": {
            "month": "2014-06",
            "price": "38.12",
            "revenue": 197950
        },
        "2014-07": {
            "month": "2014-07",
            "price": "37.48",
            "revenue": 163539
        },
        "2014-08": {
            "month": "2014-08",
            "price": "36.75",
            "revenue": 174143
        },
        "2014-09": {
            "month": "2014-09",
            "price": "36.50",
            "revenue": 138342
        },
        "2014-10": {
            "month": "2014-10",
            "price": "34.66",
            "revenue": 171051
        },
        "2014-11": {
            "month": "2014-11",
            "price": "34.17",
            "revenue": 179034
        },
        "2014-12": {
            "month": "2014-12",
            "price": "34.14",
            "revenue": 214428
        },
        "2015-01": {
            "month": "2015-01",
            "price": "34.73",
            "revenue": 242464
        },
        "2015-02": {
            "month": "2015-02",
            "price": "35.17",
            "revenue": 143801
        },
        "2015-03": {
            "month": "2015-03",
            "price": "35.83",
            "revenue": 156730
        },
        "2015-04": {
            "month": "2015-04",
            "price": "34.35",
            "revenue": 189479
        },
        "2015-05": {
            "month": "2015-05",
            "price": "35.09",
            "revenue": 171682
        },
        "2015-06": {
            "month": "2015-06",
            "price": "32.97",
            "revenue": 135327
        },
        "2015-07": {
            "month": "2015-07",
            "price": "30.03",
            "revenue": 147280
        },
        "2015-08": {
            "month": "2015-08",
            "price": "26.04",
            "revenue": 128982
        },
        "2015-09": {
            "month": "2015-09",
            "price": "26.68",
            "revenue": 137043
        },
        "2015-10": {
            "month": "2015-10",
            "price": "29.57",
            "revenue": 132480
        },
        "2015-11": {
            "month": "2015-11",
            "price": "28.67",
            "revenue": 151318
        },
        "2015-12": {
            "month": "2015-12",
            "price": "28.30",
            "revenue": 181835
        },
        "2016-01": {
            "month": "2016-01",
            "price": "26.65",
            "revenue": 204003
        },
        "2016-02": {
            "month": "2016-02",
            "price": "27.15",
            "revenue": 115368
        },
        "2016-03": {
            "month": "2016-03",
            "price": "28.52",
            "revenue": 171959
        },
        "2016-04": {
            "month": "2016-04",
            "price": "27.98",
            "revenue": 162865
        },
        "2016-05": {
            "month": "2016-05",
            "price": "27.57",
            "revenue": 138140
        },
        "2016-06": {
            "month": "2016-06",
            "price": "27.42",
            "revenue": 124758
        },
        "2016-07": {
            "month": "2016-07",
            "price": "26.98",
            "revenue": 122599
        },
        "2016-08": {
            "month": "2016-08",
            "price": "25.69",
            "revenue": 129718
        },
        "2016-09": {
            "month": "2016-09",
            "price": "25.17",
            "revenue": 124493
        },
        "2016-10": {
            "month": "2016-10",
            "price": "24.72",
            "revenue": 136712
        },
        "2016-11": {
            "month": "2016-11",
            "price": "23.51",
            "revenue": 146005
        },
        "2016-12": {
            "month": "2016-12",
            "price": "23.85",
            "revenue": 182525
        },
        "2017-01": {
            "month": "2017-01",
            "price": "24.22",
            "revenue": 225942
        },
        "2017-02": {
            "month": "2017-02",
            "price": "24.69",
            "revenue": 135640
        },
        "2017-03": {
            "month": "2017-03",
            "price": "24.98",
            "revenue": 141877
        },
        "2017-04": {
            "month": "2017-04",
            "price": "25.00",
            "revenue": 117014
        },
        "2017-05": {
            "month": "2017-05",
            "price": "24.37",
            "revenue": 130814
        },
        "2017-06": {
            "month": "2017-06",
            "price": "24.18",
            "revenue": 126376
        },
        "2017-07": {
            "month": "2017-07",
            "price": "24.04",
            "revenue": 113181
        },
        "2017-08": {
            "month": "2017-08",
            "price": "24.21",
            "revenue": 125971
        },
        "2017-09": {
            "month": "2017-09",
            "price": "23.87",
            "revenue": 136052
        },
        "2017-10": {
            "month": "2017-10",
            "price": "23.86",
            "revenue": 131092
        },
        "2017-11": {
            "month": "2017-11",
            "price": "25.18",
            "revenue": 149362
        },
        "2017-12": {
            "month": "2017-12",
            "price": "24.54",
            "revenue": 202483
        },
        "2018-01": {
            "month": "2018-01",
            "price": "24.88",
            "revenue": 208964
        },
        "2018-02": {
            "month": "2018-02",
            "price": "24.47",
            "revenue": 117118
        },
        "2018-03": {
            "month": "2018-03",
            "price": "24.60",
            "revenue": 164691
        },
        "2018-04": {
            "month": "2018-04",
            "price": "25.67",
            "revenue": 163763
        },
        "2018-05": {
            "month": "2018-05",
            "price": "29.52",
            "revenue": 180679
        },
        "2018-06": {
            "month": "2018-06",
            "price": "30.66",
            "revenue": 156819
        },
        "2018-07": {
            "month": "2018-07",
            "price": "26.01",
            "revenue": 148582
        },
        "2018-08": {
            "month": "2018-08",
            "price": "27.43",
            "revenue": 135415
        },
        "2018-09": {
            "month": "2018-09",
            "price": "27.77",
            "revenue": 157009
        },
        "2018-10": {
            "month": "2018-10",
            "price": "25.39",
            "revenue": 153223
        },
        "2018-11": {
            "month": "2018-11",
            "price": "26.19",
            "revenue": 181580
        },
        "2018-12": {
            "month": "2018-12",
            "price": "27.51",
            "revenue": 244965
        },
        "2019-01": {
            "month": "2019-01",
            "price": "28.51",
            "revenue": 203871
        },
        "2019-02": {
            "month": "2019-02",
            "price": "29.29",
            "revenue": 113743
        },
        "2019-03": {
            "month": "2019-03",
            "price": "29.81",
            "revenue": 184706
        },
        "2019-04": {
            "month": "2019-04",
            "price": "31.39",
            "revenue": 182983
        },
        "2019-05": {
            "month": "2019-05",
            "price": "32.92",
            "revenue": 143090
        },
        "2019-06": {
            "month": "2019-06",
            "price": "31.78",
            "revenue": 186218
        },
        "2019-07": {
            "month": "2019-07",
            "price": "34.69",
            "revenue": 151731
        },
        "2019-08": {
            "month": "2019-08",
            "price": "32.71",
            "revenue": 170282
        },
        "2019-09": {
            "month": "2019-09",
            "price": "33.46",
            "revenue": 174549
        },
        "2019-10": {
            "month": "2019-10",
            "price": "33.61",
            "revenue": 150861
        },
        "2019-11": {
            "month": "2019-11",
            "price": "34.01",
            "revenue": 170051
        },
        "2019-12": {
            "month": "2019-12",
            "price": "32.83",
            "revenue": 188240
        },
        "2020-01": {
            "month": "2020-01",
            "price": "32.43",
            "revenue": 135157
        },
        "2020-02": {
            "month": "2020-02",
            "price": "32.04",
            "revenue": 97097
        },
        "2020-03": {
            "month": "2020-03",
            "price": "25.74",
            "revenue": 169663
        },
        "2020-04": {
            "month": "2020-04",
            "price": "23.81",
            "revenue": 120107
        },
        "2020-05": {
            "month": "2020-05",
            "price": "24.18",
            "revenue": 136009
        },
        "2020-06": {
            "month": "2020-06",
            "price": "25.47",
            "revenue": 166279
        },
        "2020-07": {
            "month": "2020-07",
            "price": "25.69",
            "revenue": 222384
        },
        "2020-08": {
            "month": "2020-08",
            "price": "25.48",
            "revenue": 180188
        },
        "2020-09": {
            "month": "2020-09",
            "price": "24.08",
            "revenue": 175604
        },
        "2020-10": {
            "month": "2020-10",
            "price": "23.77",
            "revenue": 196803
        },
        "2020-11": {
            "month": "2020-11",
            "price": "23.56",
            "revenue": 185823
        },
        "2020-12": {
            "month": "2020-12",
            "price": "23.54",
            "revenue": 214852
        },
        "2021-01": {
            "month": "2021-01",
            "price": "23.31",
            "revenue": 244968
        },
        "2021-02": {
            "month": "2021-02",
            "price": "23.61",
            "revenue": 160268
        },
        "2021-03": {
            "month": "2021-03",
            "price": "24.75",
            "revenue": 204685
        },
        "2021-04": {
            "month": "2021-04",
            "price": "27.24",
            "revenue": 223050
        },
        "2021-05": {
            "month": "2021-05",
            "price": "25.52",
            "revenue": 202776
        },
        "2021-06": {
            "month": "2021-06",
            "price": "25.70",
            "revenue": 166100
        },
        "2021-07": {
            "month": "2021-07",
            "price": "25.37",
            "revenue": 185325
        },
        "2021-08": {
            "month": "2021-08",
            "price": "24.18",
            "revenue": 166657
        },
        "2021-09": {
            "month": "2021-09",
            "price": "23.64",
            "revenue": 195254
        },
        "2021-10": {
            "month": "2021-10",
            "price": "23.57",
            "revenue": 175190
        },
        "2021-11": {
            "month": "2021-11",
            "price": "23.61",
            "revenue": 145920
        },
        "2021-12": {
            "month": "2021-12",
            "price": "24.05",
            "revenue": 149698
        },
        "2022-01": {
            "month": "2022-01",
            "price": "24.26",
            "revenue": 234190
        },
        "2022-02": {
            "month": "2022-02",
            "price": "23.91",
            "revenue": 169867
        },
        "2022-03": {
            "month": "2022-03",
            "price": "23.77",
            "revenue": 233777
        },
        "2022-04": {
            "month": "2022-04",
            "price": "23.57",
            "revenue": 192673
        },
        "2022-05": {
            "month": "2022-05",
            "price": "23.83",
            "revenue": 195133
        },
        "2022-06": {
            "month": "2022-06",
            "price": "23.43",
            "revenue": 139183
        },
        "2022-07": {
            "month": "2022-07",
            "price": "21.65",
            "revenue": 167210
        },
        "2022-08": {
            "month": "2022-08",
            "price": "22.11",
            "revenue": 136445
        },
        "2022-09": {
            "month": "2022-09",
            "price": "22.98",
            "revenue": 179449
        },
        "2022-10": {
            "month": "2022-10",
            "price": "22.06",
            "revenue": 140450
        },
        "2022-11": {
            "month": "2022-11",
            "price": "21.83",
            "revenue": 131147
        },
        "2022-12": {
            "month": "2022-12",
            "price": "21.85",
            "revenue": 152952
        },
        "2023-01": {
            "month": "2023-01",
            "price": "21.79",
            "revenue": 148511
        },
        "2023-02": {
            "month": "2023-02",
            "price": "22.03",
            "revenue": 158213
        },
        "2023-03": {
            "month": "2023-03",
            "price": "23.14",
            "revenue": 238451
        },
        "2023-04": {
            "month": "2023-04",
            "price": "22.92",
            "revenue": 164919
        },
        "2023-05": {
            "month": "2023-05",
            "price": "22.85",
            "revenue": 142976
        },
        "2023-06": {
            "month": "2023-06",
            "price": "23.20",
            "revenue": 148267
        },
        "2023-07": {
            "month": "2023-07",
            "price": "23.01",
            "revenue": 155139
        },
        "2023-08": {
            "month": "2023-08",
            "price": "22.39",
            "revenue": 171521
        }
    }
}
