{
    "summary": {
        "stock_name": "銘旺實",
        "stock_id": "4432",
        "category": "紡織纖維",
        "main_business": "針織成衣、梭織成衣及各種成衣製造加工買賣業務<br>前項有關產品之進出口貿易<br>代理前各項有關國內外廠商產品之報價投標業務",
        "website_url": "http://www.haksport.com/",
        "ceo": "呂清裕",
        "pe_ratio": 11,
        "report_year_from": 2010,
        "report_year_to": 2023,
        "age": 14,
        "eps_negative_percentage": 25,
        "eps_growth_avg": {
            "last_all": -22.41,
            "last_2y": -38.12,
            "last_4y": -69.06,
            "last_8y": -37.77,
            "last_12y": null,
            "last_16y": null,
            "last_20y": null,
            "at_2006_last_3y": null,
            "at_2007_last_3y": null,
            "at_2008_last_3y": null,
            "at_2009_last_3y": null,
            "at_2010_last_3y": null,
            "at_2011_last_3y": null,
            "at_2012_last_3y": null,
            "at_2013_last_3y": null,
            "at_2014_last_3y": null,
            "at_2015_last_3y": null,
            "at_2016_last_3y": -1.01,
            "at_2017_last_3y": -24.68,
            "at_2018_last_3y": -22.12,
            "at_2019_last_3y": -44.9,
            "at_2020_last_3y": -45.69,
            "at_2021_last_3y": -38.03,
            "at_2022_last_3y": -100,
            "at_2023_last_3y": -38.12,
            "at_2024_last_3y": -38.12,
            "at_2006_last_all": null,
            "at_2007_last_all": null,
            "at_2008_last_all": null,
            "at_2009_last_all": null,
            "at_2010_last_all": null,
            "at_2011_last_all": null,
            "at_2012_last_all": null,
            "at_2013_last_all": null,
            "at_2014_last_all": 23.69,
            "at_2015_last_all": 12.83,
            "at_2016_last_all": -1.01,
            "at_2017_last_all": -13.01,
            "at_2018_last_all": -6.85,
            "at_2019_last_all": -20.16,
            "at_2020_last_all": -20.16,
            "at_2021_last_all": -20.16,
            "at_2022_last_all": -20.16,
            "at_2023_last_all": -22.41,
            "at_2024_last_all": -22.41
        },
        "latest_eps": 2.2,
        "latest_price": 23.9,
        "latest_roe": 8.53,
        "latest_gross_margin": 24.23,
        "latest_equity": 1357225,
        "latest_revenue": 324910,
        "latest_gross_profit": 78726,
        "latest_net_income": 52111,
        "latest_debt_ratio": 16.52,
        "latest_current_ratio": 521.28,
        "latest_account_receivable_turnover_ratio": 1.09,
        "latest_inventory_turnover_ratio": 1.08,
        "latest_reinvestment_rate": -51.47,
        "latest_research_to_sale_ratio": null
    },
    "eps_dividends": {
        "2001": {
            "cash": 0,
            "stock": 0,
            "eps": 0
        },
        "2002": {
            "cash": 0,
            "stock": 0,
            "eps": 0
        },
        "2003": {
            "cash": 0,
            "stock": 0,
            "eps": 0
        },
        "2004": {
            "cash": 0,
            "stock": 0,
            "eps": 0
        },
        "2005": {
            "cash": 0,
            "stock": 0,
            "eps": 0
        },
        "2006": {
            "cash": 0,
            "stock": 0,
            "eps": 0
        },
        "2007": {
            "cash": 0,
            "stock": 0,
            "eps": 0
        },
        "2008": {
            "cash": 0,
            "stock": 0,
            "eps": 0
        },
        "2009": {
            "cash": 0,
            "stock": 0,
            "eps": 0
        },
        "2010": {
            "cash": 0,
            "stock": 0,
            "eps": 0
        },
        "2011": {
            "cash": 1.8,
            "stock": 0,
            "eps": 0
        },
        "2012": {
            "cash": 1.8,
            "stock": 0,
            "eps": 3.77
        },
        "2013": {
            "cash": 3.5,
            "stock": 0,
            "eps": 5.04
        },
        "2014": {
            "cash": 3,
            "stock": 1,
            "eps": 5.73
        },
        "2015": {
            "cash": 4,
            "stock": 0.5,
            "eps": 5.22
        },
        "2016": {
            "cash": 4,
            "stock": 0,
            "eps": 3
        },
        "2017": {
            "cash": 2.4,
            "stock": 0,
            "eps": 1.17
        },
        "2018": {
            "cash": 0.93,
            "stock": 0,
            "eps": 1.45
        },
        "2019": {
            "cash": 1.16,
            "stock": 0,
            "eps": -1.47
        },
        "2020": {
            "cash": 0,
            "stock": 0,
            "eps": -0.17
        },
        "2021": {
            "cash": 0,
            "stock": 0,
            "eps": -2.03
        },
        "2022": {
            "cash": 0,
            "stock": 0,
            "eps": 3.41
        },
        "2023": {
            "cash": 0.3,
            "stock": 0,
            "eps": 2.11
        }
    },
    "dividends": {
        "2011-05-13": {
            "cash": 1.8,
            "stock": 0
        },
        "2012-05-10": {
            "cash": 1.8,
            "stock": 0
        },
        "2013-06-14": {
            "cash": 3.5,
            "stock": 0
        },
        "2014-08-26": {
            "cash": 3,
            "stock": 1
        },
        "2015-08-28": {
            "cash": 4,
            "stock": 0.5
        },
        "2016-08-11": {
            "cash": 4,
            "stock": 0
        },
        "2017-08-17": {
            "cash": 2.4,
            "stock": 0
        },
        "2018-08-10": {
            "cash": 0.93,
            "stock": 0
        },
        "2019-09-06": {
            "cash": 1.16,
            "stock": 0
        },
        "2023-09-05": {
            "cash": 0.3,
            "stock": 0
        }
    },
    "prices": {
        "200101": "無",
        "200102": "無",
        "200103": "無",
        "200104": "無",
        "200105": "無",
        "200106": "無",
        "200107": "無",
        "200108": "無",
        "200109": "無",
        "200110": "無",
        "200111": "無",
        "200112": "無",
        "200201": "無",
        "200202": "無",
        "200203": "無",
        "200204": "無",
        "200205": "無",
        "200206": "無",
        "200207": "無",
        "200208": "無",
        "200209": "無",
        "200210": "無",
        "200211": "無",
        "200212": "無",
        "200301": "無",
        "200302": "無",
        "200303": "無",
        "200304": "無",
        "200305": "無",
        "200306": "無",
        "200307": "無",
        "200308": "無",
        "200309": "無",
        "200310": "無",
        "200311": "無",
        "200312": "無",
        "200401": "無",
        "200402": "無",
        "200403": "無",
        "200404": "無",
        "200405": "無",
        "200406": "無",
        "200407": "無",
        "200408": "無",
        "200409": "無",
        "200410": "無",
        "200411": "無",
        "200412": "無",
        "200501": "無",
        "200502": "無",
        "200503": "無",
        "200504": "無",
        "200505": "無",
        "200506": "無",
        "200507": "無",
        "200508": "無",
        "200509": "無",
        "200510": "無",
        "200511": "無",
        "200512": "無",
        "200601": "無",
        "200602": "無",
        "200603": "無",
        "200604": "無",
        "200605": "無",
        "200606": "無",
        "200607": "無",
        "200608": "無",
        "200609": "無",
        "200610": "無",
        "200611": "無",
        "200612": "無",
        "200701": "無",
        "200702": "無",
        "200703": "無",
        "200704": "無",
        "200705": "無",
        "200706": "無",
        "200707": "無",
        "200708": "無",
        "200709": "無",
        "200710": "無",
        "200711": "無",
        "200712": "無",
        "200801": "無",
        "200802": "無",
        "200803": "無",
        "200804": "無",
        "200805": "無",
        "200806": "無",
        "200807": "無",
        "200808": "無",
        "200809": "無",
        "200810": "無",
        "200811": "無",
        "200812": "無",
        "200901": "無",
        "200902": "無",
        "200903": "無",
        "200904": "無",
        "200905": "無",
        "200906": "無",
        "200907": "無",
        "200908": "無",
        "200909": "無",
        "200910": "無",
        "200911": "無",
        "200912": "無",
        "201001": "無",
        "201002": "無",
        "201003": "無",
        "201004": "無",
        "201005": "無",
        "201006": "無",
        "201007": "無",
        "201008": "無",
        "201009": "無",
        "201010": "無",
        "201011": "無",
        "201012": "無",
        "201101": "無",
        "201102": "無",
        "201103": "無",
        "201104": "無",
        "201105": "無",
        "201106": "無",
        "201107": "無",
        "201108": "無",
        "201109": "29.42",
        "201110": "28.43",
        "201111": "27.44",
        "201112": "27.42",
        "201201": "25.04",
        "201202": "26.93",
        "201203": "27.83",
        "201204": "28.89",
        "201205": "27.77",
        "201206": "26.78",
        "201207": "26.96",
        "201208": "28.25",
        "201209": "36.18",
        "201210": "39.75",
        "201211": "36.63",
        "201212": "40.44",
        "201301": "49.18",
        "201302": "59.22",
        "201303": "70.67",
        "201304": "76.16",
        "201305": "88.52",
        "201306": "88.43",
        "201307": "84.80",
        "201308": "76.00",
        "201309": "77.44",
        "201310": "79.76",
        "201311": "80.38",
        "201312": "84.28",
        "201401": "78.49",
        "201402": "79.93",
        "201403": "80.48",
        "201404": "94.49",
        "201405": "123.90",
        "201406": "113.68",
        "201407": "104.91",
        "201408": "89.65",
        "201409": "87.18",
        "201410": "79.45",
        "201411": "74.37",
        "201412": "76.99",
        "201501": "82.98",
        "201502": "102.12",
        "201503": "102.72",
        "201504": "95.73",
        "201505": "89.98",
        "201506": "95.63",
        "201507": "87.60",
        "201508": "72.26",
        "201509": "79.86",
        "201510": "80.93",
        "201511": "79.73",
        "201512": "74.81",
        "201601": "68.82",
        "201602": "77.21",
        "201603": "84.35",
        "201604": "76.66",
        "201605": "70.31",
        "201606": "69.15",
        "201607": "69.28",
        "201608": "67.25",
        "201609": "61.78",
        "201610": "58.27",
        "201611": "49.26",
        "201612": "45.34",
        "201701": "45.04",
        "201702": "46.50",
        "201703": "45.71",
        "201704": "43.83",
        "201705": "40.57",
        "201706": "41.24",
        "201707": "40.60",
        "201708": "37.99",
        "201709": "38.46",
        "201710": "37.23",
        "201711": "34.28",
        "201712": "32.50",
        "201801": "30.64",
        "201802": "28.75",
        "201803": "31.75",
        "201804": "31.45",
        "201805": "28.68",
        "201806": "29.69",
        "201807": "28.00",
        "201808": "31.94",
        "201809": "38.64",
        "201810": "31.28",
        "201811": "30.02",
        "201812": "28.87",
        "201901": "28.21",
        "201902": "29.76",
        "201903": "30.06",
        "201904": "30.84",
        "201905": "28.44",
        "201906": "27.83",
        "201907": "27.05",
        "201908": "23.50",
        "201909": "23.47",
        "201910": "22.68",
        "201911": "20.53",
        "201912": "19.63",
        "202001": "19.63",
        "202002": "17.39",
        "202003": "12.55",
        "202004": "12.18",
        "202005": "12.32",
        "202006": "13.44",
        "202007": "15.05",
        "202008": "18.38",
        "202009": "18.52",
        "202010": "16.38",
        "202011": "16.33",
        "202012": "15.86",
        "202101": "15.23",
        "202102": "15.21",
        "202103": "16.83",
        "202104": "17.73",
        "202105": "15.35",
        "202106": "15.55",
        "202107": "14.88",
        "202108": "14.44",
        "202109": "15.47",
        "202110": "15.97",
        "202111": "15.31",
        "202112": "14.47",
        "202201": "15.14",
        "202202": "16.03",
        "202203": "15.14",
        "202204": "15.33",
        "202205": "15.01",
        "202206": "15.89",
        "202207": "21.27",
        "202208": "29.07",
        "202209": "27.43",
        "202210": "22.28",
        "202211": "24.78",
        "202212": "27.40",
        "202301": "25.65",
        "202302": "24.93",
        "202303": "25.55",
        "202304": "22.31",
        "202305": "22.83",
        "202306": "25.11",
        "202307": "24.97",
        "202308": "24.68",
        "202309": "25.04",
        "202310": "24.27",
        "202311": "23.82",
        "202312": "24.52"
    },
    "quarters": {
        "20011": {
            "year_quarter": 20011,
            "year": 2001,
            "quarter": 1,
            "eps": null,
            "eps_growth_year": null,
            "eps_4q": null,
            "eps_4q_growth_year": null,
            "roe": null,
            "roe_4q": 0,
            "gross_profit": null,
            "gross_margin": null,
            "gross_margin_4q_avg": 0,
            "net_income": null,
            "net_income_4q": null,
            "revenue": null,
            "revenue_4q": null,
            "common_shares": null,
            "book_valuer_per_share": null,
            "book_valuer_per_share_4q_avg": 0,
            "equity": null,
            "current_ratio": null,
            "debt_ratio": null,
            "inventory_turnover_ratio": null,
            "account_receivable_turnover_ratio": null,
            "reinvestment_rate": null,
            "research_to_sale_ratio": null,
            "price_fair": 0,
            "eps_avg_yearly": 0,
            "eps_latest_yearly": 0,
            "eps_growth_yearly": 0
        },
        "20012": {
            "year_quarter": 20012,
            "year": 2001,
            "quarter": 2,
            "eps": null,
            "eps_growth_year": null,
            "eps_4q": null,
            "eps_4q_growth_year": null,
            "roe": null,
            "roe_4q": 0,
            "gross_profit": null,
            "gross_margin": null,
            "gross_margin_4q_avg": 0,
            "net_income": null,
            "net_income_4q": null,
            "revenue": null,
            "revenue_4q": null,
            "common_shares": null,
            "book_valuer_per_share": null,
            "book_valuer_per_share_4q_avg": 0,
            "equity": null,
            "current_ratio": null,
            "debt_ratio": null,
            "inventory_turnover_ratio": null,
            "account_receivable_turnover_ratio": null,
            "reinvestment_rate": null,
            "research_to_sale_ratio": null,
            "price_fair": 0,
            "eps_avg_yearly": 0,
            "eps_latest_yearly": 0,
            "eps_growth_yearly": 0
        },
        "20013": {
            "year_quarter": 20013,
            "year": 2001,
            "quarter": 3,
            "eps": null,
            "eps_growth_year": null,
            "eps_4q": null,
            "eps_4q_growth_year": null,
            "roe": null,
            "roe_4q": 0,
            "gross_profit": null,
            "gross_margin": null,
            "gross_margin_4q_avg": 0,
            "net_income": null,
            "net_income_4q": null,
            "revenue": null,
            "revenue_4q": null,
            "common_shares": null,
            "book_valuer_per_share": null,
            "book_valuer_per_share_4q_avg": 0,
            "equity": null,
            "current_ratio": null,
            "debt_ratio": null,
            "inventory_turnover_ratio": null,
            "account_receivable_turnover_ratio": null,
            "reinvestment_rate": null,
            "research_to_sale_ratio": null,
            "price_fair": 0,
            "eps_avg_yearly": 0,
            "eps_latest_yearly": 0,
            "eps_growth_yearly": 0
        },
        "20014": {
            "year_quarter": 20014,
            "year": 2001,
            "quarter": 4,
            "eps": null,
            "eps_growth_year": null,
            "eps_4q": null,
            "eps_4q_growth_year": null,
            "roe": null,
            "roe_4q": 0,
            "gross_profit": null,
            "gross_margin": null,
            "gross_margin_4q_avg": 0,
            "net_income": null,
            "net_income_4q": null,
            "revenue": null,
            "revenue_4q": null,
            "common_shares": null,
            "book_valuer_per_share": null,
            "book_valuer_per_share_4q_avg": 0,
            "equity": null,
            "current_ratio": null,
            "debt_ratio": null,
            "inventory_turnover_ratio": null,
            "account_receivable_turnover_ratio": null,
            "reinvestment_rate": null,
            "research_to_sale_ratio": null,
            "price_fair": 0,
            "eps_avg_yearly": 0,
            "eps_latest_yearly": 0,
            "eps_growth_yearly": 0
        },
        "20021": {
            "year_quarter": 20021,
            "year": 2002,
            "quarter": 1,
            "eps": null,
            "eps_growth_year": null,
            "eps_4q": null,
            "eps_4q_growth_year": null,
            "roe": null,
            "roe_4q": 0,
            "gross_profit": null,
            "gross_margin": null,
            "gross_margin_4q_avg": 0,
            "net_income": null,
            "net_income_4q": null,
            "revenue": null,
            "revenue_4q": null,
            "common_shares": null,
            "book_valuer_per_share": null,
            "book_valuer_per_share_4q_avg": 0,
            "equity": null,
            "current_ratio": null,
            "debt_ratio": null,
            "inventory_turnover_ratio": null,
            "account_receivable_turnover_ratio": null,
            "reinvestment_rate": null,
            "research_to_sale_ratio": null,
            "price_fair": 0,
            "eps_avg_yearly": 0,
            "eps_latest_yearly": 0,
            "eps_growth_yearly": 0
        },
        "20022": {
            "year_quarter": 20022,
            "year": 2002,
            "quarter": 2,
            "eps": null,
            "eps_growth_year": null,
            "eps_4q": null,
            "eps_4q_growth_year": null,
            "roe": null,
            "roe_4q": 0,
            "gross_profit": null,
            "gross_margin": null,
            "gross_margin_4q_avg": 0,
            "net_income": null,
            "net_income_4q": null,
            "revenue": null,
            "revenue_4q": null,
            "common_shares": null,
            "book_valuer_per_share": null,
            "book_valuer_per_share_4q_avg": 0,
            "equity": null,
            "current_ratio": null,
            "debt_ratio": null,
            "inventory_turnover_ratio": null,
            "account_receivable_turnover_ratio": null,
            "reinvestment_rate": null,
            "research_to_sale_ratio": null,
            "price_fair": 0,
            "eps_avg_yearly": 0,
            "eps_latest_yearly": 0,
            "eps_growth_yearly": 0
        },
        "20023": {
            "year_quarter": 20023,
            "year": 2002,
            "quarter": 3,
            "eps": null,
            "eps_growth_year": null,
            "eps_4q": null,
            "eps_4q_growth_year": null,
            "roe": null,
            "roe_4q": 0,
            "gross_profit": null,
            "gross_margin": null,
            "gross_margin_4q_avg": 0,
            "net_income": null,
            "net_income_4q": null,
            "revenue": null,
            "revenue_4q": null,
            "common_shares": null,
            "book_valuer_per_share": null,
            "book_valuer_per_share_4q_avg": 0,
            "equity": null,
            "current_ratio": null,
            "debt_ratio": null,
            "inventory_turnover_ratio": null,
            "account_receivable_turnover_ratio": null,
            "reinvestment_rate": null,
            "research_to_sale_ratio": null,
            "price_fair": 0,
            "eps_avg_yearly": 0,
            "eps_latest_yearly": 0,
            "eps_growth_yearly": 0
        },
        "20024": {
            "year_quarter": 20024,
            "year": 2002,
            "quarter": 4,
            "eps": null,
            "eps_growth_year": null,
            "eps_4q": null,
            "eps_4q_growth_year": null,
            "roe": null,
            "roe_4q": 0,
            "gross_profit": null,
            "gross_margin": null,
            "gross_margin_4q_avg": 0,
            "net_income": null,
            "net_income_4q": null,
            "revenue": null,
            "revenue_4q": null,
            "common_shares": null,
            "book_valuer_per_share": null,
            "book_valuer_per_share_4q_avg": 0,
            "equity": null,
            "current_ratio": null,
            "debt_ratio": null,
            "inventory_turnover_ratio": null,
            "account_receivable_turnover_ratio": null,
            "reinvestment_rate": null,
            "research_to_sale_ratio": null,
            "price_fair": 0,
            "eps_avg_yearly": 0,
            "eps_latest_yearly": 0,
            "eps_growth_yearly": 0
        },
        "20031": {
            "year_quarter": 20031,
            "year": 2003,
            "quarter": 1,
            "eps": null,
            "eps_growth_year": null,
            "eps_4q": null,
            "eps_4q_growth_year": null,
            "roe": null,
            "roe_4q": 0,
            "gross_profit": null,
            "gross_margin": null,
            "gross_margin_4q_avg": 0,
            "net_income": null,
            "net_income_4q": null,
            "revenue": null,
            "revenue_4q": null,
            "common_shares": null,
            "book_valuer_per_share": null,
            "book_valuer_per_share_4q_avg": 0,
            "equity": null,
            "current_ratio": null,
            "debt_ratio": null,
            "inventory_turnover_ratio": null,
            "account_receivable_turnover_ratio": null,
            "reinvestment_rate": null,
            "research_to_sale_ratio": null,
            "price_fair": 0,
            "eps_avg_yearly": 0,
            "eps_latest_yearly": 0,
            "eps_growth_yearly": 0
        },
        "20032": {
            "year_quarter": 20032,
            "year": 2003,
            "quarter": 2,
            "eps": null,
            "eps_growth_year": null,
            "eps_4q": null,
            "eps_4q_growth_year": null,
            "roe": null,
            "roe_4q": 0,
            "gross_profit": null,
            "gross_margin": null,
            "gross_margin_4q_avg": 0,
            "net_income": null,
            "net_income_4q": null,
            "revenue": null,
            "revenue_4q": null,
            "common_shares": null,
            "book_valuer_per_share": null,
            "book_valuer_per_share_4q_avg": 0,
            "equity": null,
            "current_ratio": null,
            "debt_ratio": null,
            "inventory_turnover_ratio": null,
            "account_receivable_turnover_ratio": null,
            "reinvestment_rate": null,
            "research_to_sale_ratio": null,
            "price_fair": 0,
            "eps_avg_yearly": 0,
            "eps_latest_yearly": 0,
            "eps_growth_yearly": 0
        },
        "20033": {
            "year_quarter": 20033,
            "year": 2003,
            "quarter": 3,
            "eps": null,
            "eps_growth_year": null,
            "eps_4q": null,
            "eps_4q_growth_year": null,
            "roe": null,
            "roe_4q": 0,
            "gross_profit": null,
            "gross_margin": null,
            "gross_margin_4q_avg": 0,
            "net_income": null,
            "net_income_4q": null,
            "revenue": null,
            "revenue_4q": null,
            "common_shares": null,
            "book_valuer_per_share": null,
            "book_valuer_per_share_4q_avg": 0,
            "equity": null,
            "current_ratio": null,
            "debt_ratio": null,
            "inventory_turnover_ratio": null,
            "account_receivable_turnover_ratio": null,
            "reinvestment_rate": null,
            "research_to_sale_ratio": null,
            "price_fair": 0,
            "eps_avg_yearly": 0,
            "eps_latest_yearly": 0,
            "eps_growth_yearly": 0
        },
        "20034": {
            "year_quarter": 20034,
            "year": 2003,
            "quarter": 4,
            "eps": null,
            "eps_growth_year": null,
            "eps_4q": null,
            "eps_4q_growth_year": null,
            "roe": null,
            "roe_4q": 0,
            "gross_profit": null,
            "gross_margin": null,
            "gross_margin_4q_avg": 0,
            "net_income": null,
            "net_income_4q": null,
            "revenue": null,
            "revenue_4q": null,
            "common_shares": null,
            "book_valuer_per_share": null,
            "book_valuer_per_share_4q_avg": 0,
            "equity": null,
            "current_ratio": null,
            "debt_ratio": null,
            "inventory_turnover_ratio": null,
            "account_receivable_turnover_ratio": null,
            "reinvestment_rate": null,
            "research_to_sale_ratio": null,
            "price_fair": 0,
            "eps_avg_yearly": 0,
            "eps_latest_yearly": 0,
            "eps_growth_yearly": 0
        },
        "20041": {
            "year_quarter": 20041,
            "year": 2004,
            "quarter": 1,
            "eps": null,
            "eps_growth_year": null,
            "eps_4q": null,
            "eps_4q_growth_year": null,
            "roe": null,
            "roe_4q": 0,
            "gross_profit": null,
            "gross_margin": null,
            "gross_margin_4q_avg": 0,
            "net_income": null,
            "net_income_4q": null,
            "revenue": null,
            "revenue_4q": null,
            "common_shares": null,
            "book_valuer_per_share": null,
            "book_valuer_per_share_4q_avg": 0,
            "equity": null,
            "current_ratio": null,
            "debt_ratio": null,
            "inventory_turnover_ratio": null,
            "account_receivable_turnover_ratio": null,
            "reinvestment_rate": null,
            "research_to_sale_ratio": null,
            "price_fair": 0,
            "eps_avg_yearly": 0,
            "eps_latest_yearly": 0,
            "eps_growth_yearly": 0
        },
        "20042": {
            "year_quarter": 20042,
            "year": 2004,
            "quarter": 2,
            "eps": null,
            "eps_growth_year": null,
            "eps_4q": null,
            "eps_4q_growth_year": null,
            "roe": null,
            "roe_4q": 0,
            "gross_profit": null,
            "gross_margin": null,
            "gross_margin_4q_avg": 0,
            "net_income": null,
            "net_income_4q": null,
            "revenue": null,
            "revenue_4q": null,
            "common_shares": null,
            "book_valuer_per_share": null,
            "book_valuer_per_share_4q_avg": 0,
            "equity": null,
            "current_ratio": null,
            "debt_ratio": null,
            "inventory_turnover_ratio": null,
            "account_receivable_turnover_ratio": null,
            "reinvestment_rate": null,
            "research_to_sale_ratio": null,
            "price_fair": 0,
            "eps_avg_yearly": 0,
            "eps_latest_yearly": 0,
            "eps_growth_yearly": 0
        },
        "20043": {
            "year_quarter": 20043,
            "year": 2004,
            "quarter": 3,
            "eps": null,
            "eps_growth_year": null,
            "eps_4q": null,
            "eps_4q_growth_year": null,
            "roe": null,
            "roe_4q": 0,
            "gross_profit": null,
            "gross_margin": null,
            "gross_margin_4q_avg": 0,
            "net_income": null,
            "net_income_4q": null,
            "revenue": null,
            "revenue_4q": null,
            "common_shares": null,
            "book_valuer_per_share": null,
            "book_valuer_per_share_4q_avg": 0,
            "equity": null,
            "current_ratio": null,
            "debt_ratio": null,
            "inventory_turnover_ratio": null,
            "account_receivable_turnover_ratio": null,
            "reinvestment_rate": null,
            "research_to_sale_ratio": null,
            "price_fair": 0,
            "eps_avg_yearly": 0,
            "eps_latest_yearly": 0,
            "eps_growth_yearly": 0
        },
        "20044": {
            "year_quarter": 20044,
            "year": 2004,
            "quarter": 4,
            "eps": null,
            "eps_growth_year": null,
            "eps_4q": null,
            "eps_4q_growth_year": null,
            "roe": null,
            "roe_4q": 0,
            "gross_profit": null,
            "gross_margin": null,
            "gross_margin_4q_avg": 0,
            "net_income": null,
            "net_income_4q": null,
            "revenue": null,
            "revenue_4q": null,
            "common_shares": null,
            "book_valuer_per_share": null,
            "book_valuer_per_share_4q_avg": 0,
            "equity": null,
            "current_ratio": null,
            "debt_ratio": null,
            "inventory_turnover_ratio": null,
            "account_receivable_turnover_ratio": null,
            "reinvestment_rate": null,
            "research_to_sale_ratio": null,
            "price_fair": 0,
            "eps_avg_yearly": 0,
            "eps_latest_yearly": 0,
            "eps_growth_yearly": 0
        },
        "20051": {
            "year_quarter": 20051,
            "year": 2005,
            "quarter": 1,
            "eps": null,
            "eps_growth_year": null,
            "eps_4q": null,
            "eps_4q_growth_year": null,
            "roe": null,
            "roe_4q": 0,
            "gross_profit": null,
            "gross_margin": null,
            "gross_margin_4q_avg": 0,
            "net_income": null,
            "net_income_4q": null,
            "revenue": null,
            "revenue_4q": null,
            "common_shares": null,
            "book_valuer_per_share": null,
            "book_valuer_per_share_4q_avg": 0,
            "equity": null,
            "current_ratio": null,
            "debt_ratio": null,
            "inventory_turnover_ratio": null,
            "account_receivable_turnover_ratio": null,
            "reinvestment_rate": null,
            "research_to_sale_ratio": null,
            "price_fair": 0,
            "eps_avg_yearly": 0,
            "eps_latest_yearly": 0,
            "eps_growth_yearly": 0
        },
        "20052": {
            "year_quarter": 20052,
            "year": 2005,
            "quarter": 2,
            "eps": null,
            "eps_growth_year": null,
            "eps_4q": null,
            "eps_4q_growth_year": null,
            "roe": null,
            "roe_4q": 0,
            "gross_profit": null,
            "gross_margin": null,
            "gross_margin_4q_avg": 0,
            "net_income": null,
            "net_income_4q": null,
            "revenue": null,
            "revenue_4q": null,
            "common_shares": null,
            "book_valuer_per_share": null,
            "book_valuer_per_share_4q_avg": 0,
            "equity": null,
            "current_ratio": null,
            "debt_ratio": null,
            "inventory_turnover_ratio": null,
            "account_receivable_turnover_ratio": null,
            "reinvestment_rate": null,
            "research_to_sale_ratio": null,
            "price_fair": 0,
            "eps_avg_yearly": 0,
            "eps_latest_yearly": 0,
            "eps_growth_yearly": 0
        },
        "20053": {
            "year_quarter": 20053,
            "year": 2005,
            "quarter": 3,
            "eps": null,
            "eps_growth_year": null,
            "eps_4q": null,
            "eps_4q_growth_year": null,
            "roe": null,
            "roe_4q": 0,
            "gross_profit": null,
            "gross_margin": null,
            "gross_margin_4q_avg": 0,
            "net_income": null,
            "net_income_4q": null,
            "revenue": null,
            "revenue_4q": null,
            "common_shares": null,
            "book_valuer_per_share": null,
            "book_valuer_per_share_4q_avg": 0,
            "equity": null,
            "current_ratio": null,
            "debt_ratio": null,
            "inventory_turnover_ratio": null,
            "account_receivable_turnover_ratio": null,
            "reinvestment_rate": null,
            "research_to_sale_ratio": null,
            "price_fair": 0,
            "eps_avg_yearly": 0,
            "eps_latest_yearly": 0,
            "eps_growth_yearly": 0
        },
        "20054": {
            "year_quarter": 20054,
            "year": 2005,
            "quarter": 4,
            "eps": null,
            "eps_growth_year": null,
            "eps_4q": null,
            "eps_4q_growth_year": null,
            "roe": null,
            "roe_4q": 0,
            "gross_profit": null,
            "gross_margin": null,
            "gross_margin_4q_avg": 0,
            "net_income": null,
            "net_income_4q": null,
            "revenue": null,
            "revenue_4q": null,
            "common_shares": null,
            "book_valuer_per_share": null,
            "book_valuer_per_share_4q_avg": 0,
            "equity": null,
            "current_ratio": null,
            "debt_ratio": null,
            "inventory_turnover_ratio": null,
            "account_receivable_turnover_ratio": null,
            "reinvestment_rate": null,
            "research_to_sale_ratio": null,
            "price_fair": 0,
            "eps_avg_yearly": 0,
            "eps_latest_yearly": 0,
            "eps_growth_yearly": 0
        },
        "20061": {
            "year_quarter": 20061,
            "year": 2006,
            "quarter": 1,
            "eps": null,
            "eps_growth_year": null,
            "eps_4q": null,
            "eps_4q_growth_year": null,
            "roe": null,
            "roe_4q": 0,
            "gross_profit": null,
            "gross_margin": null,
            "gross_margin_4q_avg": 0,
            "net_income": null,
            "net_income_4q": null,
            "revenue": null,
            "revenue_4q": null,
            "common_shares": null,
            "book_valuer_per_share": null,
            "book_valuer_per_share_4q_avg": 0,
            "equity": null,
            "current_ratio": null,
            "debt_ratio": null,
            "inventory_turnover_ratio": null,
            "account_receivable_turnover_ratio": null,
            "reinvestment_rate": null,
            "research_to_sale_ratio": null,
            "price_fair": 0,
            "eps_avg_yearly": 0,
            "eps_latest_yearly": 0,
            "eps_growth_yearly": 0
        },
        "20062": {
            "year_quarter": 20062,
            "year": 2006,
            "quarter": 2,
            "eps": null,
            "eps_growth_year": null,
            "eps_4q": null,
            "eps_4q_growth_year": null,
            "roe": null,
            "roe_4q": 0,
            "gross_profit": null,
            "gross_margin": null,
            "gross_margin_4q_avg": 0,
            "net_income": null,
            "net_income_4q": null,
            "revenue": null,
            "revenue_4q": null,
            "common_shares": null,
            "book_valuer_per_share": null,
            "book_valuer_per_share_4q_avg": 0,
            "equity": null,
            "current_ratio": null,
            "debt_ratio": null,
            "inventory_turnover_ratio": null,
            "account_receivable_turnover_ratio": null,
            "reinvestment_rate": null,
            "research_to_sale_ratio": null,
            "price_fair": 0,
            "eps_avg_yearly": 0,
            "eps_latest_yearly": 0,
            "eps_growth_yearly": 0
        },
        "20063": {
            "year_quarter": 20063,
            "year": 2006,
            "quarter": 3,
            "eps": null,
            "eps_growth_year": null,
            "eps_4q": null,
            "eps_4q_growth_year": null,
            "roe": null,
            "roe_4q": 0,
            "gross_profit": null,
            "gross_margin": null,
            "gross_margin_4q_avg": 0,
            "net_income": null,
            "net_income_4q": null,
            "revenue": null,
            "revenue_4q": null,
            "common_shares": null,
            "book_valuer_per_share": null,
            "book_valuer_per_share_4q_avg": 0,
            "equity": null,
            "current_ratio": null,
            "debt_ratio": null,
            "inventory_turnover_ratio": null,
            "account_receivable_turnover_ratio": null,
            "reinvestment_rate": null,
            "research_to_sale_ratio": null,
            "price_fair": 0,
            "eps_avg_yearly": 0,
            "eps_latest_yearly": 0,
            "eps_growth_yearly": 0
        },
        "20064": {
            "year_quarter": 20064,
            "year": 2006,
            "quarter": 4,
            "eps": null,
            "eps_growth_year": null,
            "eps_4q": null,
            "eps_4q_growth_year": null,
            "roe": null,
            "roe_4q": 0,
            "gross_profit": null,
            "gross_margin": null,
            "gross_margin_4q_avg": 0,
            "net_income": null,
            "net_income_4q": null,
            "revenue": null,
            "revenue_4q": null,
            "common_shares": 300000,
            "book_valuer_per_share": 12.19,
            "book_valuer_per_share_4q_avg": 3.05,
            "equity": 365771,
            "current_ratio": 219.78,
            "debt_ratio": 37.73,
            "inventory_turnover_ratio": null,
            "account_receivable_turnover_ratio": null,
            "reinvestment_rate": null,
            "research_to_sale_ratio": null,
            "price_fair": 0,
            "eps_avg_yearly": 0,
            "eps_latest_yearly": 0,
            "eps_growth_yearly": 0
        },
        "20071": {
            "year_quarter": 20071,
            "year": 2007,
            "quarter": 1,
            "eps": null,
            "eps_growth_year": null,
            "eps_4q": null,
            "eps_4q_growth_year": null,
            "roe": null,
            "roe_4q": 0,
            "gross_profit": null,
            "gross_margin": null,
            "gross_margin_4q_avg": 0,
            "net_income": null,
            "net_income_4q": null,
            "revenue": null,
            "revenue_4q": null,
            "common_shares": null,
            "book_valuer_per_share": null,
            "book_valuer_per_share_4q_avg": 3.05,
            "equity": null,
            "current_ratio": null,
            "debt_ratio": null,
            "inventory_turnover_ratio": null,
            "account_receivable_turnover_ratio": null,
            "reinvestment_rate": null,
            "research_to_sale_ratio": null,
            "price_fair": 0,
            "eps_avg_yearly": 0,
            "eps_latest_yearly": 0,
            "eps_growth_yearly": 0
        },
        "20072": {
            "year_quarter": 20072,
            "year": 2007,
            "quarter": 2,
            "eps": null,
            "eps_growth_year": null,
            "eps_4q": null,
            "eps_4q_growth_year": null,
            "roe": null,
            "roe_4q": 0,
            "gross_profit": null,
            "gross_margin": null,
            "gross_margin_4q_avg": 0,
            "net_income": null,
            "net_income_4q": null,
            "revenue": null,
            "revenue_4q": null,
            "common_shares": null,
            "book_valuer_per_share": null,
            "book_valuer_per_share_4q_avg": 3.05,
            "equity": null,
            "current_ratio": null,
            "debt_ratio": null,
            "inventory_turnover_ratio": null,
            "account_receivable_turnover_ratio": null,
            "reinvestment_rate": null,
            "research_to_sale_ratio": null,
            "price_fair": 0,
            "eps_avg_yearly": 0,
            "eps_latest_yearly": 0,
            "eps_growth_yearly": 0
        },
        "20073": {
            "year_quarter": 20073,
            "year": 2007,
            "quarter": 3,
            "eps": null,
            "eps_growth_year": null,
            "eps_4q": null,
            "eps_4q_growth_year": null,
            "roe": null,
            "roe_4q": 0,
            "gross_profit": null,
            "gross_margin": null,
            "gross_margin_4q_avg": 0,
            "net_income": null,
            "net_income_4q": null,
            "revenue": null,
            "revenue_4q": null,
            "common_shares": null,
            "book_valuer_per_share": null,
            "book_valuer_per_share_4q_avg": 3.05,
            "equity": null,
            "current_ratio": null,
            "debt_ratio": null,
            "inventory_turnover_ratio": null,
            "account_receivable_turnover_ratio": null,
            "reinvestment_rate": null,
            "research_to_sale_ratio": null,
            "price_fair": 0,
            "eps_avg_yearly": 0,
            "eps_latest_yearly": 0,
            "eps_growth_yearly": 0
        },
        "20074": {
            "year_quarter": 20074,
            "year": 2007,
            "quarter": 4,
            "eps": null,
            "eps_growth_year": null,
            "eps_4q": null,
            "eps_4q_growth_year": null,
            "roe": null,
            "roe_4q": 0,
            "gross_profit": null,
            "gross_margin": null,
            "gross_margin_4q_avg": 0,
            "net_income": null,
            "net_income_4q": null,
            "revenue": null,
            "revenue_4q": null,
            "common_shares": 300000,
            "book_valuer_per_share": 13.75,
            "book_valuer_per_share_4q_avg": 3.44,
            "equity": 412463,
            "current_ratio": 147.55,
            "debt_ratio": 43.97,
            "inventory_turnover_ratio": null,
            "account_receivable_turnover_ratio": null,
            "reinvestment_rate": null,
            "research_to_sale_ratio": null,
            "price_fair": 0,
            "eps_avg_yearly": 0,
            "eps_latest_yearly": 0,
            "eps_growth_yearly": 0
        },
        "20081": {
            "year_quarter": 20081,
            "year": 2008,
            "quarter": 1,
            "eps": null,
            "eps_growth_year": null,
            "eps_4q": null,
            "eps_4q_growth_year": null,
            "roe": null,
            "roe_4q": 0,
            "gross_profit": null,
            "gross_margin": null,
            "gross_margin_4q_avg": 0,
            "net_income": null,
            "net_income_4q": null,
            "revenue": null,
            "revenue_4q": null,
            "common_shares": null,
            "book_valuer_per_share": null,
            "book_valuer_per_share_4q_avg": 3.44,
            "equity": null,
            "current_ratio": null,
            "debt_ratio": null,
            "inventory_turnover_ratio": null,
            "account_receivable_turnover_ratio": null,
            "reinvestment_rate": null,
            "research_to_sale_ratio": null,
            "price_fair": 0,
            "eps_avg_yearly": 0,
            "eps_latest_yearly": 0,
            "eps_growth_yearly": 0
        },
        "20082": {
            "year_quarter": 20082,
            "year": 2008,
            "quarter": 2,
            "eps": null,
            "eps_growth_year": null,
            "eps_4q": null,
            "eps_4q_growth_year": null,
            "roe": null,
            "roe_4q": 0,
            "gross_profit": null,
            "gross_margin": null,
            "gross_margin_4q_avg": 0,
            "net_income": null,
            "net_income_4q": null,
            "revenue": null,
            "revenue_4q": null,
            "common_shares": null,
            "book_valuer_per_share": null,
            "book_valuer_per_share_4q_avg": 3.44,
            "equity": null,
            "current_ratio": null,
            "debt_ratio": null,
            "inventory_turnover_ratio": null,
            "account_receivable_turnover_ratio": null,
            "reinvestment_rate": null,
            "research_to_sale_ratio": null,
            "price_fair": 0,
            "eps_avg_yearly": 0,
            "eps_latest_yearly": 0,
            "eps_growth_yearly": 0
        },
        "20083": {
            "year_quarter": 20083,
            "year": 2008,
            "quarter": 3,
            "eps": null,
            "eps_growth_year": null,
            "eps_4q": null,
            "eps_4q_growth_year": null,
            "roe": null,
            "roe_4q": 0,
            "gross_profit": null,
            "gross_margin": null,
            "gross_margin_4q_avg": 0,
            "net_income": null,
            "net_income_4q": null,
            "revenue": null,
            "revenue_4q": null,
            "common_shares": null,
            "book_valuer_per_share": null,
            "book_valuer_per_share_4q_avg": 3.44,
            "equity": null,
            "current_ratio": null,
            "debt_ratio": null,
            "inventory_turnover_ratio": null,
            "account_receivable_turnover_ratio": null,
            "reinvestment_rate": null,
            "research_to_sale_ratio": null,
            "price_fair": 0,
            "eps_avg_yearly": 0,
            "eps_latest_yearly": 0,
            "eps_growth_yearly": 0
        },
        "20084": {
            "year_quarter": 20084,
            "year": 2008,
            "quarter": 4,
            "eps": null,
            "eps_growth_year": null,
            "eps_4q": null,
            "eps_4q_growth_year": null,
            "roe": null,
            "roe_4q": 0,
            "gross_profit": null,
            "gross_margin": null,
            "gross_margin_4q_avg": 0,
            "net_income": null,
            "net_income_4q": null,
            "revenue": null,
            "revenue_4q": null,
            "common_shares": 300000,
            "book_valuer_per_share": 14.4,
            "book_valuer_per_share_4q_avg": 3.6,
            "equity": 432075,
            "current_ratio": 149.36,
            "debt_ratio": 47.33,
            "inventory_turnover_ratio": null,
            "account_receivable_turnover_ratio": null,
            "reinvestment_rate": null,
            "research_to_sale_ratio": null,
            "price_fair": 0,
            "eps_avg_yearly": 0,
            "eps_latest_yearly": 0,
            "eps_growth_yearly": 0
        },
        "20091": {
            "year_quarter": 20091,
            "year": 2009,
            "quarter": 1,
            "eps": null,
            "eps_growth_year": null,
            "eps_4q": null,
            "eps_4q_growth_year": null,
            "roe": null,
            "roe_4q": 0,
            "gross_profit": null,
            "gross_margin": null,
            "gross_margin_4q_avg": 0,
            "net_income": null,
            "net_income_4q": null,
            "revenue": null,
            "revenue_4q": null,
            "common_shares": null,
            "book_valuer_per_share": null,
            "book_valuer_per_share_4q_avg": 3.6,
            "equity": null,
            "current_ratio": null,
            "debt_ratio": null,
            "inventory_turnover_ratio": null,
            "account_receivable_turnover_ratio": null,
            "reinvestment_rate": null,
            "research_to_sale_ratio": null,
            "price_fair": 0,
            "eps_avg_yearly": 0,
            "eps_latest_yearly": 0,
            "eps_growth_yearly": 0
        },
        "20092": {
            "year_quarter": 20092,
            "year": 2009,
            "quarter": 2,
            "eps": null,
            "eps_growth_year": null,
            "eps_4q": null,
            "eps_4q_growth_year": null,
            "roe": null,
            "roe_4q": 0,
            "gross_profit": null,
            "gross_margin": null,
            "gross_margin_4q_avg": 0,
            "net_income": null,
            "net_income_4q": null,
            "revenue": null,
            "revenue_4q": null,
            "common_shares": null,
            "book_valuer_per_share": null,
            "book_valuer_per_share_4q_avg": 3.6,
            "equity": null,
            "current_ratio": null,
            "debt_ratio": null,
            "inventory_turnover_ratio": null,
            "account_receivable_turnover_ratio": null,
            "reinvestment_rate": null,
            "research_to_sale_ratio": null,
            "price_fair": 0,
            "eps_avg_yearly": 0,
            "eps_latest_yearly": 0,
            "eps_growth_yearly": 0
        },
        "20093": {
            "year_quarter": 20093,
            "year": 2009,
            "quarter": 3,
            "eps": null,
            "eps_growth_year": null,
            "eps_4q": null,
            "eps_4q_growth_year": null,
            "roe": null,
            "roe_4q": 0,
            "gross_profit": null,
            "gross_margin": null,
            "gross_margin_4q_avg": 0,
            "net_income": null,
            "net_income_4q": null,
            "revenue": null,
            "revenue_4q": null,
            "common_shares": null,
            "book_valuer_per_share": null,
            "book_valuer_per_share_4q_avg": 3.6,
            "equity": null,
            "current_ratio": null,
            "debt_ratio": null,
            "inventory_turnover_ratio": null,
            "account_receivable_turnover_ratio": null,
            "reinvestment_rate": null,
            "research_to_sale_ratio": null,
            "price_fair": 0,
            "eps_avg_yearly": 0,
            "eps_latest_yearly": 0,
            "eps_growth_yearly": 0
        },
        "20094": {
            "year_quarter": 20094,
            "year": 2009,
            "quarter": 4,
            "eps": null,
            "eps_growth_year": null,
            "eps_4q": null,
            "eps_4q_growth_year": null,
            "roe": null,
            "roe_4q": 0,
            "gross_profit": null,
            "gross_margin": null,
            "gross_margin_4q_avg": 0,
            "net_income": null,
            "net_income_4q": null,
            "revenue": null,
            "revenue_4q": null,
            "common_shares": 300000,
            "book_valuer_per_share": 15.57,
            "book_valuer_per_share_4q_avg": 3.89,
            "equity": 467193,
            "current_ratio": 161.33,
            "debt_ratio": 44.87,
            "inventory_turnover_ratio": null,
            "account_receivable_turnover_ratio": null,
            "reinvestment_rate": null,
            "research_to_sale_ratio": null,
            "price_fair": 0,
            "eps_avg_yearly": 0,
            "eps_latest_yearly": 0,
            "eps_growth_yearly": 0
        },
        "20101": {
            "year_quarter": 20101,
            "year": 2010,
            "quarter": 1,
            "eps": null,
            "eps_growth_year": null,
            "eps_4q": null,
            "eps_4q_growth_year": null,
            "roe": null,
            "roe_4q": 0,
            "gross_profit": null,
            "gross_margin": null,
            "gross_margin_4q_avg": 0,
            "net_income": null,
            "net_income_4q": null,
            "revenue": null,
            "revenue_4q": null,
            "common_shares": null,
            "book_valuer_per_share": null,
            "book_valuer_per_share_4q_avg": 3.89,
            "equity": null,
            "current_ratio": null,
            "debt_ratio": null,
            "inventory_turnover_ratio": null,
            "account_receivable_turnover_ratio": null,
            "reinvestment_rate": null,
            "research_to_sale_ratio": null,
            "price_fair": 0,
            "eps_avg_yearly": 0,
            "eps_latest_yearly": 0,
            "eps_growth_yearly": 0
        },
        "20102": {
            "year_quarter": 20102,
            "year": 2010,
            "quarter": 2,
            "eps": null,
            "eps_growth_year": null,
            "eps_4q": null,
            "eps_4q_growth_year": null,
            "roe": null,
            "roe_4q": 0,
            "gross_profit": null,
            "gross_margin": null,
            "gross_margin_4q_avg": 0,
            "net_income": null,
            "net_income_4q": null,
            "revenue": null,
            "revenue_4q": null,
            "common_shares": null,
            "book_valuer_per_share": null,
            "book_valuer_per_share_4q_avg": 3.89,
            "equity": null,
            "current_ratio": null,
            "debt_ratio": null,
            "inventory_turnover_ratio": null,
            "account_receivable_turnover_ratio": null,
            "reinvestment_rate": null,
            "research_to_sale_ratio": null,
            "price_fair": 0,
            "eps_avg_yearly": 0,
            "eps_latest_yearly": 0,
            "eps_growth_yearly": 0
        },
        "20103": {
            "year_quarter": 20103,
            "year": 2010,
            "quarter": 3,
            "eps": null,
            "eps_growth_year": null,
            "eps_4q": null,
            "eps_4q_growth_year": null,
            "roe": null,
            "roe_4q": 0,
            "gross_profit": null,
            "gross_margin": null,
            "gross_margin_4q_avg": 0,
            "net_income": null,
            "net_income_4q": null,
            "revenue": null,
            "revenue_4q": null,
            "common_shares": null,
            "book_valuer_per_share": null,
            "book_valuer_per_share_4q_avg": 3.89,
            "equity": null,
            "current_ratio": null,
            "debt_ratio": null,
            "inventory_turnover_ratio": null,
            "account_receivable_turnover_ratio": null,
            "reinvestment_rate": null,
            "research_to_sale_ratio": null,
            "price_fair": 0,
            "eps_avg_yearly": 0,
            "eps_latest_yearly": 0,
            "eps_growth_yearly": 0
        },
        "20104": {
            "year_quarter": 20104,
            "year": 2010,
            "quarter": 4,
            "eps": null,
            "eps_growth_year": null,
            "eps_4q": null,
            "eps_4q_growth_year": null,
            "roe": null,
            "roe_4q": 0,
            "gross_profit": null,
            "gross_margin": null,
            "gross_margin_4q_avg": 0,
            "net_income": null,
            "net_income_4q": null,
            "revenue": null,
            "revenue_4q": null,
            "common_shares": 300000,
            "book_valuer_per_share": 17.55,
            "book_valuer_per_share_4q_avg": 4.39,
            "equity": 526416,
            "current_ratio": 176.18,
            "debt_ratio": 43.78,
            "inventory_turnover_ratio": null,
            "account_receivable_turnover_ratio": null,
            "reinvestment_rate": null,
            "research_to_sale_ratio": null,
            "price_fair": 0,
            "eps_avg_yearly": 0,
            "eps_latest_yearly": 0,
            "eps_growth_yearly": 0
        },
        "20111": {
            "year_quarter": 20111,
            "year": 2011,
            "quarter": 1,
            "eps": null,
            "eps_growth_year": null,
            "eps_4q": null,
            "eps_4q_growth_year": null,
            "roe": null,
            "roe_4q": 0,
            "gross_profit": 64320,
            "gross_margin": null,
            "gross_margin_4q_avg": 0,
            "net_income": 36994,
            "net_income_4q": null,
            "revenue": 412571,
            "revenue_4q": null,
            "common_shares": 300000,
            "book_valuer_per_share": 18.78,
            "book_valuer_per_share_4q_avg": 9.08,
            "equity": 563410,
            "current_ratio": 185.67,
            "debt_ratio": 42.39,
            "inventory_turnover_ratio": null,
            "account_receivable_turnover_ratio": null,
            "reinvestment_rate": null,
            "research_to_sale_ratio": null,
            "price_fair": 0,
            "eps_avg_yearly": 0,
            "eps_latest_yearly": 0,
            "eps_growth_yearly": 0
        },
        "20112": {
            "year_quarter": 20112,
            "year": 2011,
            "quarter": 2,
            "eps": null,
            "eps_growth_year": null,
            "eps_4q": null,
            "eps_4q_growth_year": null,
            "roe": null,
            "roe_4q": 0,
            "gross_profit": 72547,
            "gross_margin": null,
            "gross_margin_4q_avg": 0,
            "net_income": 19477,
            "net_income_4q": null,
            "revenue": 478194,
            "revenue_4q": null,
            "common_shares": 350000,
            "book_valuer_per_share": 17.49,
            "book_valuer_per_share_4q_avg": 13.46,
            "equity": 612269,
            "current_ratio": 284.7,
            "debt_ratio": 30.83,
            "inventory_turnover_ratio": null,
            "account_receivable_turnover_ratio": null,
            "reinvestment_rate": null,
            "research_to_sale_ratio": null,
            "price_fair": 0,
            "eps_avg_yearly": 0,
            "eps_latest_yearly": 0,
            "eps_growth_yearly": 0
        },
        "20113": {
            "year_quarter": 20113,
            "year": 2011,
            "quarter": 3,
            "eps": null,
            "eps_growth_year": null,
            "eps_4q": null,
            "eps_4q_growth_year": null,
            "roe": null,
            "roe_4q": 0,
            "gross_profit": 82927,
            "gross_margin": null,
            "gross_margin_4q_avg": 0,
            "net_income": 55064,
            "net_income_4q": null,
            "revenue": 530498,
            "revenue_4q": null,
            "common_shares": 350000,
            "book_valuer_per_share": 19.23,
            "book_valuer_per_share_4q_avg": 18.26,
            "equity": 672911,
            "current_ratio": 314.1,
            "debt_ratio": 28.41,
            "inventory_turnover_ratio": null,
            "account_receivable_turnover_ratio": null,
            "reinvestment_rate": null,
            "research_to_sale_ratio": null,
            "price_fair": 0,
            "eps_avg_yearly": 0,
            "eps_latest_yearly": 0,
            "eps_growth_yearly": 0
        },
        "20114": {
            "year_quarter": 20114,
            "year": 2011,
            "quarter": 4,
            "eps": null,
            "eps_growth_year": null,
            "eps_4q": null,
            "eps_4q_growth_year": null,
            "roe": null,
            "roe_4q": 0,
            "gross_profit": 74254,
            "gross_margin": null,
            "gross_margin_4q_avg": 0,
            "net_income": 26421,
            "net_income_4q": null,
            "revenue": 390417,
            "revenue_4q": null,
            "common_shares": 350000,
            "book_valuer_per_share": 19.87,
            "book_valuer_per_share_4q_avg": 18.84,
            "equity": 695369,
            "current_ratio": 266.89,
            "debt_ratio": 33.63,
            "inventory_turnover_ratio": null,
            "account_receivable_turnover_ratio": null,
            "reinvestment_rate": null,
            "research_to_sale_ratio": null,
            "price_fair": 0,
            "eps_avg_yearly": 0,
            "eps_latest_yearly": 0,
            "eps_growth_yearly": 0
        },
        "20121": {
            "year_quarter": 20121,
            "year": 2012,
            "quarter": 1,
            "eps": null,
            "eps_growth_year": null,
            "eps_4q": null,
            "eps_4q_growth_year": null,
            "roe": null,
            "roe_4q": 0,
            "gross_profit": 90548,
            "gross_margin": null,
            "gross_margin_4q_avg": 0,
            "net_income": 35908,
            "net_income_4q": null,
            "revenue": 491231,
            "revenue_4q": null,
            "common_shares": 350000,
            "book_valuer_per_share": 20.9,
            "book_valuer_per_share_4q_avg": 19.37,
            "equity": 731326,
            "current_ratio": 294.54,
            "debt_ratio": 30.72,
            "inventory_turnover_ratio": null,
            "account_receivable_turnover_ratio": null,
            "reinvestment_rate": null,
            "research_to_sale_ratio": null,
            "price_fair": 0,
            "eps_avg_yearly": 0,
            "eps_latest_yearly": 0,
            "eps_growth_yearly": 0
        },
        "20122": {
            "year_quarter": 20122,
            "year": 2012,
            "quarter": 2,
            "eps": 1.09,
            "eps_growth_year": null,
            "eps_4q": 1.09,
            "eps_4q_growth_year": null,
            "roe": 5.3,
            "roe_4q": 5.3,
            "gross_profit": 79748,
            "gross_margin": 17.48,
            "gross_margin_4q_avg": 4.37,
            "net_income": 38020,
            "net_income_4q": null,
            "revenue": 456212,
            "revenue_4q": null,
            "common_shares": 350000,
            "book_valuer_per_share": 20.12,
            "book_valuer_per_share_4q_avg": 20.03,
            "equity": 704182,
            "current_ratio": 241.21,
            "debt_ratio": 37.69,
            "inventory_turnover_ratio": 1.3,
            "account_receivable_turnover_ratio": 3.32,
            "reinvestment_rate": null,
            "research_to_sale_ratio": null,
            "price_fair": 0,
            "eps_avg_yearly": 0,
            "eps_latest_yearly": 0,
            "eps_growth_yearly": 0
        },
        "20123": {
            "year_quarter": 20123,
            "year": 2012,
            "quarter": 3,
            "eps": 1.25,
            "eps_growth_year": null,
            "eps_4q": 2.34,
            "eps_4q_growth_year": null,
            "roe": 6.04,
            "roe_4q": 11.34,
            "gross_profit": 100788,
            "gross_margin": 18.41,
            "gross_margin_4q_avg": 8.97,
            "net_income": 43913,
            "net_income_4q": null,
            "revenue": 547507,
            "revenue_4q": null,
            "common_shares": 350000,
            "book_valuer_per_share": 21.45,
            "book_valuer_per_share_4q_avg": 20.59,
            "equity": 750748,
            "current_ratio": 255.6,
            "debt_ratio": 35.79,
            "inventory_turnover_ratio": 1.39,
            "account_receivable_turnover_ratio": 2.08,
            "reinvestment_rate": null,
            "research_to_sale_ratio": null,
            "price_fair": 175,
            "eps_avg_yearly": 5,
            "eps_latest_yearly": 5,
            "eps_growth_yearly": 58.72
        },
        "20124": {
            "year_quarter": 20124,
            "year": 2012,
            "quarter": 4,
            "eps": 1.43,
            "eps_growth_year": null,
            "eps_4q": 3.54,
            "eps_4q_growth_year": null,
            "roe": 6.59,
            "roe_4q": 17.93,
            "gross_profit": 102106,
            "gross_margin": 16.43,
            "gross_margin_4q_avg": 13.08,
            "net_income": 55292,
            "net_income_4q": null,
            "revenue": 621473,
            "revenue_4q": null,
            "common_shares": 388000,
            "book_valuer_per_share": 23.9,
            "book_valuer_per_share_4q_avg": 21.59,
            "equity": 927409,
            "current_ratio": 268.33,
            "debt_ratio": 34.74,
            "inventory_turnover_ratio": 1.37,
            "account_receivable_turnover_ratio": 1.82,
            "reinvestment_rate": null,
            "research_to_sale_ratio": null,
            "price_fair": 187.6,
            "eps_avg_yearly": 5.36,
            "eps_latest_yearly": 5.72,
            "eps_growth_yearly": 58.16
        },
        "20131": {
            "year_quarter": 20131,
            "year": 2013,
            "quarter": 1,
            "eps": 2.13,
            "eps_growth_year": null,
            "eps_4q": 5.67,
            "eps_4q_growth_year": null,
            "roe": 8.54,
            "roe_4q": 26.47,
            "gross_profit": 124371,
            "gross_margin": 19.47,
            "gross_margin_4q_avg": 17.95,
            "net_income": 82745,
            "net_income_4q": null,
            "revenue": 638649,
            "revenue_4q": null,
            "common_shares": 388000,
            "book_valuer_per_share": 26.04,
            "book_valuer_per_share_4q_avg": 22.88,
            "equity": 1010292,
            "current_ratio": 401.42,
            "debt_ratio": 23.8,
            "inventory_turnover_ratio": 1.49,
            "account_receivable_turnover_ratio": 1.76,
            "reinvestment_rate": null,
            "research_to_sale_ratio": null,
            "price_fair": 224.47,
            "eps_avg_yearly": 6.41,
            "eps_latest_yearly": 8.52,
            "eps_growth_yearly": 104.04
        },
        "20132": {
            "year_quarter": 20132,
            "year": 2013,
            "quarter": 2,
            "eps": 0.83,
            "eps_growth_year": -23.59,
            "eps_4q": 5.51,
            "eps_4q_growth_year": 407.66,
            "roe": 3.35,
            "roe_4q": 24.519999999999996,
            "gross_profit": 69915,
            "gross_margin": 15.43,
            "gross_margin_4q_avg": 17.44,
            "net_income": 32020,
            "net_income_4q": null,
            "revenue": 453255,
            "revenue_4q": null,
            "common_shares": 388000,
            "book_valuer_per_share": 23.28,
            "book_valuer_per_share_4q_avg": 23.67,
            "equity": 903073,
            "current_ratio": 278.98,
            "debt_ratio": 33.67,
            "inventory_turnover_ratio": 1.33,
            "account_receivable_turnover_ratio": 1.64,
            "reinvestment_rate": null,
            "research_to_sale_ratio": null,
            "price_fair": 152.26,
            "eps_avg_yearly": 5.64,
            "eps_latest_yearly": 3.32,
            "eps_growth_yearly": 17
        },
        "20133": {
            "year_quarter": 20133,
            "year": 2013,
            "quarter": 3,
            "eps": 0.66,
            "eps_growth_year": -47.4,
            "eps_4q": 4.73,
            "eps_4q_growth_year": 102.17,
            "roe": 2.76,
            "roe_4q": 21.24,
            "gross_profit": 80927,
            "gross_margin": 16.18,
            "gross_margin_4q_avg": 16.88,
            "net_income": 25643,
            "net_income_4q": null,
            "revenue": 500086,
            "revenue_4q": null,
            "common_shares": 388000,
            "book_valuer_per_share": 24.29,
            "book_valuer_per_share_4q_avg": 24.38,
            "equity": 952596,
            "current_ratio": 308.7,
            "debt_ratio": 29.07,
            "inventory_turnover_ratio": 1.22,
            "account_receivable_turnover_ratio": 1.95,
            "reinvestment_rate": null,
            "research_to_sale_ratio": null,
            "price_fair": 15.12,
            "eps_avg_yearly": 5.04,
            "eps_latest_yearly": 2.64,
            "eps_growth_yearly": -2.79
        },
        "20134": {
            "year_quarter": 20134,
            "year": 2013,
            "quarter": 4,
            "eps": 1.42,
            "eps_growth_year": -0.65,
            "eps_4q": 4.62,
            "eps_4q_growth_year": 30.67,
            "roe": 5.54,
            "roe_4q": 20.189999999999998,
            "gross_profit": 103531,
            "gross_margin": 17.32,
            "gross_margin_4q_avg": 17.1,
            "net_income": 62011,
            "net_income_4q": null,
            "revenue": 597660,
            "revenue_4q": null,
            "common_shares": 438000,
            "book_valuer_per_share": 29.33,
            "book_valuer_per_share_4q_avg": 25.74,
            "equity": 1284808,
            "current_ratio": 342.91,
            "debt_ratio": 26.3,
            "inventory_turnover_ratio": 1.14,
            "account_receivable_turnover_ratio": 1.85,
            "reinvestment_rate": null,
            "research_to_sale_ratio": null,
            "price_fair": 180.13,
            "eps_avg_yearly": 5.15,
            "eps_latest_yearly": 5.68,
            "eps_growth_yearly": 74.44
        },
        "20141": {
            "year_quarter": 20141,
            "year": 2014,
            "quarter": 1,
            "eps": 2.1,
            "eps_growth_year": -1.41,
            "eps_4q": 4.84,
            "eps_4q_growth_year": -14.69,
            "roe": 6.89,
            "roe_4q": 18.54,
            "gross_profit": 148478,
            "gross_margin": 19.56,
            "gross_margin_4q_avg": 17.12,
            "net_income": 92163,
            "net_income_4q": null,
            "revenue": 759245,
            "revenue_4q": null,
            "common_shares": 438000,
            "book_valuer_per_share": 31.76,
            "book_valuer_per_share_4q_avg": 27.17,
            "equity": 1391075,
            "current_ratio": 423.79,
            "debt_ratio": 21.32,
            "inventory_turnover_ratio": 1.42,
            "account_receivable_turnover_ratio": 1.78,
            "reinvestment_rate": null,
            "research_to_sale_ratio": null,
            "price_fair": 196.4,
            "eps_avg_yearly": 5.61,
            "eps_latest_yearly": 8.4,
            "eps_growth_yearly": 91.17
        },
        "20142": {
            "year_quarter": 20142,
            "year": 2014,
            "quarter": 2,
            "eps": 0.92,
            "eps_growth_year": 10.84,
            "eps_4q": 4.65,
            "eps_4q_growth_year": -15.59,
            "roe": 3.3,
            "roe_4q": 18.490000000000002,
            "gross_profit": 113203,
            "gross_margin": 17.53,
            "gross_margin_4q_avg": 17.65,
            "net_income": 44454,
            "net_income_4q": null,
            "revenue": 645680,
            "revenue_4q": null,
            "common_shares": 438000,
            "book_valuer_per_share": 26.97,
            "book_valuer_per_share_4q_avg": 28.09,
            "equity": 1299335,
            "current_ratio": 316.92,
            "debt_ratio": 28,
            "inventory_turnover_ratio": 1.32,
            "account_receivable_turnover_ratio": 1.55,
            "reinvestment_rate": null,
            "research_to_sale_ratio": null,
            "price_fair": 187.95,
            "eps_avg_yearly": 5.37,
            "eps_latest_yearly": 3.68,
            "eps_growth_yearly": 51.68
        },
        "20143": {
            "year_quarter": 20143,
            "year": 2014,
            "quarter": 3,
            "eps": 1.59,
            "eps_growth_year": 140.91,
            "eps_4q": 5.71,
            "eps_4q_growth_year": 20.69,
            "roe": 5.72,
            "roe_4q": 21.45,
            "gross_profit": 123107,
            "gross_margin": 18.03,
            "gross_margin_4q_avg": 18.11,
            "net_income": 76579,
            "net_income_4q": null,
            "revenue": 682891,
            "revenue_4q": null,
            "common_shares": 481800,
            "book_valuer_per_share": 28.62,
            "book_valuer_per_share_4q_avg": 29.17,
            "equity": 1378925,
            "current_ratio": 494.43,
            "debt_ratio": 18.17,
            "inventory_turnover_ratio": 1.5,
            "account_receivable_turnover_ratio": 2.11,
            "reinvestment_rate": null,
            "research_to_sale_ratio": null,
            "price_fair": 191.8,
            "eps_avg_yearly": 5.48,
            "eps_latest_yearly": 6.36,
            "eps_growth_yearly": 78.31
        },
        "20144": {
            "year_quarter": 20144,
            "year": 2014,
            "quarter": 4,
            "eps": 1.12,
            "eps_growth_year": -20.97,
            "eps_4q": 5.54,
            "eps_4q_growth_year": 19.96,
            "roe": 3.83,
            "roe_4q": 19.740000000000002,
            "gross_profit": 107296,
            "gross_margin": 19.24,
            "gross_margin_4q_avg": 18.59,
            "net_income": 53907,
            "net_income_4q": null,
            "revenue": 557768,
            "revenue_4q": null,
            "common_shares": 481800,
            "book_valuer_per_share": 29.82,
            "book_valuer_per_share_4q_avg": 29.29,
            "equity": 1436534,
            "current_ratio": 417.84,
            "debt_ratio": 21.5,
            "inventory_turnover_ratio": 1.4,
            "account_receivable_turnover_ratio": 1.69,
            "reinvestment_rate": -13.1,
            "research_to_sale_ratio": null,
            "price_fair": 188.3,
            "eps_avg_yearly": 5.38,
            "eps_latest_yearly": 4.48,
            "eps_growth_yearly": 58.65
        },
        "20151": {
            "year_quarter": 20151,
            "year": 2015,
            "quarter": 1,
            "eps": 1.5,
            "eps_growth_year": -28.57,
            "eps_4q": 5.13,
            "eps_4q_growth_year": 5.99,
            "roe": 4.91,
            "roe_4q": 17.76,
            "gross_profit": 137369,
            "gross_margin": 23.2,
            "gross_margin_4q_avg": 19.5,
            "net_income": 72041,
            "net_income_4q": null,
            "revenue": 592067,
            "revenue_4q": null,
            "common_shares": 481800,
            "book_valuer_per_share": 31.09,
            "book_valuer_per_share_4q_avg": 29.13,
            "equity": 1497970,
            "current_ratio": 485.1,
            "debt_ratio": 18.45,
            "inventory_turnover_ratio": 1.32,
            "account_receivable_turnover_ratio": 1.79,
            "reinvestment_rate": 18.89,
            "research_to_sale_ratio": null,
            "price_fair": 190.27,
            "eps_avg_yearly": 5.44,
            "eps_latest_yearly": 6,
            "eps_growth_yearly": 65.66
        },
        "20152": {
            "year_quarter": 20152,
            "year": 2015,
            "quarter": 2,
            "eps": 0.76,
            "eps_growth_year": -17.39,
            "eps_4q": 4.76,
            "eps_4q_growth_year": 2.29,
            "roe": 2.71,
            "roe_4q": 17.169999999999998,
            "gross_profit": 104942,
            "gross_margin": 17.18,
            "gross_margin_4q_avg": 19.41,
            "net_income": 38351,
            "net_income_4q": null,
            "revenue": 610786,
            "revenue_4q": null,
            "common_shares": 481800,
            "book_valuer_per_share": 27.74,
            "book_valuer_per_share_4q_avg": 29.32,
            "equity": 1336458,
            "current_ratio": 302.11,
            "debt_ratio": 28.76,
            "inventory_turnover_ratio": 1.33,
            "account_receivable_turnover_ratio": 1.83,
            "reinvestment_rate": 20.7,
            "research_to_sale_ratio": null,
            "price_fair": 183.28,
            "eps_avg_yearly": 5.24,
            "eps_latest_yearly": 3.04,
            "eps_growth_yearly": 43.74
        },
        "20153": {
            "year_quarter": 20153,
            "year": 2015,
            "quarter": 3,
            "eps": 2.16,
            "eps_growth_year": 35.85,
            "eps_4q": 5.41,
            "eps_4q_growth_year": -5.32,
            "roe": 7.85,
            "roe_4q": 19.299999999999997,
            "gross_profit": 133401,
            "gross_margin": 21.2,
            "gross_margin_4q_avg": 20.21,
            "net_income": 109284,
            "net_income_4q": null,
            "revenue": 629176,
            "revenue_4q": null,
            "common_shares": 505890,
            "book_valuer_per_share": 28.63,
            "book_valuer_per_share_4q_avg": 29.32,
            "equity": 1448563,
            "current_ratio": 392.06,
            "debt_ratio": 21.91,
            "inventory_turnover_ratio": 1.3,
            "account_receivable_turnover_ratio": 1.83,
            "reinvestment_rate": 24.54,
            "research_to_sale_ratio": null,
            "price_fair": 192.45,
            "eps_avg_yearly": 5.5,
            "eps_latest_yearly": 8.64,
            "eps_growth_yearly": 97.06
        },
        "20154": {
            "year_quarter": 20154,
            "year": 2015,
            "quarter": 4,
            "eps": 0.8,
            "eps_growth_year": -28.3,
            "eps_4q": 5.14,
            "eps_4q_growth_year": -7.2,
            "roe": 2.76,
            "roe_4q": 18.23,
            "gross_profit": 115280,
            "gross_margin": 21.51,
            "gross_margin_4q_avg": 20.77,
            "net_income": 40585,
            "net_income_4q": null,
            "revenue": 535839,
            "revenue_4q": null,
            "common_shares": 505890,
            "book_valuer_per_share": 29.41,
            "book_valuer_per_share_4q_avg": 29.22,
            "equity": 1487895,
            "current_ratio": 362.1,
            "debt_ratio": 23.72,
            "inventory_turnover_ratio": 0.95,
            "account_receivable_turnover_ratio": 1.46,
            "reinvestment_rate": 6.89,
            "research_to_sale_ratio": null,
            "price_fair": 186.7,
            "eps_avg_yearly": 5.33,
            "eps_latest_yearly": 3.2,
            "eps_growth_yearly": 72.14
        },
        "20161": {
            "year_quarter": 20161,
            "year": 2016,
            "quarter": 1,
            "eps": 1.26,
            "eps_growth_year": -16,
            "eps_4q": 4.98,
            "eps_4q_growth_year": -2.8,
            "roe": 4.2,
            "roe_4q": 17.52,
            "gross_profit": 170167,
            "gross_margin": 23.7,
            "gross_margin_4q_avg": 20.9,
            "net_income": 63839,
            "net_income_4q": null,
            "revenue": 718115,
            "revenue_4q": null,
            "common_shares": 505890,
            "book_valuer_per_share": 30.73,
            "book_valuer_per_share_4q_avg": 29.13,
            "equity": 1554423,
            "current_ratio": 420.24,
            "debt_ratio": 20.54,
            "inventory_turnover_ratio": 1.06,
            "account_receivable_turnover_ratio": 1.89,
            "reinvestment_rate": 23.31,
            "research_to_sale_ratio": null,
            "price_fair": 186.01,
            "eps_avg_yearly": 5.31,
            "eps_latest_yearly": 5.04,
            "eps_growth_yearly": 82.66
        },
        "20162": {
            "year_quarter": 20162,
            "year": 2016,
            "quarter": 2,
            "eps": 0.96,
            "eps_growth_year": 26.32,
            "eps_4q": 5.19,
            "eps_4q_growth_year": 8.9,
            "roe": 3.29,
            "roe_4q": 18.1,
            "gross_profit": 121498,
            "gross_margin": 18.73,
            "gross_margin_4q_avg": 21.29,
            "net_income": 48617,
            "net_income_4q": null,
            "revenue": 648541,
            "revenue_4q": null,
            "common_shares": 505890,
            "book_valuer_per_share": 27.63,
            "book_valuer_per_share_4q_avg": 29.1,
            "equity": 1397569,
            "current_ratio": 307.43,
            "debt_ratio": 27.73,
            "inventory_turnover_ratio": 1.12,
            "account_receivable_turnover_ratio": 1.81,
            "reinvestment_rate": 5.96,
            "research_to_sale_ratio": null,
            "price_fair": 182.79,
            "eps_avg_yearly": 5.22,
            "eps_latest_yearly": 3.84,
            "eps_growth_yearly": 71.54
        },
        "20163": {
            "year_quarter": 20163,
            "year": 2016,
            "quarter": 3,
            "eps": 0.44,
            "eps_growth_year": -79.63,
            "eps_4q": 3.47,
            "eps_4q_growth_year": -35.91,
            "roe": 1.59,
            "roe_4q": 11.84,
            "gross_profit": 102036,
            "gross_margin": 18.96,
            "gross_margin_4q_avg": 20.73,
            "net_income": 22306,
            "net_income_4q": null,
            "revenue": 538273,
            "revenue_4q": null,
            "common_shares": 505890,
            "book_valuer_per_share": 27.74,
            "book_valuer_per_share_4q_avg": 28.88,
            "equity": 1403125,
            "current_ratio": 571.11,
            "debt_ratio": 15.08,
            "inventory_turnover_ratio": 1.17,
            "account_receivable_turnover_ratio": 1.42,
            "reinvestment_rate": 4.29,
            "research_to_sale_ratio": null,
            "price_fair": 175.7,
            "eps_avg_yearly": 5.02,
            "eps_latest_yearly": 1.76,
            "eps_growth_yearly": 54.33
        },
        "20164": {
            "year_quarter": 20164,
            "year": 2016,
            "quarter": 4,
            "eps": 0.34,
            "eps_growth_year": -58.06,
            "eps_4q": 3,
            "eps_4q_growth_year": -41.68,
            "roe": 1.21,
            "roe_4q": 10.29,
            "gross_profit": 41924,
            "gross_margin": 12.08,
            "gross_margin_4q_avg": 18.37,
            "net_income": 17021,
            "net_income_4q": null,
            "revenue": 347067,
            "revenue_4q": null,
            "common_shares": 505890,
            "book_valuer_per_share": 27.94,
            "book_valuer_per_share_4q_avg": 28.51,
            "equity": 1413392,
            "current_ratio": 375.16,
            "debt_ratio": 22.97,
            "inventory_turnover_ratio": 0.83,
            "account_receivable_turnover_ratio": 1.04,
            "reinvestment_rate": 5.29,
            "research_to_sale_ratio": null,
            "price_fair": 166.16,
            "eps_avg_yearly": 4.75,
            "eps_latest_yearly": 1.36,
            "eps_growth_yearly": 45.05
        },
        "20171": {
            "year_quarter": 20171,
            "year": 2017,
            "quarter": 1,
            "eps": 0.12,
            "eps_growth_year": -90.48,
            "eps_4q": 1.86,
            "eps_4q_growth_year": -62.75,
            "roe": 0.42,
            "roe_4q": 6.51,
            "gross_profit": 90358,
            "gross_margin": 20.98,
            "gross_margin_4q_avg": 17.69,
            "net_income": 5940,
            "net_income_4q": null,
            "revenue": 430768,
            "revenue_4q": null,
            "common_shares": 505890,
            "book_valuer_per_share": 27.56,
            "book_valuer_per_share_4q_avg": 27.72,
            "equity": 1394386,
            "current_ratio": 470.11,
            "debt_ratio": 18.52,
            "inventory_turnover_ratio": 0.81,
            "account_receivable_turnover_ratio": 1.43,
            "reinvestment_rate": 19.83,
            "research_to_sale_ratio": null,
            "price_fair": 113.06,
            "eps_avg_yearly": 4.25,
            "eps_latest_yearly": 0.48,
            "eps_growth_yearly": 16.63
        },
        "20172": {
            "year_quarter": 20172,
            "year": 2017,
            "quarter": 2,
            "eps": 0.64,
            "eps_growth_year": -33.33,
            "eps_4q": 1.53,
            "eps_4q_growth_year": -70.49,
            "roe": 2.38,
            "roe_4q": 5.6,
            "gross_profit": 81508,
            "gross_margin": 17.35,
            "gross_margin_4q_avg": 17.34,
            "net_income": 32158,
            "net_income_4q": null,
            "revenue": 469823,
            "revenue_4q": null,
            "common_shares": 505890,
            "book_valuer_per_share": 25.9,
            "book_valuer_per_share_4q_avg": 27.29,
            "equity": 1310371,
            "current_ratio": 324.4,
            "debt_ratio": 26.44,
            "inventory_turnover_ratio": 0.88,
            "account_receivable_turnover_ratio": 1.36,
            "reinvestment_rate": 20.17,
            "research_to_sale_ratio": null,
            "price_fair": 146.91,
            "eps_avg_yearly": 4.2,
            "eps_latest_yearly": 2.56,
            "eps_growth_yearly": 140.22
        },
        "20173": {
            "year_quarter": 20173,
            "year": 2017,
            "quarter": 3,
            "eps": 0.38,
            "eps_growth_year": -13.64,
            "eps_4q": 1.47,
            "eps_4q_growth_year": -57.55,
            "roe": 1.46,
            "roe_4q": 5.47,
            "gross_profit": 74116,
            "gross_margin": 15.05,
            "gross_margin_4q_avg": 16.37,
            "net_income": 19323,
            "net_income_4q": null,
            "revenue": 492513,
            "revenue_4q": null,
            "common_shares": 505890,
            "book_valuer_per_share": 26.29,
            "book_valuer_per_share_4q_avg": 26.92,
            "equity": 1329825,
            "current_ratio": 562.73,
            "debt_ratio": 15.46,
            "inventory_turnover_ratio": 1.02,
            "account_receivable_turnover_ratio": 1.28,
            "reinvestment_rate": 12.11,
            "research_to_sale_ratio": null,
            "price_fair": 144.46,
            "eps_avg_yearly": 4.13,
            "eps_latest_yearly": 1.52,
            "eps_growth_yearly": 135.19
        },
        "20174": {
            "year_quarter": 20174,
            "year": 2017,
            "quarter": 4,
            "eps": 0.03,
            "eps_growth_year": -91.75,
            "eps_4q": 1.16,
            "eps_4q_growth_year": -61.24,
            "roe": 0.11,
            "roe_4q": 4.37,
            "gross_profit": 45634,
            "gross_margin": 10.88,
            "gross_margin_4q_avg": 16.07,
            "net_income": 1404,
            "net_income_4q": null,
            "revenue": 419269,
            "revenue_4q": null,
            "common_shares": 505890,
            "book_valuer_per_share": 26.28,
            "book_valuer_per_share_4q_avg": 26.51,
            "equity": 1329511,
            "current_ratio": 393.41,
            "debt_ratio": 22,
            "inventory_turnover_ratio": 0.98,
            "account_receivable_turnover_ratio": 1.24,
            "reinvestment_rate": 6.33,
            "research_to_sale_ratio": null,
            "price_fair": 132.3,
            "eps_avg_yearly": 3.78,
            "eps_latest_yearly": 0.12,
            "eps_growth_yearly": 83.37
        },
        "20181": {
            "year_quarter": 20181,
            "year": 2018,
            "quarter": 1,
            "eps": 0.33,
            "eps_growth_year": 175,
            "eps_4q": 1.38,
            "eps_4q_growth_year": -25.71,
            "roe": 1.26,
            "roe_4q": 5.21,
            "gross_profit": 80986,
            "gross_margin": 16.15,
            "gross_margin_4q_avg": 14.86,
            "net_income": 16866,
            "net_income_4q": null,
            "revenue": 501535,
            "revenue_4q": null,
            "common_shares": 505890,
            "book_valuer_per_share": 26.58,
            "book_valuer_per_share_4q_avg": 26.26,
            "equity": 1344613,
            "current_ratio": 509.34,
            "debt_ratio": 17.14,
            "inventory_turnover_ratio": 0.98,
            "account_receivable_turnover_ratio": 1.39,
            "reinvestment_rate": 4.13,
            "research_to_sale_ratio": null,
            "price_fair": 116.81,
            "eps_avg_yearly": 3.34,
            "eps_latest_yearly": 1.32,
            "eps_growth_yearly": 321.4
        },
        "20182": {
            "year_quarter": 20182,
            "year": 2018,
            "quarter": 2,
            "eps": 1.11,
            "eps_growth_year": 73.44,
            "eps_4q": 1.85,
            "eps_4q_growth_year": 20.81,
            "roe": 4.13,
            "roe_4q": 6.96,
            "gross_profit": 88520,
            "gross_margin": 17.3,
            "gross_margin_4q_avg": 14.85,
            "net_income": 55942,
            "net_income_4q": null,
            "revenue": 511733,
            "revenue_4q": null,
            "common_shares": 505890,
            "book_valuer_per_share": 26.99,
            "book_valuer_per_share_4q_avg": 26.54,
            "equity": 1365470,
            "current_ratio": 454.1,
            "debt_ratio": 19.2,
            "inventory_turnover_ratio": 0.99,
            "account_receivable_turnover_ratio": 1.23,
            "reinvestment_rate": 4.06,
            "research_to_sale_ratio": null,
            "price_fair": 118.48,
            "eps_avg_yearly": 3.39,
            "eps_latest_yearly": 4.44,
            "eps_growth_yearly": 394.54
        },
        "20183": {
            "year_quarter": 20183,
            "year": 2018,
            "quarter": 3,
            "eps": 0.68,
            "eps_growth_year": 78.95,
            "eps_4q": 2.15,
            "eps_4q_growth_year": 46,
            "roe": 2.5,
            "roe_4q": 8,
            "gross_profit": 99229,
            "gross_margin": 15.3,
            "gross_margin_4q_avg": 14.91,
            "net_income": 34474,
            "net_income_4q": null,
            "revenue": 648767,
            "revenue_4q": null,
            "common_shares": 505890,
            "book_valuer_per_share": 27.57,
            "book_valuer_per_share_4q_avg": 26.86,
            "equity": 1394489,
            "current_ratio": 581.01,
            "debt_ratio": 14.28,
            "inventory_turnover_ratio": 1.73,
            "account_receivable_turnover_ratio": 1.57,
            "reinvestment_rate": 1.93,
            "research_to_sale_ratio": null,
            "price_fair": 110.51,
            "eps_avg_yearly": 3.16,
            "eps_latest_yearly": 2.72,
            "eps_growth_yearly": 366.65
        },
        "20184": {
            "year_quarter": 20184,
            "year": 2018,
            "quarter": 4,
            "eps": -0.67,
            "eps_growth_year": -2502.14,
            "eps_4q": 1.45,
            "eps_4q_growth_year": 25.04,
            "roe": -2.45,
            "roe_4q": 5.4399999999999995,
            "gross_profit": 20543,
            "gross_margin": 6.34,
            "gross_margin_4q_avg": 13.77,
            "net_income": -33726,
            "net_income_4q": null,
            "revenue": 323827,
            "revenue_4q": null,
            "common_shares": 505890,
            "book_valuer_per_share": 26.93,
            "book_valuer_per_share_4q_avg": 27.02,
            "equity": 1362319,
            "current_ratio": 512.43,
            "debt_ratio": 16.39,
            "inventory_turnover_ratio": 1.17,
            "account_receivable_turnover_ratio": 1.01,
            "reinvestment_rate": 16.04,
            "research_to_sale_ratio": null,
            "price_fair": 107.43,
            "eps_avg_yearly": 3.07,
            "eps_latest_yearly": 2.72,
            "eps_growth_yearly": 398.98
        },
        "20191": {
            "year_quarter": 20191,
            "year": 2019,
            "quarter": 1,
            "eps": 0.12,
            "eps_growth_year": -63.64,
            "eps_4q": 1.24,
            "eps_4q_growth_year": -9.95,
            "roe": 0.45,
            "roe_4q": 4.63,
            "gross_profit": 63324,
            "gross_margin": 16.74,
            "gross_margin_4q_avg": 13.92,
            "net_income": 6120,
            "net_income_4q": null,
            "revenue": 378172,
            "revenue_4q": null,
            "common_shares": 505890,
            "book_valuer_per_share": 27.19,
            "book_valuer_per_share_4q_avg": 27.17,
            "equity": 1375342,
            "current_ratio": 460.28,
            "debt_ratio": 18.23,
            "inventory_turnover_ratio": 0.93,
            "account_receivable_turnover_ratio": 1.59,
            "reinvestment_rate": 16.42,
            "research_to_sale_ratio": null,
            "price_fair": 100.1,
            "eps_avg_yearly": 2.86,
            "eps_latest_yearly": 2.72,
            "eps_growth_yearly": 417.78
        },
        "20192": {
            "year_quarter": 20192,
            "year": 2019,
            "quarter": 2,
            "eps": -0.56,
            "eps_growth_year": -150.45,
            "eps_4q": -0.42,
            "eps_4q_growth_year": -122.97,
            "roe": -2.13,
            "roe_4q": -1.63,
            "gross_profit": 46129,
            "gross_margin": 9.87,
            "gross_margin_4q_avg": 12.06,
            "net_income": -28350,
            "net_income_4q": null,
            "revenue": 467137,
            "revenue_4q": null,
            "common_shares": 505890,
            "book_valuer_per_share": 25.42,
            "book_valuer_per_share_4q_avg": 26.78,
            "equity": 1285962,
            "current_ratio": 387.92,
            "debt_ratio": 20.98,
            "inventory_turnover_ratio": 1.06,
            "account_receivable_turnover_ratio": 1.7,
            "reinvestment_rate": 14.67,
            "research_to_sale_ratio": null,
            "price_fair": 99.62,
            "eps_avg_yearly": 2.85,
            "eps_latest_yearly": 2.72,
            "eps_growth_yearly": 465.1
        },
        "20193": {
            "year_quarter": 20193,
            "year": 2019,
            "quarter": 3,
            "eps": -0.01,
            "eps_growth_year": -101.47,
            "eps_4q": -1.11,
            "eps_4q_growth_year": -151.81,
            "roe": -0.03,
            "roe_4q": -4.16,
            "gross_profit": 67274,
            "gross_margin": 11.19,
            "gross_margin_4q_avg": 11.04,
            "net_income": -355,
            "net_income_4q": null,
            "revenue": 601326,
            "revenue_4q": null,
            "common_shares": 505890,
            "book_valuer_per_share": 25.25,
            "book_valuer_per_share_4q_avg": 26.2,
            "equity": 1277145,
            "current_ratio": 495.88,
            "debt_ratio": 16.92,
            "inventory_turnover_ratio": 1.63,
            "account_receivable_turnover_ratio": 1.78,
            "reinvestment_rate": -1.68,
            "research_to_sale_ratio": null,
            "price_fair": 82.72,
            "eps_avg_yearly": 2.36,
            "eps_latest_yearly": 2.72,
            "eps_growth_yearly": 442.45
        },
        "20194": {
            "year_quarter": 20194,
            "year": 2019,
            "quarter": 4,
            "eps": -1.02,
            "eps_growth_year": null,
            "eps_4q": -1.46,
            "eps_4q_growth_year": -200.58,
            "roe": -4.13,
            "roe_4q": -5.84,
            "gross_profit": 38562,
            "gross_margin": 9.85,
            "gross_margin_4q_avg": 11.91,
            "net_income": -51394,
            "net_income_4q": null,
            "revenue": 391424,
            "revenue_4q": null,
            "common_shares": 505890,
            "book_valuer_per_share": 23.98,
            "book_valuer_per_share_4q_avg": 25.46,
            "equity": 1213070,
            "current_ratio": 508.09,
            "debt_ratio": 16.31,
            "inventory_turnover_ratio": 1.26,
            "account_receivable_turnover_ratio": 1.23,
            "reinvestment_rate": -9.11,
            "research_to_sale_ratio": null,
            "price_fair": 80.05,
            "eps_avg_yearly": 2.29,
            "eps_latest_yearly": 2.72,
            "eps_growth_yearly": 505.57
        },
        "20201": {
            "year_quarter": 20201,
            "year": 2020,
            "quarter": 1,
            "eps": -0.69,
            "eps_growth_year": -675,
            "eps_4q": -2.28,
            "eps_4q_growth_year": -283.43,
            "roe": -2.94,
            "roe_4q": -9.23,
            "gross_profit": 15763,
            "gross_margin": 4.42,
            "gross_margin_4q_avg": 8.83,
            "net_income": -35114,
            "net_income_4q": null,
            "revenue": 356812,
            "revenue_4q": null,
            "common_shares": 505890,
            "book_valuer_per_share": 23.29,
            "book_valuer_per_share_4q_avg": 24.49,
            "equity": 1178045,
            "current_ratio": 483.97,
            "debt_ratio": 17.83,
            "inventory_turnover_ratio": 1.07,
            "account_receivable_turnover_ratio": 1.36,
            "reinvestment_rate": 13.44,
            "research_to_sale_ratio": null,
            "price_fair": 70.42,
            "eps_avg_yearly": 2.01,
            "eps_latest_yearly": 2.72,
            "eps_growth_yearly": 533.13
        },
        "20202": {
            "year_quarter": 20202,
            "year": 2020,
            "quarter": 2,
            "eps": 0.55,
            "eps_growth_year": null,
            "eps_4q": -1.17,
            "eps_4q_growth_year": null,
            "roe": 2.33,
            "roe_4q": -4.7700000000000005,
            "gross_profit": 84279,
            "gross_margin": 20.69,
            "gross_margin_4q_avg": 11.54,
            "net_income": 27684,
            "net_income_4q": null,
            "revenue": 407335,
            "revenue_4q": null,
            "common_shares": 505890,
            "book_valuer_per_share": 23.66,
            "book_valuer_per_share_4q_avg": 24.05,
            "equity": 1196825,
            "current_ratio": 386.26,
            "debt_ratio": 21.77,
            "inventory_turnover_ratio": 0.99,
            "account_receivable_turnover_ratio": 1.33,
            "reinvestment_rate": 7.47,
            "research_to_sale_ratio": null,
            "price_fair": 63.31,
            "eps_avg_yearly": 1.81,
            "eps_latest_yearly": 2.72,
            "eps_growth_yearly": 602.95
        },
        "20203": {
            "year_quarter": 20203,
            "year": 2020,
            "quarter": 3,
            "eps": 0.75,
            "eps_growth_year": null,
            "eps_4q": -0.41,
            "eps_4q_growth_year": null,
            "roe": 3.13,
            "roe_4q": -1.6099999999999999,
            "gross_profit": 77168,
            "gross_margin": 15.39,
            "gross_margin_4q_avg": 12.59,
            "net_income": 37994,
            "net_income_4q": null,
            "revenue": 501486,
            "revenue_4q": null,
            "common_shares": 505890,
            "book_valuer_per_share": 24.39,
            "book_valuer_per_share_4q_avg": 23.83,
            "equity": 1233800,
            "current_ratio": 397.55,
            "debt_ratio": 21.53,
            "inventory_turnover_ratio": 1.48,
            "account_receivable_turnover_ratio": 1.63,
            "reinvestment_rate": 7.2,
            "research_to_sale_ratio": null,
            "price_fair": 68.13,
            "eps_avg_yearly": 1.95,
            "eps_latest_yearly": 3,
            "eps_growth_yearly": 643.18
        },
        "20204": {
            "year_quarter": 20204,
            "year": 2020,
            "quarter": 4,
            "eps": -0.78,
            "eps_growth_year": null,
            "eps_4q": -0.18,
            "eps_4q_growth_year": null,
            "roe": -3.25,
            "roe_4q": -0.73,
            "gross_profit": 19040,
            "gross_margin": 6.27,
            "gross_margin_4q_avg": 11.69,
            "net_income": -39426,
            "net_income_4q": null,
            "revenue": 303452,
            "revenue_4q": null,
            "common_shares": 505890,
            "book_valuer_per_share": 23.59,
            "book_valuer_per_share_4q_avg": 23.73,
            "equity": 1193529,
            "current_ratio": 403.58,
            "debt_ratio": 21.09,
            "inventory_turnover_ratio": 1.05,
            "account_receivable_turnover_ratio": 1.19,
            "reinvestment_rate": -12.46,
            "research_to_sale_ratio": null,
            "price_fair": 70.7,
            "eps_avg_yearly": 2.02,
            "eps_latest_yearly": 3,
            "eps_growth_yearly": 734.94
        },
        "20211": {
            "year_quarter": 20211,
            "year": 2021,
            "quarter": 1,
            "eps": -0.61,
            "eps_growth_year": null,
            "eps_4q": -0.1,
            "eps_4q_growth_year": null,
            "roe": -2.64,
            "roe_4q": -0.4300000000000006,
            "gross_profit": 19579,
            "gross_margin": 7.04,
            "gross_margin_4q_avg": 12.35,
            "net_income": -31068,
            "net_income_4q": null,
            "revenue": 278271,
            "revenue_4q": null,
            "common_shares": 505890,
            "book_valuer_per_share": 22.96,
            "book_valuer_per_share_4q_avg": 23.65,
            "equity": 1161303,
            "current_ratio": 433.75,
            "debt_ratio": 19.74,
            "inventory_turnover_ratio": 0.82,
            "account_receivable_turnover_ratio": 1.32,
            "reinvestment_rate": 65.54,
            "research_to_sale_ratio": null,
            "price_fair": 78.4,
            "eps_avg_yearly": 2.24,
            "eps_latest_yearly": 3,
            "eps_growth_yearly": 876.91
        },
        "20212": {
            "year_quarter": 20212,
            "year": 2021,
            "quarter": 2,
            "eps": -0.68,
            "eps_growth_year": -223.64,
            "eps_4q": -1.33,
            "eps_4q_growth_year": null,
            "roe": -3.03,
            "roe_4q": -5.79,
            "gross_profit": 17011,
            "gross_margin": 6.09,
            "gross_margin_4q_avg": 8.7,
            "net_income": -34626,
            "net_income_4q": null,
            "revenue": 279491,
            "revenue_4q": null,
            "common_shares": 505890,
            "book_valuer_per_share": 22.15,
            "book_valuer_per_share_4q_avg": 23.27,
            "equity": 1120613,
            "current_ratio": 377.81,
            "debt_ratio": 22.29,
            "inventory_turnover_ratio": 0.68,
            "account_receivable_turnover_ratio": 1.65,
            "reinvestment_rate": null,
            "research_to_sale_ratio": null,
            "price_fair": 76.53,
            "eps_avg_yearly": 2.19,
            "eps_latest_yearly": 3,
            "eps_growth_yearly": 734.17
        },
        "20213": {
            "year_quarter": 20213,
            "year": 2021,
            "quarter": 3,
            "eps": 0.12,
            "eps_growth_year": -84,
            "eps_4q": -1.96,
            "eps_4q_growth_year": null,
            "roe": 0.52,
            "roe_4q": -8.4,
            "gross_profit": 40785,
            "gross_margin": 10.27,
            "gross_margin_4q_avg": 7.42,
            "net_income": 5865,
            "net_income_4q": null,
            "revenue": 397245,
            "revenue_4q": null,
            "common_shares": 505890,
            "book_valuer_per_share": 22.2,
            "book_valuer_per_share_4q_avg": 22.73,
            "equity": 1123052,
            "current_ratio": 339.25,
            "debt_ratio": 24.82,
            "inventory_turnover_ratio": 0.81,
            "account_receivable_turnover_ratio": 2.16,
            "reinvestment_rate": null,
            "research_to_sale_ratio": null,
            "price_fair": 81.2,
            "eps_avg_yearly": 2.32,
            "eps_latest_yearly": 3,
            "eps_growth_yearly": 913.51
        },
        "20214": {
            "year_quarter": 20214,
            "year": 2021,
            "quarter": 4,
            "eps": -0.86,
            "eps_growth_year": null,
            "eps_4q": -2.04,
            "eps_4q_growth_year": null,
            "roe": -3.93,
            "roe_4q": -9.08,
            "gross_profit": 24519,
            "gross_margin": 6.22,
            "gross_margin_4q_avg": 7.41,
            "net_income": -43276,
            "net_income_4q": null,
            "revenue": 394343,
            "revenue_4q": null,
            "common_shares": 505890,
            "book_valuer_per_share": 21.3,
            "book_valuer_per_share_4q_avg": 22.15,
            "equity": 1077500,
            "current_ratio": 402.4,
            "debt_ratio": 21.24,
            "inventory_turnover_ratio": 0.89,
            "account_receivable_turnover_ratio": 1.78,
            "reinvestment_rate": null,
            "research_to_sale_ratio": null,
            "price_fair": 100.45,
            "eps_avg_yearly": 2.87,
            "eps_latest_yearly": 3,
            "eps_growth_yearly": 1233.99
        },
        "20221": {
            "year_quarter": 20221,
            "year": 2022,
            "quarter": 1,
            "eps": 0.62,
            "eps_growth_year": null,
            "eps_4q": -0.81,
            "eps_4q_growth_year": null,
            "roe": 2.84,
            "roe_4q": -3.6,
            "gross_profit": 60980,
            "gross_margin": 16.06,
            "gross_margin_4q_avg": 9.66,
            "net_income": 31159,
            "net_income_4q": null,
            "revenue": 379754,
            "revenue_4q": null,
            "common_shares": 505890,
            "book_valuer_per_share": 22.06,
            "book_valuer_per_share_4q_avg": 21.93,
            "equity": 1115927,
            "current_ratio": 388.41,
            "debt_ratio": 22.18,
            "inventory_turnover_ratio": 0.81,
            "account_receivable_turnover_ratio": 1.58,
            "reinvestment_rate": null,
            "research_to_sale_ratio": null,
            "price_fair": 118.53,
            "eps_avg_yearly": 3.39,
            "eps_latest_yearly": 3,
            "eps_growth_yearly": 311.98
        },
        "20222": {
            "year_quarter": 20222,
            "year": 2022,
            "quarter": 2,
            "eps": 1.25,
            "eps_growth_year": null,
            "eps_4q": 1.13,
            "eps_4q_growth_year": null,
            "roe": 5.54,
            "roe_4q": 4.969999999999999,
            "gross_profit": 97045,
            "gross_margin": 23.73,
            "gross_margin_4q_avg": 14.07,
            "net_income": 63368,
            "net_income_4q": null,
            "revenue": 408925,
            "revenue_4q": null,
            "common_shares": 505890,
            "book_valuer_per_share": 23.18,
            "book_valuer_per_share_4q_avg": 22.19,
            "equity": 1172824,
            "current_ratio": 455.22,
            "debt_ratio": 19.18,
            "inventory_turnover_ratio": 0.85,
            "account_receivable_turnover_ratio": 1.4,
            "reinvestment_rate": null,
            "research_to_sale_ratio": null,
            "price_fair": 125.07,
            "eps_avg_yearly": 3.57,
            "eps_latest_yearly": 5,
            "eps_growth_yearly": 132.32
        },
        "20223": {
            "year_quarter": 20223,
            "year": 2022,
            "quarter": 3,
            "eps": 1.44,
            "eps_growth_year": 1100,
            "eps_4q": 2.45,
            "eps_4q_growth_year": null,
            "roe": 5.99,
            "roe_4q": 10.440000000000001,
            "gross_profit": 101874,
            "gross_margin": 23.97,
            "gross_margin_4q_avg": 17.5,
            "net_income": 72816,
            "net_income_4q": null,
            "revenue": 424997,
            "revenue_4q": null,
            "common_shares": 505890,
            "book_valuer_per_share": 24.86,
            "book_valuer_per_share_4q_avg": 22.85,
            "equity": 1257662,
            "current_ratio": 459.07,
            "debt_ratio": 18.82,
            "inventory_turnover_ratio": 0.97,
            "account_receivable_turnover_ratio": 1.33,
            "reinvestment_rate": null,
            "research_to_sale_ratio": null,
            "price_fair": 160.53,
            "eps_avg_yearly": 4.59,
            "eps_latest_yearly": 5.76,
            "eps_growth_yearly": 204.24
        },
        "20224": {
            "year_quarter": 20224,
            "year": 2022,
            "quarter": 4,
            "eps": 0.1,
            "eps_growth_year": null,
            "eps_4q": 3.41,
            "eps_4q_growth_year": null,
            "roe": 0.39,
            "roe_4q": 14.76,
            "gross_profit": 77226,
            "gross_margin": 23.62,
            "gross_margin_4q_avg": 21.85,
            "net_income": 4920,
            "net_income_4q": null,
            "revenue": 326932,
            "revenue_4q": null,
            "common_shares": 505890,
            "book_valuer_per_share": 24.83,
            "book_valuer_per_share_4q_avg": 23.73,
            "equity": 1256376,
            "current_ratio": 476,
            "debt_ratio": 17.83,
            "inventory_turnover_ratio": 0.82,
            "account_receivable_turnover_ratio": 1.23,
            "reinvestment_rate": null,
            "research_to_sale_ratio": null,
            "price_fair": 123.9,
            "eps_avg_yearly": 3.54,
            "eps_latest_yearly": 0.4,
            "eps_growth_yearly": 60.12
        },
        "20231": {
            "year_quarter": 20231,
            "year": 2023,
            "quarter": 1,
            "eps": 0.49,
            "eps_growth_year": -20.97,
            "eps_4q": 3.28,
            "eps_4q_growth_year": null,
            "roe": 1.97,
            "roe_4q": 13.89,
            "gross_profit": 78141,
            "gross_margin": 27.11,
            "gross_margin_4q_avg": 24.61,
            "net_income": 24813,
            "net_income_4q": null,
            "revenue": 288217,
            "revenue_4q": null,
            "common_shares": 505890,
            "book_valuer_per_share": 25.09,
            "book_valuer_per_share_4q_avg": 24.49,
            "equity": 1269047,
            "current_ratio": 539.53,
            "debt_ratio": 15.66,
            "inventory_turnover_ratio": 0.76,
            "account_receivable_turnover_ratio": 1.33,
            "reinvestment_rate": -1671.2,
            "research_to_sale_ratio": null,
            "price_fair": 112.84,
            "eps_avg_yearly": 3.22,
            "eps_latest_yearly": 1.96,
            "eps_growth_yearly": 360.1
        },
        "20232": {
            "year_quarter": 20232,
            "year": 2023,
            "quarter": 2,
            "eps": 0.59,
            "eps_growth_year": -52.8,
            "eps_4q": 2.61,
            "eps_4q_growth_year": 131.47,
            "roe": 2.32,
            "roe_4q": 10.67,
            "gross_profit": 66891,
            "gross_margin": 22.53,
            "gross_margin_4q_avg": 24.31,
            "net_income": 29655,
            "net_income_4q": null,
            "revenue": 296898,
            "revenue_4q": null,
            "common_shares": 505890,
            "book_valuer_per_share": 25.5,
            "book_valuer_per_share_4q_avg": 25.07,
            "equity": 1289981,
            "current_ratio": 675.57,
            "debt_ratio": 12.77,
            "inventory_turnover_ratio": 0.95,
            "account_receivable_turnover_ratio": 1.33,
            "reinvestment_rate": -134.88,
            "research_to_sale_ratio": null,
            "price_fair": 107.8,
            "eps_avg_yearly": 3.08,
            "eps_latest_yearly": 2.36,
            "eps_growth_yearly": 313.69
        },
        "20233": {
            "year_quarter": 20233,
            "year": 2023,
            "quarter": 3,
            "eps": 1.03,
            "eps_growth_year": -28.47,
            "eps_4q": 2.2,
            "eps_4q_growth_year": -10.13,
            "roe": 3.94,
            "roe_4q": 8.620000000000001,
            "gross_profit": 78726,
            "gross_margin": 24.23,
            "gross_margin_4q_avg": 24.37,
            "net_income": 52111,
            "net_income_4q": null,
            "revenue": 324910,
            "revenue_4q": null,
            "common_shares": 505890,
            "book_valuer_per_share": 26.83,
            "book_valuer_per_share_4q_avg": 25.56,
            "equity": 1357225,
            "current_ratio": 521.28,
            "debt_ratio": 16.52,
            "inventory_turnover_ratio": 1.08,
            "account_receivable_turnover_ratio": 1.09,
            "reinvestment_rate": -51.47,
            "research_to_sale_ratio": null,
            "price_fair": 113,
            "eps_avg_yearly": 3.23,
            "eps_latest_yearly": 4.12,
            "eps_growth_yearly": 311.49
        }
    },
    "months": {
        "2011-09": {
            "month": "2011-09",
            "price": "29.42",
            "revenue": 121209
        },
        "2011-10": {
            "month": "2011-10",
            "price": "28.43",
            "revenue": 101311
        },
        "2011-11": {
            "month": "2011-11",
            "price": "27.44",
            "revenue": 105325
        },
        "2011-12": {
            "month": "2011-12",
            "price": "27.42",
            "revenue": 152675
        },
        "2012-01": {
            "month": "2012-01",
            "price": "25.04",
            "revenue": 187812
        },
        "2012-02": {
            "month": "2012-02",
            "price": "26.93",
            "revenue": 123484
        },
        "2012-03": {
            "month": "2012-03",
            "price": "27.83",
            "revenue": 167181
        },
        "2012-04": {
            "month": "2012-04",
            "price": "28.89",
            "revenue": 106174
        },
        "2012-05": {
            "month": "2012-05",
            "price": "27.77",
            "revenue": 157793
        },
        "2012-06": {
            "month": "2012-06",
            "price": "26.78",
            "revenue": 141270
        },
        "2012-07": {
            "month": "2012-07",
            "price": "26.96",
            "revenue": 198963
        },
        "2012-08": {
            "month": "2012-08",
            "price": "28.25",
            "revenue": 198264
        },
        "2012-09": {
            "month": "2012-09",
            "price": "36.18",
            "revenue": 100877
        },
        "2012-10": {
            "month": "2012-10",
            "price": "39.75",
            "revenue": 138460
        },
        "2012-11": {
            "month": "2012-11",
            "price": "36.63",
            "revenue": 192727
        },
        "2012-12": {
            "month": "2012-12",
            "price": "40.44",
            "revenue": 282781
        },
        "2013-01": {
            "month": "2013-01",
            "price": "49.18",
            "revenue": 235677
        },
        "2013-02": {
            "month": "2013-02",
            "price": "59.22",
            "revenue": 227188
        },
        "2013-03": {
            "month": "2013-03",
            "price": "70.67",
            "revenue": 175784
        },
        "2013-04": {
            "month": "2013-04",
            "price": "76.16",
            "revenue": 135820
        },
        "2013-05": {
            "month": "2013-05",
            "price": "88.52",
            "revenue": 148671
        },
        "2013-06": {
            "month": "2013-06",
            "price": "88.43",
            "revenue": 168594
        },
        "2013-07": {
            "month": "2013-07",
            "price": "84.80",
            "revenue": 149458
        },
        "2013-08": {
            "month": "2013-08",
            "price": "76.00",
            "revenue": 171322
        },
        "2013-09": {
            "month": "2013-09",
            "price": "77.44",
            "revenue": 179477
        },
        "2013-10": {
            "month": "2013-10",
            "price": "79.76",
            "revenue": 145400
        },
        "2013-11": {
            "month": "2013-11",
            "price": "80.38",
            "revenue": 214631
        },
        "2013-12": {
            "month": "2013-12",
            "price": "84.28",
            "revenue": 237630
        },
        "2014-01": {
            "month": "2014-01",
            "price": "78.49",
            "revenue": 285270
        },
        "2014-02": {
            "month": "2014-02",
            "price": "79.93",
            "revenue": 195290
        },
        "2014-03": {
            "month": "2014-03",
            "price": "80.48",
            "revenue": 278684
        },
        "2014-04": {
            "month": "2014-04",
            "price": "94.49",
            "revenue": 185811
        },
        "2014-05": {
            "month": "2014-05",
            "price": "123.90",
            "revenue": 189152
        },
        "2014-06": {
            "month": "2014-06",
            "price": "113.68",
            "revenue": 270717
        },
        "2014-07": {
            "month": "2014-07",
            "price": "104.91",
            "revenue": 256200
        },
        "2014-08": {
            "month": "2014-08",
            "price": "89.65",
            "revenue": 225679
        },
        "2014-09": {
            "month": "2014-09",
            "price": "87.18",
            "revenue": 201012
        },
        "2014-10": {
            "month": "2014-10",
            "price": "79.45",
            "revenue": 143140
        },
        "2014-11": {
            "month": "2014-11",
            "price": "74.37",
            "revenue": 149706
        },
        "2014-12": {
            "month": "2014-12",
            "price": "76.99",
            "revenue": 264921
        },
        "2015-01": {
            "month": "2015-01",
            "price": "82.98",
            "revenue": 211736
        },
        "2015-02": {
            "month": "2015-02",
            "price": "102.12",
            "revenue": 191605
        },
        "2015-03": {
            "month": "2015-03",
            "price": "102.72",
            "revenue": 188227
        },
        "2015-04": {
            "month": "2015-04",
            "price": "95.73",
            "revenue": 163343
        },
        "2015-05": {
            "month": "2015-05",
            "price": "89.98",
            "revenue": 209203
        },
        "2015-06": {
            "month": "2015-06",
            "price": "95.63",
            "revenue": 238239
        },
        "2015-07": {
            "month": "2015-07",
            "price": "87.60",
            "revenue": 254395
        },
        "2015-08": {
            "month": "2015-08",
            "price": "72.26",
            "revenue": 198633
        },
        "2015-09": {
            "month": "2015-09",
            "price": "79.86",
            "revenue": 176371
        },
        "2015-10": {
            "month": "2015-10",
            "price": "80.93",
            "revenue": 132494
        },
        "2015-11": {
            "month": "2015-11",
            "price": "79.73",
            "revenue": 151839
        },
        "2015-12": {
            "month": "2015-12",
            "price": "74.81",
            "revenue": 251506
        },
        "2016-01": {
            "month": "2016-01",
            "price": "68.82",
            "revenue": 294533
        },
        "2016-02": {
            "month": "2016-02",
            "price": "77.21",
            "revenue": 260498
        },
        "2016-03": {
            "month": "2016-03",
            "price": "84.35",
            "revenue": 163084
        },
        "2016-04": {
            "month": "2016-04",
            "price": "76.66",
            "revenue": 220362
        },
        "2016-05": {
            "month": "2016-05",
            "price": "70.31",
            "revenue": 181954
        },
        "2016-06": {
            "month": "2016-06",
            "price": "69.15",
            "revenue": 246225
        },
        "2016-07": {
            "month": "2016-07",
            "price": "69.28",
            "revenue": 244518
        },
        "2016-08": {
            "month": "2016-08",
            "price": "67.25",
            "revenue": 127320
        },
        "2016-09": {
            "month": "2016-09",
            "price": "61.78",
            "revenue": 166435
        },
        "2016-10": {
            "month": "2016-10",
            "price": "58.27",
            "revenue": 78433
        },
        "2016-11": {
            "month": "2016-11",
            "price": "49.26",
            "revenue": 80290
        },
        "2016-12": {
            "month": "2016-12",
            "price": "45.34",
            "revenue": 188344
        },
        "2017-01": {
            "month": "2017-01",
            "price": "45.04",
            "revenue": 133264
        },
        "2017-02": {
            "month": "2017-02",
            "price": "46.50",
            "revenue": 146621
        },
        "2017-03": {
            "month": "2017-03",
            "price": "45.71",
            "revenue": 150883
        },
        "2017-04": {
            "month": "2017-04",
            "price": "43.83",
            "revenue": 118617
        },
        "2017-05": {
            "month": "2017-05",
            "price": "40.57",
            "revenue": 161942
        },
        "2017-06": {
            "month": "2017-06",
            "price": "41.24",
            "revenue": 189264
        },
        "2017-07": {
            "month": "2017-07",
            "price": "40.60",
            "revenue": 118571
        },
        "2017-08": {
            "month": "2017-08",
            "price": "37.99",
            "revenue": 189119
        },
        "2017-09": {
            "month": "2017-09",
            "price": "38.46",
            "revenue": 184825
        },
        "2017-10": {
            "month": "2017-10",
            "price": "37.23",
            "revenue": 114482
        },
        "2017-11": {
            "month": "2017-11",
            "price": "34.28",
            "revenue": 146609
        },
        "2017-12": {
            "month": "2017-12",
            "price": "32.50",
            "revenue": 157867
        },
        "2018-01": {
            "month": "2018-01",
            "price": "30.64",
            "revenue": 119903
        },
        "2018-02": {
            "month": "2018-02",
            "price": "28.75",
            "revenue": 197879
        },
        "2018-03": {
            "month": "2018-03",
            "price": "31.75",
            "revenue": 183757
        },
        "2018-04": {
            "month": "2018-04",
            "price": "31.45",
            "revenue": 118411
        },
        "2018-05": {
            "month": "2018-05",
            "price": "28.68",
            "revenue": 225449
        },
        "2018-06": {
            "month": "2018-06",
            "price": "29.69",
            "revenue": 167424
        },
        "2018-07": {
            "month": "2018-07",
            "price": "28.00",
            "revenue": 229399
        },
        "2018-08": {
            "month": "2018-08",
            "price": "31.94",
            "revenue": 233591
        },
        "2018-09": {
            "month": "2018-09",
            "price": "38.64",
            "revenue": 185580
        },
        "2018-10": {
            "month": "2018-10",
            "price": "31.28",
            "revenue": 104115
        },
        "2018-11": {
            "month": "2018-11",
            "price": "30.02",
            "revenue": 96707
        },
        "2018-12": {
            "month": "2018-12",
            "price": "28.87",
            "revenue": 114474
        },
        "2019-01": {
            "month": "2019-01",
            "price": "28.21",
            "revenue": 148992
        },
        "2019-02": {
            "month": "2019-02",
            "price": "29.76",
            "revenue": 88733
        },
        "2019-03": {
            "month": "2019-03",
            "price": "30.06",
            "revenue": 140160
        },
        "2019-04": {
            "month": "2019-04",
            "price": "30.84",
            "revenue": 166589
        },
        "2019-05": {
            "month": "2019-05",
            "price": "28.44",
            "revenue": 157981
        },
        "2019-06": {
            "month": "2019-06",
            "price": "27.83",
            "revenue": 142567
        },
        "2019-07": {
            "month": "2019-07",
            "price": "27.05",
            "revenue": 180101
        },
        "2019-08": {
            "month": "2019-08",
            "price": "23.50",
            "revenue": 256148
        },
        "2019-09": {
            "month": "2019-09",
            "price": "23.47",
            "revenue": 165077
        },
        "2019-10": {
            "month": "2019-10",
            "price": "22.68",
            "revenue": 111932
        },
        "2019-11": {
            "month": "2019-11",
            "price": "20.53",
            "revenue": 126454
        },
        "2019-12": {
            "month": "2019-12",
            "price": "19.63",
            "revenue": 153038
        },
        "2020-01": {
            "month": "2020-01",
            "price": "19.63",
            "revenue": 135021
        },
        "2020-02": {
            "month": "2020-02",
            "price": "17.39",
            "revenue": 110674
        },
        "2020-03": {
            "month": "2020-03",
            "price": "12.55",
            "revenue": 114209
        },
        "2020-04": {
            "month": "2020-04",
            "price": "12.18",
            "revenue": 89778
        },
        "2020-05": {
            "month": "2020-05",
            "price": "12.32",
            "revenue": 113010
        },
        "2020-06": {
            "month": "2020-06",
            "price": "13.44",
            "revenue": 204547
        },
        "2020-07": {
            "month": "2020-07",
            "price": "15.05",
            "revenue": 230129
        },
        "2020-08": {
            "month": "2020-08",
            "price": "18.38",
            "revenue": 159630
        },
        "2020-09": {
            "month": "2020-09",
            "price": "18.52",
            "revenue": 111727
        },
        "2020-10": {
            "month": "2020-10",
            "price": "16.38",
            "revenue": 104542
        },
        "2020-11": {
            "month": "2020-11",
            "price": "16.33",
            "revenue": 76692
        },
        "2020-12": {
            "month": "2020-12",
            "price": "15.86",
            "revenue": 122593
        },
        "2021-01": {
            "month": "2021-01",
            "price": "15.23",
            "revenue": 96513
        },
        "2021-02": {
            "month": "2021-02",
            "price": "15.21",
            "revenue": 120941
        },
        "2021-03": {
            "month": "2021-03",
            "price": "16.83",
            "revenue": 68386
        },
        "2021-04": {
            "month": "2021-04",
            "price": "17.73",
            "revenue": 121044
        },
        "2021-05": {
            "month": "2021-05",
            "price": "15.35",
            "revenue": 95811
        },
        "2021-06": {
            "month": "2021-06",
            "price": "15.55",
            "revenue": 67903
        },
        "2021-07": {
            "month": "2021-07",
            "price": "14.88",
            "revenue": 144359
        },
        "2021-08": {
            "month": "2021-08",
            "price": "14.44",
            "revenue": 144759
        },
        "2021-09": {
            "month": "2021-09",
            "price": "15.47",
            "revenue": 102646
        },
        "2021-10": {
            "month": "2021-10",
            "price": "15.97",
            "revenue": 127514
        },
        "2021-11": {
            "month": "2021-11",
            "price": "15.31",
            "revenue": 91982
        },
        "2021-12": {
            "month": "2021-12",
            "price": "14.47",
            "revenue": 175212
        },
        "2022-01": {
            "month": "2022-01",
            "price": "15.14",
            "revenue": 160550
        },
        "2022-02": {
            "month": "2022-02",
            "price": "16.03",
            "revenue": 137573
        },
        "2022-03": {
            "month": "2022-03",
            "price": "15.14",
            "revenue": 81631
        },
        "2022-04": {
            "month": "2022-04",
            "price": "15.33",
            "revenue": 93717
        },
        "2022-05": {
            "month": "2022-05",
            "price": "15.01",
            "revenue": 127395
        },
        "2022-06": {
            "month": "2022-06",
            "price": "15.89",
            "revenue": 187815
        },
        "2022-07": {
            "month": "2022-07",
            "price": "21.27",
            "revenue": 144684
        },
        "2022-08": {
            "month": "2022-08",
            "price": "29.07",
            "revenue": 170644
        },
        "2022-09": {
            "month": "2022-09",
            "price": "27.43",
            "revenue": 109668
        },
        "2022-10": {
            "month": "2022-10",
            "price": "22.28",
            "revenue": 102544
        },
        "2022-11": {
            "month": "2022-11",
            "price": "24.78",
            "revenue": 124831
        },
        "2022-12": {
            "month": "2022-12",
            "price": "27.40",
            "revenue": 99557
        },
        "2023-01": {
            "month": "2023-01",
            "price": "25.65",
            "revenue": 110406
        },
        "2023-02": {
            "month": "2023-02",
            "price": "24.93",
            "revenue": 72097
        },
        "2023-03": {
            "month": "2023-03",
            "price": "25.55",
            "revenue": 105714
        },
        "2023-04": {
            "month": "2023-04",
            "price": "22.31",
            "revenue": 103953
        },
        "2023-05": {
            "month": "2023-05",
            "price": "22.83",
            "revenue": 81480
        },
        "2023-06": {
            "month": "2023-06",
            "price": "25.11",
            "revenue": 111465
        },
        "2023-07": {
            "month": "2023-07",
            "price": "24.97",
            "revenue": 136759
        },
        "2023-08": {
            "month": "2023-08",
            "price": "24.68",
            "revenue": 85778
        },
        "2023-09": {
            "month": "2023-09",
            "price": "25.04",
            "revenue": 102372
        },
        "2023-10": {
            "month": "2023-10",
            "price": "24.27",
            "revenue": 38463
        },
        "2023-11": {
            "month": "2023-11",
            "price": "23.82",
            "revenue": 123192
        },
        "2023-12": {
            "month": "2023-12",
            "price": "24.52",
            "revenue": 103355
        }
    }
}
