{
    "summary": {
        "stock_name": "興采",
        "stock_id": "4433",
        "category": "紡織纖維",
        "main_business": "印染整理業<br>成衣業<br>國際貿易業務",
        "website_url": "http://www.singtex.com",
        "ceo": "黃松筠",
        "pe_ratio": 54,
        "report_year_from": 2011,
        "report_year_to": 2023,
        "age": 13,
        "eps_negative_percentage": 0,
        "eps_growth_avg": {
            "last_all": 1.98,
            "last_2y": -21.59,
            "last_4y": -6.13,
            "last_8y": 1.98,
            "last_12y": null,
            "last_16y": null,
            "last_20y": null,
            "at_2006_last_3y": null,
            "at_2007_last_3y": null,
            "at_2008_last_3y": null,
            "at_2009_last_3y": null,
            "at_2010_last_3y": null,
            "at_2011_last_3y": null,
            "at_2012_last_3y": null,
            "at_2013_last_3y": null,
            "at_2014_last_3y": null,
            "at_2015_last_3y": null,
            "at_2016_last_3y": null,
            "at_2017_last_3y": -17.17,
            "at_2018_last_3y": 12.12,
            "at_2019_last_3y": -21.99,
            "at_2020_last_3y": 16.48,
            "at_2021_last_3y": 12.41,
            "at_2022_last_3y": 12.41,
            "at_2023_last_3y": 8.8,
            "at_2024_last_3y": 8.8,
            "at_2006_last_all": null,
            "at_2007_last_all": null,
            "at_2008_last_all": null,
            "at_2009_last_all": null,
            "at_2010_last_all": null,
            "at_2011_last_all": null,
            "at_2012_last_all": null,
            "at_2013_last_all": null,
            "at_2014_last_all": null,
            "at_2015_last_all": 70.59,
            "at_2016_last_all": 8.35,
            "at_2017_last_all": -17.17,
            "at_2018_last_all": 12.12,
            "at_2019_last_all": -3.48,
            "at_2020_last_all": 13.77,
            "at_2021_last_all": -0.27,
            "at_2022_last_all": 12.27,
            "at_2023_last_all": 1.98,
            "at_2024_last_all": 1.98
        },
        "latest_eps": 0.53,
        "latest_price": 28.75,
        "latest_roe": 1.16,
        "latest_gross_margin": 22.08,
        "latest_equity": 2117312,
        "latest_revenue": 962592,
        "latest_gross_profit": 212578,
        "latest_net_income": 27994,
        "latest_debt_ratio": 66.98,
        "latest_current_ratio": 73.15,
        "latest_account_receivable_turnover_ratio": 3.48,
        "latest_inventory_turnover_ratio": 1.19,
        "latest_reinvestment_rate": 502.24,
        "latest_research_to_sale_ratio": 1.92
    },
    "eps_dividends": {
        "2001": {
            "cash": 0,
            "stock": 0,
            "eps": 0
        },
        "2002": {
            "cash": 0,
            "stock": 0,
            "eps": 0
        },
        "2003": {
            "cash": 0,
            "stock": 0,
            "eps": 0
        },
        "2004": {
            "cash": 0,
            "stock": 0,
            "eps": 0
        },
        "2005": {
            "cash": 0,
            "stock": 0,
            "eps": 0
        },
        "2006": {
            "cash": 0,
            "stock": 0,
            "eps": 0
        },
        "2007": {
            "cash": 0,
            "stock": 0,
            "eps": 0
        },
        "2008": {
            "cash": 0,
            "stock": 0,
            "eps": 0
        },
        "2009": {
            "cash": 0,
            "stock": 0,
            "eps": 0
        },
        "2010": {
            "cash": 0,
            "stock": 0,
            "eps": 0
        },
        "2011": {
            "cash": 0,
            "stock": 0,
            "eps": 0
        },
        "2012": {
            "cash": 0,
            "stock": 0,
            "eps": 0
        },
        "2013": {
            "cash": 0.85,
            "stock": 0.8,
            "eps": 0
        },
        "2014": {
            "cash": 1.6,
            "stock": 0,
            "eps": 1.36
        },
        "2015": {
            "cash": 0.8,
            "stock": 0,
            "eps": 2.32
        },
        "2016": {
            "cash": 1,
            "stock": 0,
            "eps": 1.07
        },
        "2017": {
            "cash": 1,
            "stock": 0,
            "eps": 0.34
        },
        "2018": {
            "cash": 0.5,
            "stock": 0,
            "eps": 2.08
        },
        "2019": {
            "cash": 1,
            "stock": 2,
            "eps": 0.71
        },
        "2020": {
            "cash": 1,
            "stock": 0,
            "eps": 7.86
        },
        "2021": {
            "cash": 2,
            "stock": 0,
            "eps": 1.22
        },
        "2022": {
            "cash": 1,
            "stock": 0,
            "eps": 2.64
        },
        "2023": {
            "cash": 1.5,
            "stock": 0,
            "eps": 0.52
        },
        "2024": {
            "cash": 1,
            "stock": 0,
            "eps": 0
        }
    },
    "dividends": {
        "2013-06-07": {
            "cash": 0.85,
            "stock": 0.8
        },
        "2014-06-23": {
            "cash": 1.6,
            "stock": 0
        },
        "2015-07-31": {
            "cash": 0.8,
            "stock": 0
        },
        "2016-09-22": {
            "cash": 1,
            "stock": 0
        },
        "2017-07-31": {
            "cash": 1,
            "stock": 0
        },
        "2018-07-31": {
            "cash": 0.5,
            "stock": 0
        },
        "2019-08-30": {
            "cash": 1,
            "stock": 2
        },
        "2020-08-26": {
            "cash": 1,
            "stock": 0
        },
        "2021-08-20": {
            "cash": 2,
            "stock": 0
        },
        "2022-07-27": {
            "cash": 1,
            "stock": 0
        },
        "2023-07-12": {
            "cash": 1.5,
            "stock": 0
        },
        "2024-02-23": {
            "cash": 1,
            "stock": 0
        }
    },
    "prices": {
        "200101": "無",
        "200102": "無",
        "200103": "無",
        "200104": "無",
        "200105": "無",
        "200106": "無",
        "200107": "無",
        "200108": "無",
        "200109": "無",
        "200110": "無",
        "200111": "無",
        "200112": "無",
        "200201": "無",
        "200202": "無",
        "200203": "無",
        "200204": "無",
        "200205": "無",
        "200206": "無",
        "200207": "無",
        "200208": "無",
        "200209": "無",
        "200210": "無",
        "200211": "無",
        "200212": "無",
        "200301": "無",
        "200302": "無",
        "200303": "無",
        "200304": "無",
        "200305": "無",
        "200306": "無",
        "200307": "無",
        "200308": "無",
        "200309": "無",
        "200310": "無",
        "200311": "無",
        "200312": "無",
        "200401": "無",
        "200402": "無",
        "200403": "無",
        "200404": "無",
        "200405": "無",
        "200406": "無",
        "200407": "無",
        "200408": "無",
        "200409": "無",
        "200410": "無",
        "200411": "無",
        "200412": "無",
        "200501": "無",
        "200502": "無",
        "200503": "無",
        "200504": "無",
        "200505": "無",
        "200506": "無",
        "200507": "無",
        "200508": "無",
        "200509": "無",
        "200510": "無",
        "200511": "無",
        "200512": "無",
        "200601": "無",
        "200602": "無",
        "200603": "無",
        "200604": "無",
        "200605": "無",
        "200606": "無",
        "200607": "無",
        "200608": "無",
        "200609": "無",
        "200610": "無",
        "200611": "無",
        "200612": "無",
        "200701": "無",
        "200702": "無",
        "200703": "無",
        "200704": "無",
        "200705": "無",
        "200706": "無",
        "200707": "無",
        "200708": "無",
        "200709": "無",
        "200710": "無",
        "200711": "無",
        "200712": "無",
        "200801": "無",
        "200802": "無",
        "200803": "無",
        "200804": "無",
        "200805": "無",
        "200806": "無",
        "200807": "無",
        "200808": "無",
        "200809": "無",
        "200810": "無",
        "200811": "無",
        "200812": "無",
        "200901": "無",
        "200902": "無",
        "200903": "無",
        "200904": "無",
        "200905": "無",
        "200906": "無",
        "200907": "無",
        "200908": "無",
        "200909": "無",
        "200910": "無",
        "200911": "無",
        "200912": "無",
        "201001": "無",
        "201002": "無",
        "201003": "無",
        "201004": "無",
        "201005": "無",
        "201006": "無",
        "201007": "無",
        "201008": "無",
        "201009": "無",
        "201010": "無",
        "201011": "無",
        "201012": "無",
        "201101": "無",
        "201102": "無",
        "201103": "無",
        "201104": "無",
        "201105": "無",
        "201106": "無",
        "201107": "無",
        "201108": "無",
        "201109": "無",
        "201110": "無",
        "201111": "無",
        "201112": "無",
        "201201": "無",
        "201202": "無",
        "201203": "無",
        "201204": "無",
        "201205": "無",
        "201206": "無",
        "201207": "無",
        "201208": "無",
        "201209": "無",
        "201210": "無",
        "201211": "無",
        "201212": "無",
        "201301": "無",
        "201302": "48.18",
        "201303": "46.13",
        "201304": "48.16",
        "201305": "49.21",
        "201306": "49.89",
        "201307": "50.88",
        "201308": "54.77",
        "201309": "64.93",
        "201310": "68.27",
        "201311": "68.24",
        "201312": "68.38",
        "201401": "68.03",
        "201402": "73.26",
        "201403": "71.30",
        "201404": "70.30",
        "201405": "69.14",
        "201406": "66.86",
        "201407": "61.85",
        "201408": "53.09",
        "201409": "56.66",
        "201410": "54.40",
        "201411": "37.47",
        "201412": "37.90",
        "201501": "38.13",
        "201502": "37.47",
        "201503": "35.94",
        "201504": "31.59",
        "201505": "38.24",
        "201506": "49.37",
        "201507": "36.68",
        "201508": "35.86",
        "201509": "42.69",
        "201510": "41.20",
        "201511": "39.27",
        "201512": "34.71",
        "201601": "32.00",
        "201602": "33.35",
        "201603": "33.87",
        "201604": "34.45",
        "201605": "32.39",
        "201606": "31.72",
        "201607": "31.42",
        "201608": "31.89",
        "201609": "30.54",
        "201610": "29.50",
        "201611": "26.54",
        "201612": "25.62",
        "201701": "24.32",
        "201702": "26.94",
        "201703": "27.58",
        "201704": "25.76",
        "201705": "24.62",
        "201706": "24.46",
        "201707": "24.14",
        "201708": "23.68",
        "201709": "22.83",
        "201710": "22.87",
        "201711": "22.05",
        "201712": "20.81",
        "201801": "20.87",
        "201802": "19.66",
        "201803": "19.14",
        "201804": "18.91",
        "201805": "18.29",
        "201806": "18.55",
        "201807": "17.80",
        "201808": "20.87",
        "201809": "25.66",
        "201810": "23.97",
        "201811": "25.62",
        "201812": "26.58",
        "201901": "27.08",
        "201902": "27.88",
        "201903": "31.10",
        "201904": "42.60",
        "201905": "33.82",
        "201906": "34.93",
        "201907": "42.92",
        "201908": "40.52",
        "201909": "39.17",
        "201910": "38.41",
        "201911": "38.40",
        "201912": "36.70",
        "202001": "34.26",
        "202002": "31.31",
        "202003": "26.11",
        "202004": "28.23",
        "202005": "31.76",
        "202006": "33.24",
        "202007": "38.22",
        "202008": "45.48",
        "202009": "45.63",
        "202010": "46.02",
        "202011": "44.48",
        "202012": "42.53",
        "202101": "41.23",
        "202102": "40.93",
        "202103": "42.00",
        "202104": "40.48",
        "202105": "36.92",
        "202106": "38.06",
        "202107": "37.46",
        "202108": "33.35",
        "202109": "33.38",
        "202110": "32.10",
        "202111": "32.04",
        "202112": "31.12",
        "202201": "30.81",
        "202202": "30.93",
        "202203": "30.05",
        "202204": "29.55",
        "202205": "30.44",
        "202206": "31.41",
        "202207": "26.36",
        "202208": "29.30",
        "202209": "30.30",
        "202210": "29.71",
        "202211": "29.47",
        "202212": "30.74",
        "202301": "29.98",
        "202302": "31.49",
        "202303": "34.18",
        "202304": "35.61",
        "202305": "34.55",
        "202306": "33.92",
        "202307": "31.85",
        "202308": "29.60",
        "202309": "31.27",
        "202310": "30.39",
        "202311": "30.19",
        "202312": "32.12"
    },
    "quarters": {
        "20011": {
            "year_quarter": 20011,
            "year": 2001,
            "quarter": 1,
            "eps": null,
            "eps_growth_year": null,
            "eps_4q": null,
            "eps_4q_growth_year": null,
            "roe": null,
            "roe_4q": 0,
            "gross_profit": null,
            "gross_margin": null,
            "gross_margin_4q_avg": 0,
            "net_income": null,
            "net_income_4q": null,
            "revenue": null,
            "revenue_4q": null,
            "common_shares": null,
            "book_valuer_per_share": null,
            "book_valuer_per_share_4q_avg": 0,
            "equity": null,
            "current_ratio": null,
            "debt_ratio": null,
            "inventory_turnover_ratio": null,
            "account_receivable_turnover_ratio": null,
            "reinvestment_rate": null,
            "research_to_sale_ratio": null,
            "price_fair": 0,
            "eps_avg_yearly": 0,
            "eps_latest_yearly": 0,
            "eps_growth_yearly": 0
        },
        "20012": {
            "year_quarter": 20012,
            "year": 2001,
            "quarter": 2,
            "eps": null,
            "eps_growth_year": null,
            "eps_4q": null,
            "eps_4q_growth_year": null,
            "roe": null,
            "roe_4q": 0,
            "gross_profit": null,
            "gross_margin": null,
            "gross_margin_4q_avg": 0,
            "net_income": null,
            "net_income_4q": null,
            "revenue": null,
            "revenue_4q": null,
            "common_shares": null,
            "book_valuer_per_share": null,
            "book_valuer_per_share_4q_avg": 0,
            "equity": null,
            "current_ratio": null,
            "debt_ratio": null,
            "inventory_turnover_ratio": null,
            "account_receivable_turnover_ratio": null,
            "reinvestment_rate": null,
            "research_to_sale_ratio": null,
            "price_fair": 0,
            "eps_avg_yearly": 0,
            "eps_latest_yearly": 0,
            "eps_growth_yearly": 0
        },
        "20013": {
            "year_quarter": 20013,
            "year": 2001,
            "quarter": 3,
            "eps": null,
            "eps_growth_year": null,
            "eps_4q": null,
            "eps_4q_growth_year": null,
            "roe": null,
            "roe_4q": 0,
            "gross_profit": null,
            "gross_margin": null,
            "gross_margin_4q_avg": 0,
            "net_income": null,
            "net_income_4q": null,
            "revenue": null,
            "revenue_4q": null,
            "common_shares": null,
            "book_valuer_per_share": null,
            "book_valuer_per_share_4q_avg": 0,
            "equity": null,
            "current_ratio": null,
            "debt_ratio": null,
            "inventory_turnover_ratio": null,
            "account_receivable_turnover_ratio": null,
            "reinvestment_rate": null,
            "research_to_sale_ratio": null,
            "price_fair": 0,
            "eps_avg_yearly": 0,
            "eps_latest_yearly": 0,
            "eps_growth_yearly": 0
        },
        "20014": {
            "year_quarter": 20014,
            "year": 2001,
            "quarter": 4,
            "eps": null,
            "eps_growth_year": null,
            "eps_4q": null,
            "eps_4q_growth_year": null,
            "roe": null,
            "roe_4q": 0,
            "gross_profit": null,
            "gross_margin": null,
            "gross_margin_4q_avg": 0,
            "net_income": null,
            "net_income_4q": null,
            "revenue": null,
            "revenue_4q": null,
            "common_shares": null,
            "book_valuer_per_share": null,
            "book_valuer_per_share_4q_avg": 0,
            "equity": null,
            "current_ratio": null,
            "debt_ratio": null,
            "inventory_turnover_ratio": null,
            "account_receivable_turnover_ratio": null,
            "reinvestment_rate": null,
            "research_to_sale_ratio": null,
            "price_fair": 0,
            "eps_avg_yearly": 0,
            "eps_latest_yearly": 0,
            "eps_growth_yearly": 0
        },
        "20021": {
            "year_quarter": 20021,
            "year": 2002,
            "quarter": 1,
            "eps": null,
            "eps_growth_year": null,
            "eps_4q": null,
            "eps_4q_growth_year": null,
            "roe": null,
            "roe_4q": 0,
            "gross_profit": null,
            "gross_margin": null,
            "gross_margin_4q_avg": 0,
            "net_income": null,
            "net_income_4q": null,
            "revenue": null,
            "revenue_4q": null,
            "common_shares": null,
            "book_valuer_per_share": null,
            "book_valuer_per_share_4q_avg": 0,
            "equity": null,
            "current_ratio": null,
            "debt_ratio": null,
            "inventory_turnover_ratio": null,
            "account_receivable_turnover_ratio": null,
            "reinvestment_rate": null,
            "research_to_sale_ratio": null,
            "price_fair": 0,
            "eps_avg_yearly": 0,
            "eps_latest_yearly": 0,
            "eps_growth_yearly": 0
        },
        "20022": {
            "year_quarter": 20022,
            "year": 2002,
            "quarter": 2,
            "eps": null,
            "eps_growth_year": null,
            "eps_4q": null,
            "eps_4q_growth_year": null,
            "roe": null,
            "roe_4q": 0,
            "gross_profit": null,
            "gross_margin": null,
            "gross_margin_4q_avg": 0,
            "net_income": null,
            "net_income_4q": null,
            "revenue": null,
            "revenue_4q": null,
            "common_shares": null,
            "book_valuer_per_share": null,
            "book_valuer_per_share_4q_avg": 0,
            "equity": null,
            "current_ratio": null,
            "debt_ratio": null,
            "inventory_turnover_ratio": null,
            "account_receivable_turnover_ratio": null,
            "reinvestment_rate": null,
            "research_to_sale_ratio": null,
            "price_fair": 0,
            "eps_avg_yearly": 0,
            "eps_latest_yearly": 0,
            "eps_growth_yearly": 0
        },
        "20023": {
            "year_quarter": 20023,
            "year": 2002,
            "quarter": 3,
            "eps": null,
            "eps_growth_year": null,
            "eps_4q": null,
            "eps_4q_growth_year": null,
            "roe": null,
            "roe_4q": 0,
            "gross_profit": null,
            "gross_margin": null,
            "gross_margin_4q_avg": 0,
            "net_income": null,
            "net_income_4q": null,
            "revenue": null,
            "revenue_4q": null,
            "common_shares": null,
            "book_valuer_per_share": null,
            "book_valuer_per_share_4q_avg": 0,
            "equity": null,
            "current_ratio": null,
            "debt_ratio": null,
            "inventory_turnover_ratio": null,
            "account_receivable_turnover_ratio": null,
            "reinvestment_rate": null,
            "research_to_sale_ratio": null,
            "price_fair": 0,
            "eps_avg_yearly": 0,
            "eps_latest_yearly": 0,
            "eps_growth_yearly": 0
        },
        "20024": {
            "year_quarter": 20024,
            "year": 2002,
            "quarter": 4,
            "eps": null,
            "eps_growth_year": null,
            "eps_4q": null,
            "eps_4q_growth_year": null,
            "roe": null,
            "roe_4q": 0,
            "gross_profit": null,
            "gross_margin": null,
            "gross_margin_4q_avg": 0,
            "net_income": null,
            "net_income_4q": null,
            "revenue": null,
            "revenue_4q": null,
            "common_shares": null,
            "book_valuer_per_share": null,
            "book_valuer_per_share_4q_avg": 0,
            "equity": null,
            "current_ratio": null,
            "debt_ratio": null,
            "inventory_turnover_ratio": null,
            "account_receivable_turnover_ratio": null,
            "reinvestment_rate": null,
            "research_to_sale_ratio": null,
            "price_fair": 0,
            "eps_avg_yearly": 0,
            "eps_latest_yearly": 0,
            "eps_growth_yearly": 0
        },
        "20031": {
            "year_quarter": 20031,
            "year": 2003,
            "quarter": 1,
            "eps": null,
            "eps_growth_year": null,
            "eps_4q": null,
            "eps_4q_growth_year": null,
            "roe": null,
            "roe_4q": 0,
            "gross_profit": null,
            "gross_margin": null,
            "gross_margin_4q_avg": 0,
            "net_income": null,
            "net_income_4q": null,
            "revenue": null,
            "revenue_4q": null,
            "common_shares": null,
            "book_valuer_per_share": null,
            "book_valuer_per_share_4q_avg": 0,
            "equity": null,
            "current_ratio": null,
            "debt_ratio": null,
            "inventory_turnover_ratio": null,
            "account_receivable_turnover_ratio": null,
            "reinvestment_rate": null,
            "research_to_sale_ratio": null,
            "price_fair": 0,
            "eps_avg_yearly": 0,
            "eps_latest_yearly": 0,
            "eps_growth_yearly": 0
        },
        "20032": {
            "year_quarter": 20032,
            "year": 2003,
            "quarter": 2,
            "eps": null,
            "eps_growth_year": null,
            "eps_4q": null,
            "eps_4q_growth_year": null,
            "roe": null,
            "roe_4q": 0,
            "gross_profit": null,
            "gross_margin": null,
            "gross_margin_4q_avg": 0,
            "net_income": null,
            "net_income_4q": null,
            "revenue": null,
            "revenue_4q": null,
            "common_shares": null,
            "book_valuer_per_share": null,
            "book_valuer_per_share_4q_avg": 0,
            "equity": null,
            "current_ratio": null,
            "debt_ratio": null,
            "inventory_turnover_ratio": null,
            "account_receivable_turnover_ratio": null,
            "reinvestment_rate": null,
            "research_to_sale_ratio": null,
            "price_fair": 0,
            "eps_avg_yearly": 0,
            "eps_latest_yearly": 0,
            "eps_growth_yearly": 0
        },
        "20033": {
            "year_quarter": 20033,
            "year": 2003,
            "quarter": 3,
            "eps": null,
            "eps_growth_year": null,
            "eps_4q": null,
            "eps_4q_growth_year": null,
            "roe": null,
            "roe_4q": 0,
            "gross_profit": null,
            "gross_margin": null,
            "gross_margin_4q_avg": 0,
            "net_income": null,
            "net_income_4q": null,
            "revenue": null,
            "revenue_4q": null,
            "common_shares": null,
            "book_valuer_per_share": null,
            "book_valuer_per_share_4q_avg": 0,
            "equity": null,
            "current_ratio": null,
            "debt_ratio": null,
            "inventory_turnover_ratio": null,
            "account_receivable_turnover_ratio": null,
            "reinvestment_rate": null,
            "research_to_sale_ratio": null,
            "price_fair": 0,
            "eps_avg_yearly": 0,
            "eps_latest_yearly": 0,
            "eps_growth_yearly": 0
        },
        "20034": {
            "year_quarter": 20034,
            "year": 2003,
            "quarter": 4,
            "eps": null,
            "eps_growth_year": null,
            "eps_4q": null,
            "eps_4q_growth_year": null,
            "roe": null,
            "roe_4q": 0,
            "gross_profit": null,
            "gross_margin": null,
            "gross_margin_4q_avg": 0,
            "net_income": null,
            "net_income_4q": null,
            "revenue": null,
            "revenue_4q": null,
            "common_shares": null,
            "book_valuer_per_share": null,
            "book_valuer_per_share_4q_avg": 0,
            "equity": null,
            "current_ratio": null,
            "debt_ratio": null,
            "inventory_turnover_ratio": null,
            "account_receivable_turnover_ratio": null,
            "reinvestment_rate": null,
            "research_to_sale_ratio": null,
            "price_fair": 0,
            "eps_avg_yearly": 0,
            "eps_latest_yearly": 0,
            "eps_growth_yearly": 0
        },
        "20041": {
            "year_quarter": 20041,
            "year": 2004,
            "quarter": 1,
            "eps": null,
            "eps_growth_year": null,
            "eps_4q": null,
            "eps_4q_growth_year": null,
            "roe": null,
            "roe_4q": 0,
            "gross_profit": null,
            "gross_margin": null,
            "gross_margin_4q_avg": 0,
            "net_income": null,
            "net_income_4q": null,
            "revenue": null,
            "revenue_4q": null,
            "common_shares": null,
            "book_valuer_per_share": null,
            "book_valuer_per_share_4q_avg": 0,
            "equity": null,
            "current_ratio": null,
            "debt_ratio": null,
            "inventory_turnover_ratio": null,
            "account_receivable_turnover_ratio": null,
            "reinvestment_rate": null,
            "research_to_sale_ratio": null,
            "price_fair": 0,
            "eps_avg_yearly": 0,
            "eps_latest_yearly": 0,
            "eps_growth_yearly": 0
        },
        "20042": {
            "year_quarter": 20042,
            "year": 2004,
            "quarter": 2,
            "eps": null,
            "eps_growth_year": null,
            "eps_4q": null,
            "eps_4q_growth_year": null,
            "roe": null,
            "roe_4q": 0,
            "gross_profit": null,
            "gross_margin": null,
            "gross_margin_4q_avg": 0,
            "net_income": null,
            "net_income_4q": null,
            "revenue": null,
            "revenue_4q": null,
            "common_shares": null,
            "book_valuer_per_share": null,
            "book_valuer_per_share_4q_avg": 0,
            "equity": null,
            "current_ratio": null,
            "debt_ratio": null,
            "inventory_turnover_ratio": null,
            "account_receivable_turnover_ratio": null,
            "reinvestment_rate": null,
            "research_to_sale_ratio": null,
            "price_fair": 0,
            "eps_avg_yearly": 0,
            "eps_latest_yearly": 0,
            "eps_growth_yearly": 0
        },
        "20043": {
            "year_quarter": 20043,
            "year": 2004,
            "quarter": 3,
            "eps": null,
            "eps_growth_year": null,
            "eps_4q": null,
            "eps_4q_growth_year": null,
            "roe": null,
            "roe_4q": 0,
            "gross_profit": null,
            "gross_margin": null,
            "gross_margin_4q_avg": 0,
            "net_income": null,
            "net_income_4q": null,
            "revenue": null,
            "revenue_4q": null,
            "common_shares": null,
            "book_valuer_per_share": null,
            "book_valuer_per_share_4q_avg": 0,
            "equity": null,
            "current_ratio": null,
            "debt_ratio": null,
            "inventory_turnover_ratio": null,
            "account_receivable_turnover_ratio": null,
            "reinvestment_rate": null,
            "research_to_sale_ratio": null,
            "price_fair": 0,
            "eps_avg_yearly": 0,
            "eps_latest_yearly": 0,
            "eps_growth_yearly": 0
        },
        "20044": {
            "year_quarter": 20044,
            "year": 2004,
            "quarter": 4,
            "eps": null,
            "eps_growth_year": null,
            "eps_4q": null,
            "eps_4q_growth_year": null,
            "roe": null,
            "roe_4q": 0,
            "gross_profit": null,
            "gross_margin": null,
            "gross_margin_4q_avg": 0,
            "net_income": null,
            "net_income_4q": null,
            "revenue": null,
            "revenue_4q": null,
            "common_shares": null,
            "book_valuer_per_share": null,
            "book_valuer_per_share_4q_avg": 0,
            "equity": null,
            "current_ratio": null,
            "debt_ratio": null,
            "inventory_turnover_ratio": null,
            "account_receivable_turnover_ratio": null,
            "reinvestment_rate": null,
            "research_to_sale_ratio": null,
            "price_fair": 0,
            "eps_avg_yearly": 0,
            "eps_latest_yearly": 0,
            "eps_growth_yearly": 0
        },
        "20051": {
            "year_quarter": 20051,
            "year": 2005,
            "quarter": 1,
            "eps": null,
            "eps_growth_year": null,
            "eps_4q": null,
            "eps_4q_growth_year": null,
            "roe": null,
            "roe_4q": 0,
            "gross_profit": null,
            "gross_margin": null,
            "gross_margin_4q_avg": 0,
            "net_income": null,
            "net_income_4q": null,
            "revenue": null,
            "revenue_4q": null,
            "common_shares": null,
            "book_valuer_per_share": null,
            "book_valuer_per_share_4q_avg": 0,
            "equity": null,
            "current_ratio": null,
            "debt_ratio": null,
            "inventory_turnover_ratio": null,
            "account_receivable_turnover_ratio": null,
            "reinvestment_rate": null,
            "research_to_sale_ratio": null,
            "price_fair": 0,
            "eps_avg_yearly": 0,
            "eps_latest_yearly": 0,
            "eps_growth_yearly": 0
        },
        "20052": {
            "year_quarter": 20052,
            "year": 2005,
            "quarter": 2,
            "eps": null,
            "eps_growth_year": null,
            "eps_4q": null,
            "eps_4q_growth_year": null,
            "roe": null,
            "roe_4q": 0,
            "gross_profit": null,
            "gross_margin": null,
            "gross_margin_4q_avg": 0,
            "net_income": null,
            "net_income_4q": null,
            "revenue": null,
            "revenue_4q": null,
            "common_shares": null,
            "book_valuer_per_share": null,
            "book_valuer_per_share_4q_avg": 0,
            "equity": null,
            "current_ratio": null,
            "debt_ratio": null,
            "inventory_turnover_ratio": null,
            "account_receivable_turnover_ratio": null,
            "reinvestment_rate": null,
            "research_to_sale_ratio": null,
            "price_fair": 0,
            "eps_avg_yearly": 0,
            "eps_latest_yearly": 0,
            "eps_growth_yearly": 0
        },
        "20053": {
            "year_quarter": 20053,
            "year": 2005,
            "quarter": 3,
            "eps": null,
            "eps_growth_year": null,
            "eps_4q": null,
            "eps_4q_growth_year": null,
            "roe": null,
            "roe_4q": 0,
            "gross_profit": null,
            "gross_margin": null,
            "gross_margin_4q_avg": 0,
            "net_income": null,
            "net_income_4q": null,
            "revenue": null,
            "revenue_4q": null,
            "common_shares": null,
            "book_valuer_per_share": null,
            "book_valuer_per_share_4q_avg": 0,
            "equity": null,
            "current_ratio": null,
            "debt_ratio": null,
            "inventory_turnover_ratio": null,
            "account_receivable_turnover_ratio": null,
            "reinvestment_rate": null,
            "research_to_sale_ratio": null,
            "price_fair": 0,
            "eps_avg_yearly": 0,
            "eps_latest_yearly": 0,
            "eps_growth_yearly": 0
        },
        "20054": {
            "year_quarter": 20054,
            "year": 2005,
            "quarter": 4,
            "eps": null,
            "eps_growth_year": null,
            "eps_4q": null,
            "eps_4q_growth_year": null,
            "roe": null,
            "roe_4q": 0,
            "gross_profit": null,
            "gross_margin": null,
            "gross_margin_4q_avg": 0,
            "net_income": null,
            "net_income_4q": null,
            "revenue": null,
            "revenue_4q": null,
            "common_shares": null,
            "book_valuer_per_share": null,
            "book_valuer_per_share_4q_avg": 0,
            "equity": null,
            "current_ratio": null,
            "debt_ratio": null,
            "inventory_turnover_ratio": null,
            "account_receivable_turnover_ratio": null,
            "reinvestment_rate": null,
            "research_to_sale_ratio": null,
            "price_fair": 0,
            "eps_avg_yearly": 0,
            "eps_latest_yearly": 0,
            "eps_growth_yearly": 0
        },
        "20061": {
            "year_quarter": 20061,
            "year": 2006,
            "quarter": 1,
            "eps": null,
            "eps_growth_year": null,
            "eps_4q": null,
            "eps_4q_growth_year": null,
            "roe": null,
            "roe_4q": 0,
            "gross_profit": null,
            "gross_margin": null,
            "gross_margin_4q_avg": 0,
            "net_income": null,
            "net_income_4q": null,
            "revenue": null,
            "revenue_4q": null,
            "common_shares": null,
            "book_valuer_per_share": null,
            "book_valuer_per_share_4q_avg": 0,
            "equity": null,
            "current_ratio": null,
            "debt_ratio": null,
            "inventory_turnover_ratio": null,
            "account_receivable_turnover_ratio": null,
            "reinvestment_rate": null,
            "research_to_sale_ratio": null,
            "price_fair": 0,
            "eps_avg_yearly": 0,
            "eps_latest_yearly": 0,
            "eps_growth_yearly": 0
        },
        "20062": {
            "year_quarter": 20062,
            "year": 2006,
            "quarter": 2,
            "eps": null,
            "eps_growth_year": null,
            "eps_4q": null,
            "eps_4q_growth_year": null,
            "roe": null,
            "roe_4q": 0,
            "gross_profit": null,
            "gross_margin": null,
            "gross_margin_4q_avg": 0,
            "net_income": null,
            "net_income_4q": null,
            "revenue": null,
            "revenue_4q": null,
            "common_shares": null,
            "book_valuer_per_share": null,
            "book_valuer_per_share_4q_avg": 0,
            "equity": null,
            "current_ratio": null,
            "debt_ratio": null,
            "inventory_turnover_ratio": null,
            "account_receivable_turnover_ratio": null,
            "reinvestment_rate": null,
            "research_to_sale_ratio": null,
            "price_fair": 0,
            "eps_avg_yearly": 0,
            "eps_latest_yearly": 0,
            "eps_growth_yearly": 0
        },
        "20063": {
            "year_quarter": 20063,
            "year": 2006,
            "quarter": 3,
            "eps": null,
            "eps_growth_year": null,
            "eps_4q": null,
            "eps_4q_growth_year": null,
            "roe": null,
            "roe_4q": 0,
            "gross_profit": null,
            "gross_margin": null,
            "gross_margin_4q_avg": 0,
            "net_income": null,
            "net_income_4q": null,
            "revenue": null,
            "revenue_4q": null,
            "common_shares": null,
            "book_valuer_per_share": null,
            "book_valuer_per_share_4q_avg": 0,
            "equity": null,
            "current_ratio": null,
            "debt_ratio": null,
            "inventory_turnover_ratio": null,
            "account_receivable_turnover_ratio": null,
            "reinvestment_rate": null,
            "research_to_sale_ratio": null,
            "price_fair": 0,
            "eps_avg_yearly": 0,
            "eps_latest_yearly": 0,
            "eps_growth_yearly": 0
        },
        "20064": {
            "year_quarter": 20064,
            "year": 2006,
            "quarter": 4,
            "eps": null,
            "eps_growth_year": null,
            "eps_4q": null,
            "eps_4q_growth_year": null,
            "roe": null,
            "roe_4q": 0,
            "gross_profit": null,
            "gross_margin": null,
            "gross_margin_4q_avg": 0,
            "net_income": null,
            "net_income_4q": null,
            "revenue": null,
            "revenue_4q": null,
            "common_shares": null,
            "book_valuer_per_share": null,
            "book_valuer_per_share_4q_avg": 0,
            "equity": null,
            "current_ratio": null,
            "debt_ratio": null,
            "inventory_turnover_ratio": null,
            "account_receivable_turnover_ratio": null,
            "reinvestment_rate": null,
            "research_to_sale_ratio": null,
            "price_fair": 0,
            "eps_avg_yearly": 0,
            "eps_latest_yearly": 0,
            "eps_growth_yearly": 0
        },
        "20071": {
            "year_quarter": 20071,
            "year": 2007,
            "quarter": 1,
            "eps": null,
            "eps_growth_year": null,
            "eps_4q": null,
            "eps_4q_growth_year": null,
            "roe": null,
            "roe_4q": 0,
            "gross_profit": null,
            "gross_margin": null,
            "gross_margin_4q_avg": 0,
            "net_income": null,
            "net_income_4q": null,
            "revenue": null,
            "revenue_4q": null,
            "common_shares": null,
            "book_valuer_per_share": null,
            "book_valuer_per_share_4q_avg": 0,
            "equity": null,
            "current_ratio": null,
            "debt_ratio": null,
            "inventory_turnover_ratio": null,
            "account_receivable_turnover_ratio": null,
            "reinvestment_rate": null,
            "research_to_sale_ratio": null,
            "price_fair": 0,
            "eps_avg_yearly": 0,
            "eps_latest_yearly": 0,
            "eps_growth_yearly": 0
        },
        "20072": {
            "year_quarter": 20072,
            "year": 2007,
            "quarter": 2,
            "eps": null,
            "eps_growth_year": null,
            "eps_4q": null,
            "eps_4q_growth_year": null,
            "roe": null,
            "roe_4q": 0,
            "gross_profit": null,
            "gross_margin": null,
            "gross_margin_4q_avg": 0,
            "net_income": null,
            "net_income_4q": null,
            "revenue": null,
            "revenue_4q": null,
            "common_shares": null,
            "book_valuer_per_share": null,
            "book_valuer_per_share_4q_avg": 0,
            "equity": null,
            "current_ratio": null,
            "debt_ratio": null,
            "inventory_turnover_ratio": null,
            "account_receivable_turnover_ratio": null,
            "reinvestment_rate": null,
            "research_to_sale_ratio": null,
            "price_fair": 0,
            "eps_avg_yearly": 0,
            "eps_latest_yearly": 0,
            "eps_growth_yearly": 0
        },
        "20073": {
            "year_quarter": 20073,
            "year": 2007,
            "quarter": 3,
            "eps": null,
            "eps_growth_year": null,
            "eps_4q": null,
            "eps_4q_growth_year": null,
            "roe": null,
            "roe_4q": 0,
            "gross_profit": null,
            "gross_margin": null,
            "gross_margin_4q_avg": 0,
            "net_income": null,
            "net_income_4q": null,
            "revenue": null,
            "revenue_4q": null,
            "common_shares": null,
            "book_valuer_per_share": null,
            "book_valuer_per_share_4q_avg": 0,
            "equity": null,
            "current_ratio": null,
            "debt_ratio": null,
            "inventory_turnover_ratio": null,
            "account_receivable_turnover_ratio": null,
            "reinvestment_rate": null,
            "research_to_sale_ratio": null,
            "price_fair": 0,
            "eps_avg_yearly": 0,
            "eps_latest_yearly": 0,
            "eps_growth_yearly": 0
        },
        "20074": {
            "year_quarter": 20074,
            "year": 2007,
            "quarter": 4,
            "eps": null,
            "eps_growth_year": null,
            "eps_4q": null,
            "eps_4q_growth_year": null,
            "roe": null,
            "roe_4q": 0,
            "gross_profit": null,
            "gross_margin": null,
            "gross_margin_4q_avg": 0,
            "net_income": null,
            "net_income_4q": null,
            "revenue": null,
            "revenue_4q": null,
            "common_shares": null,
            "book_valuer_per_share": null,
            "book_valuer_per_share_4q_avg": 0,
            "equity": null,
            "current_ratio": null,
            "debt_ratio": null,
            "inventory_turnover_ratio": null,
            "account_receivable_turnover_ratio": null,
            "reinvestment_rate": null,
            "research_to_sale_ratio": null,
            "price_fair": 0,
            "eps_avg_yearly": 0,
            "eps_latest_yearly": 0,
            "eps_growth_yearly": 0
        },
        "20081": {
            "year_quarter": 20081,
            "year": 2008,
            "quarter": 1,
            "eps": null,
            "eps_growth_year": null,
            "eps_4q": null,
            "eps_4q_growth_year": null,
            "roe": null,
            "roe_4q": 0,
            "gross_profit": null,
            "gross_margin": null,
            "gross_margin_4q_avg": 0,
            "net_income": null,
            "net_income_4q": null,
            "revenue": null,
            "revenue_4q": null,
            "common_shares": null,
            "book_valuer_per_share": null,
            "book_valuer_per_share_4q_avg": 0,
            "equity": null,
            "current_ratio": null,
            "debt_ratio": null,
            "inventory_turnover_ratio": null,
            "account_receivable_turnover_ratio": null,
            "reinvestment_rate": null,
            "research_to_sale_ratio": null,
            "price_fair": 0,
            "eps_avg_yearly": 0,
            "eps_latest_yearly": 0,
            "eps_growth_yearly": 0
        },
        "20082": {
            "year_quarter": 20082,
            "year": 2008,
            "quarter": 2,
            "eps": null,
            "eps_growth_year": null,
            "eps_4q": null,
            "eps_4q_growth_year": null,
            "roe": null,
            "roe_4q": 0,
            "gross_profit": null,
            "gross_margin": null,
            "gross_margin_4q_avg": 0,
            "net_income": null,
            "net_income_4q": null,
            "revenue": null,
            "revenue_4q": null,
            "common_shares": null,
            "book_valuer_per_share": null,
            "book_valuer_per_share_4q_avg": 0,
            "equity": null,
            "current_ratio": null,
            "debt_ratio": null,
            "inventory_turnover_ratio": null,
            "account_receivable_turnover_ratio": null,
            "reinvestment_rate": null,
            "research_to_sale_ratio": null,
            "price_fair": 0,
            "eps_avg_yearly": 0,
            "eps_latest_yearly": 0,
            "eps_growth_yearly": 0
        },
        "20083": {
            "year_quarter": 20083,
            "year": 2008,
            "quarter": 3,
            "eps": null,
            "eps_growth_year": null,
            "eps_4q": null,
            "eps_4q_growth_year": null,
            "roe": null,
            "roe_4q": 0,
            "gross_profit": null,
            "gross_margin": null,
            "gross_margin_4q_avg": 0,
            "net_income": null,
            "net_income_4q": null,
            "revenue": null,
            "revenue_4q": null,
            "common_shares": null,
            "book_valuer_per_share": null,
            "book_valuer_per_share_4q_avg": 0,
            "equity": null,
            "current_ratio": null,
            "debt_ratio": null,
            "inventory_turnover_ratio": null,
            "account_receivable_turnover_ratio": null,
            "reinvestment_rate": null,
            "research_to_sale_ratio": null,
            "price_fair": 0,
            "eps_avg_yearly": 0,
            "eps_latest_yearly": 0,
            "eps_growth_yearly": 0
        },
        "20084": {
            "year_quarter": 20084,
            "year": 2008,
            "quarter": 4,
            "eps": null,
            "eps_growth_year": null,
            "eps_4q": null,
            "eps_4q_growth_year": null,
            "roe": null,
            "roe_4q": 0,
            "gross_profit": null,
            "gross_margin": null,
            "gross_margin_4q_avg": 0,
            "net_income": null,
            "net_income_4q": null,
            "revenue": null,
            "revenue_4q": null,
            "common_shares": null,
            "book_valuer_per_share": null,
            "book_valuer_per_share_4q_avg": 0,
            "equity": null,
            "current_ratio": null,
            "debt_ratio": null,
            "inventory_turnover_ratio": null,
            "account_receivable_turnover_ratio": null,
            "reinvestment_rate": null,
            "research_to_sale_ratio": null,
            "price_fair": 0,
            "eps_avg_yearly": 0,
            "eps_latest_yearly": 0,
            "eps_growth_yearly": 0
        },
        "20091": {
            "year_quarter": 20091,
            "year": 2009,
            "quarter": 1,
            "eps": null,
            "eps_growth_year": null,
            "eps_4q": null,
            "eps_4q_growth_year": null,
            "roe": null,
            "roe_4q": 0,
            "gross_profit": null,
            "gross_margin": null,
            "gross_margin_4q_avg": 0,
            "net_income": null,
            "net_income_4q": null,
            "revenue": null,
            "revenue_4q": null,
            "common_shares": null,
            "book_valuer_per_share": null,
            "book_valuer_per_share_4q_avg": 0,
            "equity": null,
            "current_ratio": null,
            "debt_ratio": null,
            "inventory_turnover_ratio": null,
            "account_receivable_turnover_ratio": null,
            "reinvestment_rate": null,
            "research_to_sale_ratio": null,
            "price_fair": 0,
            "eps_avg_yearly": 0,
            "eps_latest_yearly": 0,
            "eps_growth_yearly": 0
        },
        "20092": {
            "year_quarter": 20092,
            "year": 2009,
            "quarter": 2,
            "eps": null,
            "eps_growth_year": null,
            "eps_4q": null,
            "eps_4q_growth_year": null,
            "roe": null,
            "roe_4q": 0,
            "gross_profit": null,
            "gross_margin": null,
            "gross_margin_4q_avg": 0,
            "net_income": null,
            "net_income_4q": null,
            "revenue": null,
            "revenue_4q": null,
            "common_shares": null,
            "book_valuer_per_share": null,
            "book_valuer_per_share_4q_avg": 0,
            "equity": null,
            "current_ratio": null,
            "debt_ratio": null,
            "inventory_turnover_ratio": null,
            "account_receivable_turnover_ratio": null,
            "reinvestment_rate": null,
            "research_to_sale_ratio": null,
            "price_fair": 0,
            "eps_avg_yearly": 0,
            "eps_latest_yearly": 0,
            "eps_growth_yearly": 0
        },
        "20093": {
            "year_quarter": 20093,
            "year": 2009,
            "quarter": 3,
            "eps": null,
            "eps_growth_year": null,
            "eps_4q": null,
            "eps_4q_growth_year": null,
            "roe": null,
            "roe_4q": 0,
            "gross_profit": null,
            "gross_margin": null,
            "gross_margin_4q_avg": 0,
            "net_income": null,
            "net_income_4q": null,
            "revenue": null,
            "revenue_4q": null,
            "common_shares": null,
            "book_valuer_per_share": null,
            "book_valuer_per_share_4q_avg": 0,
            "equity": null,
            "current_ratio": null,
            "debt_ratio": null,
            "inventory_turnover_ratio": null,
            "account_receivable_turnover_ratio": null,
            "reinvestment_rate": null,
            "research_to_sale_ratio": null,
            "price_fair": 0,
            "eps_avg_yearly": 0,
            "eps_latest_yearly": 0,
            "eps_growth_yearly": 0
        },
        "20094": {
            "year_quarter": 20094,
            "year": 2009,
            "quarter": 4,
            "eps": null,
            "eps_growth_year": null,
            "eps_4q": null,
            "eps_4q_growth_year": null,
            "roe": null,
            "roe_4q": 0,
            "gross_profit": null,
            "gross_margin": null,
            "gross_margin_4q_avg": 0,
            "net_income": null,
            "net_income_4q": null,
            "revenue": null,
            "revenue_4q": null,
            "common_shares": 152350,
            "book_valuer_per_share": 15.68,
            "book_valuer_per_share_4q_avg": 3.92,
            "equity": 238954,
            "current_ratio": 115.66,
            "debt_ratio": 57.5,
            "inventory_turnover_ratio": null,
            "account_receivable_turnover_ratio": null,
            "reinvestment_rate": null,
            "research_to_sale_ratio": null,
            "price_fair": 0,
            "eps_avg_yearly": 0,
            "eps_latest_yearly": 0,
            "eps_growth_yearly": 0
        },
        "20101": {
            "year_quarter": 20101,
            "year": 2010,
            "quarter": 1,
            "eps": null,
            "eps_growth_year": null,
            "eps_4q": null,
            "eps_4q_growth_year": null,
            "roe": null,
            "roe_4q": 0,
            "gross_profit": null,
            "gross_margin": null,
            "gross_margin_4q_avg": 0,
            "net_income": null,
            "net_income_4q": null,
            "revenue": null,
            "revenue_4q": null,
            "common_shares": null,
            "book_valuer_per_share": null,
            "book_valuer_per_share_4q_avg": 3.92,
            "equity": null,
            "current_ratio": null,
            "debt_ratio": null,
            "inventory_turnover_ratio": null,
            "account_receivable_turnover_ratio": null,
            "reinvestment_rate": null,
            "research_to_sale_ratio": null,
            "price_fair": 0,
            "eps_avg_yearly": 0,
            "eps_latest_yearly": 0,
            "eps_growth_yearly": 0
        },
        "20102": {
            "year_quarter": 20102,
            "year": 2010,
            "quarter": 2,
            "eps": null,
            "eps_growth_year": null,
            "eps_4q": null,
            "eps_4q_growth_year": null,
            "roe": null,
            "roe_4q": 0,
            "gross_profit": null,
            "gross_margin": null,
            "gross_margin_4q_avg": 0,
            "net_income": null,
            "net_income_4q": null,
            "revenue": null,
            "revenue_4q": null,
            "common_shares": null,
            "book_valuer_per_share": null,
            "book_valuer_per_share_4q_avg": 3.92,
            "equity": null,
            "current_ratio": null,
            "debt_ratio": null,
            "inventory_turnover_ratio": null,
            "account_receivable_turnover_ratio": null,
            "reinvestment_rate": null,
            "research_to_sale_ratio": null,
            "price_fair": 0,
            "eps_avg_yearly": 0,
            "eps_latest_yearly": 0,
            "eps_growth_yearly": 0
        },
        "20103": {
            "year_quarter": 20103,
            "year": 2010,
            "quarter": 3,
            "eps": null,
            "eps_growth_year": null,
            "eps_4q": null,
            "eps_4q_growth_year": null,
            "roe": null,
            "roe_4q": 0,
            "gross_profit": null,
            "gross_margin": null,
            "gross_margin_4q_avg": 0,
            "net_income": null,
            "net_income_4q": null,
            "revenue": null,
            "revenue_4q": null,
            "common_shares": null,
            "book_valuer_per_share": null,
            "book_valuer_per_share_4q_avg": 3.92,
            "equity": null,
            "current_ratio": null,
            "debt_ratio": null,
            "inventory_turnover_ratio": null,
            "account_receivable_turnover_ratio": null,
            "reinvestment_rate": null,
            "research_to_sale_ratio": null,
            "price_fair": 0,
            "eps_avg_yearly": 0,
            "eps_latest_yearly": 0,
            "eps_growth_yearly": 0
        },
        "20104": {
            "year_quarter": 20104,
            "year": 2010,
            "quarter": 4,
            "eps": null,
            "eps_growth_year": null,
            "eps_4q": null,
            "eps_4q_growth_year": null,
            "roe": null,
            "roe_4q": 0,
            "gross_profit": null,
            "gross_margin": null,
            "gross_margin_4q_avg": 0,
            "net_income": null,
            "net_income_4q": null,
            "revenue": null,
            "revenue_4q": null,
            "common_shares": 152350,
            "book_valuer_per_share": 13.82,
            "book_valuer_per_share_4q_avg": 3.46,
            "equity": 210576,
            "current_ratio": 91.46,
            "debt_ratio": 64.95,
            "inventory_turnover_ratio": null,
            "account_receivable_turnover_ratio": null,
            "reinvestment_rate": null,
            "research_to_sale_ratio": null,
            "price_fair": 0,
            "eps_avg_yearly": 0,
            "eps_latest_yearly": 0,
            "eps_growth_yearly": 0
        },
        "20111": {
            "year_quarter": 20111,
            "year": 2011,
            "quarter": 1,
            "eps": null,
            "eps_growth_year": null,
            "eps_4q": null,
            "eps_4q_growth_year": null,
            "roe": null,
            "roe_4q": 0,
            "gross_profit": null,
            "gross_margin": null,
            "gross_margin_4q_avg": 0,
            "net_income": null,
            "net_income_4q": null,
            "revenue": null,
            "revenue_4q": null,
            "common_shares": null,
            "book_valuer_per_share": null,
            "book_valuer_per_share_4q_avg": 3.46,
            "equity": null,
            "current_ratio": null,
            "debt_ratio": null,
            "inventory_turnover_ratio": null,
            "account_receivable_turnover_ratio": null,
            "reinvestment_rate": null,
            "research_to_sale_ratio": null,
            "price_fair": 0,
            "eps_avg_yearly": 0,
            "eps_latest_yearly": 0,
            "eps_growth_yearly": 0
        },
        "20112": {
            "year_quarter": 20112,
            "year": 2011,
            "quarter": 2,
            "eps": null,
            "eps_growth_year": null,
            "eps_4q": null,
            "eps_4q_growth_year": null,
            "roe": null,
            "roe_4q": 0,
            "gross_profit": null,
            "gross_margin": null,
            "gross_margin_4q_avg": 0,
            "net_income": null,
            "net_income_4q": null,
            "revenue": null,
            "revenue_4q": null,
            "common_shares": 152350,
            "book_valuer_per_share": null,
            "book_valuer_per_share_4q_avg": 3.46,
            "equity": 235113,
            "current_ratio": null,
            "debt_ratio": null,
            "inventory_turnover_ratio": null,
            "account_receivable_turnover_ratio": null,
            "reinvestment_rate": null,
            "research_to_sale_ratio": null,
            "price_fair": 0,
            "eps_avg_yearly": 0,
            "eps_latest_yearly": 0,
            "eps_growth_yearly": 0
        },
        "20113": {
            "year_quarter": 20113,
            "year": 2011,
            "quarter": 3,
            "eps": null,
            "eps_growth_year": null,
            "eps_4q": null,
            "eps_4q_growth_year": null,
            "roe": null,
            "roe_4q": 0,
            "gross_profit": null,
            "gross_margin": null,
            "gross_margin_4q_avg": 0,
            "net_income": null,
            "net_income_4q": null,
            "revenue": null,
            "revenue_4q": null,
            "common_shares": null,
            "book_valuer_per_share": null,
            "book_valuer_per_share_4q_avg": 3.46,
            "equity": null,
            "current_ratio": null,
            "debt_ratio": null,
            "inventory_turnover_ratio": null,
            "account_receivable_turnover_ratio": null,
            "reinvestment_rate": null,
            "research_to_sale_ratio": null,
            "price_fair": 0,
            "eps_avg_yearly": 0,
            "eps_latest_yearly": 0,
            "eps_growth_yearly": 0
        },
        "20114": {
            "year_quarter": 20114,
            "year": 2011,
            "quarter": 4,
            "eps": null,
            "eps_growth_year": null,
            "eps_4q": null,
            "eps_4q_growth_year": null,
            "roe": null,
            "roe_4q": 0,
            "gross_profit": null,
            "gross_margin": null,
            "gross_margin_4q_avg": 0,
            "net_income": null,
            "net_income_4q": null,
            "revenue": null,
            "revenue_4q": null,
            "common_shares": 152350,
            "book_valuer_per_share": 16.95,
            "book_valuer_per_share_4q_avg": 4.24,
            "equity": 253411,
            "current_ratio": 125.01,
            "debt_ratio": 63.56,
            "inventory_turnover_ratio": null,
            "account_receivable_turnover_ratio": null,
            "reinvestment_rate": null,
            "research_to_sale_ratio": null,
            "price_fair": 0,
            "eps_avg_yearly": 0,
            "eps_latest_yearly": 0,
            "eps_growth_yearly": 0
        },
        "20121": {
            "year_quarter": 20121,
            "year": 2012,
            "quarter": 1,
            "eps": null,
            "eps_growth_year": null,
            "eps_4q": null,
            "eps_4q_growth_year": null,
            "roe": null,
            "roe_4q": 0,
            "gross_profit": null,
            "gross_margin": null,
            "gross_margin_4q_avg": 0,
            "net_income": null,
            "net_income_4q": null,
            "revenue": null,
            "revenue_4q": null,
            "common_shares": null,
            "book_valuer_per_share": null,
            "book_valuer_per_share_4q_avg": 4.24,
            "equity": null,
            "current_ratio": null,
            "debt_ratio": null,
            "inventory_turnover_ratio": null,
            "account_receivable_turnover_ratio": null,
            "reinvestment_rate": null,
            "research_to_sale_ratio": null,
            "price_fair": 0,
            "eps_avg_yearly": 0,
            "eps_latest_yearly": 0,
            "eps_growth_yearly": 0
        },
        "20122": {
            "year_quarter": 20122,
            "year": 2012,
            "quarter": 2,
            "eps": null,
            "eps_growth_year": null,
            "eps_4q": null,
            "eps_4q_growth_year": null,
            "roe": null,
            "roe_4q": 0,
            "gross_profit": null,
            "gross_margin": null,
            "gross_margin_4q_avg": 0,
            "net_income": null,
            "net_income_4q": null,
            "revenue": null,
            "revenue_4q": null,
            "common_shares": 154940,
            "book_valuer_per_share": 19.93,
            "book_valuer_per_share_4q_avg": 9.22,
            "equity": 303039,
            "current_ratio": 129.66,
            "debt_ratio": 61.27,
            "inventory_turnover_ratio": null,
            "account_receivable_turnover_ratio": null,
            "reinvestment_rate": null,
            "research_to_sale_ratio": null,
            "price_fair": 0,
            "eps_avg_yearly": 0,
            "eps_latest_yearly": 0,
            "eps_growth_yearly": 0
        },
        "20123": {
            "year_quarter": 20123,
            "year": 2012,
            "quarter": 3,
            "eps": null,
            "eps_growth_year": null,
            "eps_4q": null,
            "eps_4q_growth_year": null,
            "roe": null,
            "roe_4q": 0,
            "gross_profit": null,
            "gross_margin": null,
            "gross_margin_4q_avg": 0,
            "net_income": null,
            "net_income_4q": null,
            "revenue": null,
            "revenue_4q": null,
            "common_shares": null,
            "book_valuer_per_share": null,
            "book_valuer_per_share_4q_avg": 9.22,
            "equity": null,
            "current_ratio": null,
            "debt_ratio": null,
            "inventory_turnover_ratio": null,
            "account_receivable_turnover_ratio": null,
            "reinvestment_rate": null,
            "research_to_sale_ratio": null,
            "price_fair": 0,
            "eps_avg_yearly": 0,
            "eps_latest_yearly": 0,
            "eps_growth_yearly": 0
        },
        "20124": {
            "year_quarter": 20124,
            "year": 2012,
            "quarter": 4,
            "eps": null,
            "eps_growth_year": null,
            "eps_4q": null,
            "eps_4q_growth_year": null,
            "roe": null,
            "roe_4q": 0,
            "gross_profit": null,
            "gross_margin": null,
            "gross_margin_4q_avg": 0,
            "net_income": null,
            "net_income_4q": null,
            "revenue": null,
            "revenue_4q": null,
            "common_shares": 195254,
            "book_valuer_per_share": 15.59,
            "book_valuer_per_share_4q_avg": 8.88,
            "equity": 304478,
            "current_ratio": 132.01,
            "debt_ratio": 58.9,
            "inventory_turnover_ratio": null,
            "account_receivable_turnover_ratio": null,
            "reinvestment_rate": null,
            "research_to_sale_ratio": null,
            "price_fair": 0,
            "eps_avg_yearly": 0,
            "eps_latest_yearly": 0,
            "eps_growth_yearly": 0
        },
        "20131": {
            "year_quarter": 20131,
            "year": 2013,
            "quarter": 1,
            "eps": null,
            "eps_growth_year": null,
            "eps_4q": null,
            "eps_4q_growth_year": null,
            "roe": null,
            "roe_4q": 0,
            "gross_profit": 89665,
            "gross_margin": null,
            "gross_margin_4q_avg": 0,
            "net_income": 23344,
            "net_income_4q": null,
            "revenue": 342273,
            "revenue_4q": null,
            "common_shares": 237504,
            "book_valuer_per_share": 19.27,
            "book_valuer_per_share_4q_avg": 13.7,
            "equity": 457714,
            "current_ratio": 179.07,
            "debt_ratio": 49.26,
            "inventory_turnover_ratio": null,
            "account_receivable_turnover_ratio": null,
            "reinvestment_rate": null,
            "research_to_sale_ratio": null,
            "price_fair": 0,
            "eps_avg_yearly": 0,
            "eps_latest_yearly": 0,
            "eps_growth_yearly": 0
        },
        "20132": {
            "year_quarter": 20132,
            "year": 2013,
            "quarter": 2,
            "eps": 0,
            "eps_growth_year": null,
            "eps_4q": null,
            "eps_4q_growth_year": null,
            "roe": 13.27,
            "roe_4q": 13.27,
            "gross_profit": 203849,
            "gross_margin": 25.27,
            "gross_margin_4q_avg": 6.32,
            "net_income": 62044,
            "net_income_4q": null,
            "revenue": 806667,
            "revenue_4q": null,
            "common_shares": 237504,
            "book_valuer_per_share": 20.1,
            "book_valuer_per_share_4q_avg": 13.74,
            "equity": 477288,
            "current_ratio": 168.26,
            "debt_ratio": 51.63,
            "inventory_turnover_ratio": 2.9,
            "account_receivable_turnover_ratio": 12.36,
            "reinvestment_rate": null,
            "research_to_sale_ratio": 1.68,
            "price_fair": 0,
            "eps_avg_yearly": 0,
            "eps_latest_yearly": 0,
            "eps_growth_yearly": 0
        },
        "20133": {
            "year_quarter": 20133,
            "year": 2013,
            "quarter": 3,
            "eps": null,
            "eps_growth_year": null,
            "eps_4q": null,
            "eps_4q_growth_year": null,
            "roe": null,
            "roe_4q": 13.27,
            "gross_profit": 70449,
            "gross_margin": null,
            "gross_margin_4q_avg": 6.32,
            "net_income": 7865,
            "net_income_4q": null,
            "revenue": 306468,
            "revenue_4q": null,
            "common_shares": 256504,
            "book_valuer_per_share": 19.02,
            "book_valuer_per_share_4q_avg": 18.5,
            "equity": 487856,
            "current_ratio": 201.88,
            "debt_ratio": 42.41,
            "inventory_turnover_ratio": null,
            "account_receivable_turnover_ratio": null,
            "reinvestment_rate": null,
            "research_to_sale_ratio": null,
            "price_fair": 0,
            "eps_avg_yearly": 0,
            "eps_latest_yearly": 0,
            "eps_growth_yearly": 0
        },
        "20134": {
            "year_quarter": 20134,
            "year": 2013,
            "quarter": 4,
            "eps": null,
            "eps_growth_year": null,
            "eps_4q": null,
            "eps_4q_growth_year": null,
            "roe": null,
            "roe_4q": 13.27,
            "gross_profit": 61436,
            "gross_margin": null,
            "gross_margin_4q_avg": 6.32,
            "net_income": -4180,
            "net_income_4q": null,
            "revenue": 255278,
            "revenue_4q": null,
            "common_shares": 256724,
            "book_valuer_per_share": 19,
            "book_valuer_per_share_4q_avg": 19.35,
            "equity": 487799,
            "current_ratio": 196.08,
            "debt_ratio": 40.05,
            "inventory_turnover_ratio": null,
            "account_receivable_turnover_ratio": null,
            "reinvestment_rate": null,
            "research_to_sale_ratio": null,
            "price_fair": 0,
            "eps_avg_yearly": 0,
            "eps_latest_yearly": 0,
            "eps_growth_yearly": 0
        },
        "20141": {
            "year_quarter": 20141,
            "year": 2014,
            "quarter": 1,
            "eps": 0.65,
            "eps_growth_year": null,
            "eps_4q": 3.06,
            "eps_4q_growth_year": null,
            "roe": 3.34,
            "roe_4q": 16.61,
            "gross_profit": 83435,
            "gross_margin": 24.07,
            "gross_margin_4q_avg": 12.34,
            "net_income": 16614,
            "net_income_4q": null,
            "revenue": 346607,
            "revenue_4q": null,
            "common_shares": 256724,
            "book_valuer_per_share": 19.69,
            "book_valuer_per_share_4q_avg": 19.45,
            "equity": 505569,
            "current_ratio": 171.18,
            "debt_ratio": 43.52,
            "inventory_turnover_ratio": 1.23,
            "account_receivable_turnover_ratio": 4.77,
            "reinvestment_rate": null,
            "research_to_sale_ratio": 1.94,
            "price_fair": 0,
            "eps_avg_yearly": 0,
            "eps_latest_yearly": 0,
            "eps_growth_yearly": 0
        },
        "20142": {
            "year_quarter": 20142,
            "year": 2014,
            "quarter": 2,
            "eps": 0.67,
            "eps_growth_year": null,
            "eps_4q": 1.32,
            "eps_4q_growth_year": null,
            "roe": 3.44,
            "roe_4q": 6.779999999999999,
            "gross_profit": 94572,
            "gross_margin": 24.76,
            "gross_margin_4q_avg": 12.21,
            "net_income": 17167,
            "net_income_4q": null,
            "revenue": 381973,
            "revenue_4q": null,
            "common_shares": 256724,
            "book_valuer_per_share": 19.14,
            "book_valuer_per_share_4q_avg": 19.21,
            "equity": 491432,
            "current_ratio": 162.38,
            "debt_ratio": 44.2,
            "inventory_turnover_ratio": 1.3,
            "account_receivable_turnover_ratio": 4.05,
            "reinvestment_rate": null,
            "research_to_sale_ratio": 1.3,
            "price_fair": 59.78,
            "eps_avg_yearly": 2.68,
            "eps_latest_yearly": 2.68,
            "eps_growth_yearly": 12.31
        },
        "20143": {
            "year_quarter": 20143,
            "year": 2014,
            "quarter": 3,
            "eps": 0.13,
            "eps_growth_year": null,
            "eps_4q": 1.45,
            "eps_4q_growth_year": null,
            "roe": 0.69,
            "roe_4q": 7.47,
            "gross_profit": 70751,
            "gross_margin": 22.61,
            "gross_margin_4q_avg": 17.86,
            "net_income": 3387,
            "net_income_4q": null,
            "revenue": 312912,
            "revenue_4q": null,
            "common_shares": 256724,
            "book_valuer_per_share": 19.03,
            "book_valuer_per_share_4q_avg": 19.22,
            "equity": 488506,
            "current_ratio": 141.07,
            "debt_ratio": 48.92,
            "inventory_turnover_ratio": 1.03,
            "account_receivable_turnover_ratio": 3.35,
            "reinvestment_rate": null,
            "research_to_sale_ratio": 1.54,
            "price_fair": 4.8,
            "eps_avg_yearly": 1.6,
            "eps_latest_yearly": 0.52,
            "eps_growth_yearly": -155.04
        },
        "20144": {
            "year_quarter": 20144,
            "year": 2014,
            "quarter": 4,
            "eps": -0.09,
            "eps_growth_year": null,
            "eps_4q": 1.14,
            "eps_4q_growth_year": null,
            "roe": -0.48,
            "roe_4q": 6.99,
            "gross_profit": 71415,
            "gross_margin": 20.33,
            "gross_margin_4q_avg": 22.94,
            "net_income": -2758,
            "net_income_4q": null,
            "revenue": 351217,
            "revenue_4q": null,
            "common_shares": 300724,
            "book_valuer_per_share": 22.12,
            "book_valuer_per_share_4q_avg": 20,
            "equity": 665338,
            "current_ratio": 197,
            "debt_ratio": 37.41,
            "inventory_turnover_ratio": 1.07,
            "account_receivable_turnover_ratio": 4.5,
            "reinvestment_rate": null,
            "research_to_sale_ratio": 1.33,
            "price_fair": 4.8,
            "eps_avg_yearly": 1.6,
            "eps_latest_yearly": 0.52,
            "eps_growth_yearly": -155.04
        },
        "20151": {
            "year_quarter": 20151,
            "year": 2015,
            "quarter": 1,
            "eps": 0.02,
            "eps_growth_year": -96.92,
            "eps_4q": 0.61,
            "eps_4q_growth_year": -80.16,
            "roe": 0.07,
            "roe_4q": 3.7199999999999998,
            "gross_profit": 77271,
            "gross_margin": 23.98,
            "gross_margin_4q_avg": 22.92,
            "net_income": 484,
            "net_income_4q": null,
            "revenue": 322167,
            "revenue_4q": null,
            "common_shares": 300724,
            "book_valuer_per_share": 22.19,
            "book_valuer_per_share_4q_avg": 20.62,
            "equity": 667340,
            "current_ratio": 194.7,
            "debt_ratio": 37.25,
            "inventory_turnover_ratio": 0.84,
            "account_receivable_turnover_ratio": 4.26,
            "reinvestment_rate": null,
            "research_to_sale_ratio": 1.31,
            "price_fair": 4.8,
            "eps_avg_yearly": 1.6,
            "eps_latest_yearly": 0.52,
            "eps_growth_yearly": -155.04
        },
        "20152": {
            "year_quarter": 20152,
            "year": 2015,
            "quarter": 2,
            "eps": 1.68,
            "eps_growth_year": 150.75,
            "eps_4q": 1.72,
            "eps_4q_growth_year": 30.58,
            "roe": 7.5,
            "roe_4q": 7.779999999999999,
            "gross_profit": 99960,
            "gross_margin": 23.11,
            "gross_margin_4q_avg": 22.51,
            "net_income": 50558,
            "net_income_4q": null,
            "revenue": 432566,
            "revenue_4q": null,
            "common_shares": 300724,
            "book_valuer_per_share": 22.64,
            "book_valuer_per_share_4q_avg": 21.5,
            "equity": 680791,
            "current_ratio": 197.88,
            "debt_ratio": 36.93,
            "inventory_turnover_ratio": 1.16,
            "account_receivable_turnover_ratio": 4.14,
            "reinvestment_rate": null,
            "research_to_sale_ratio": 1.1,
            "price_fair": 115.73,
            "eps_avg_yearly": 3.31,
            "eps_latest_yearly": 6.72,
            "eps_growth_yearly": 10963.31
        },
        "20153": {
            "year_quarter": 20153,
            "year": 2015,
            "quarter": 3,
            "eps": 0.18,
            "eps_growth_year": 38.46,
            "eps_4q": 1.78,
            "eps_4q_growth_year": 23.28,
            "roe": 0.79,
            "roe_4q": 7.879999999999999,
            "gross_profit": 70303,
            "gross_margin": 20.28,
            "gross_margin_4q_avg": 21.93,
            "net_income": 5392,
            "net_income_4q": null,
            "revenue": 346719,
            "revenue_4q": null,
            "common_shares": 300724,
            "book_valuer_per_share": 22.73,
            "book_valuer_per_share_4q_avg": 22.42,
            "equity": 683466,
            "current_ratio": 199.71,
            "debt_ratio": 36.86,
            "inventory_turnover_ratio": 1.07,
            "account_receivable_turnover_ratio": 3.35,
            "reinvestment_rate": null,
            "research_to_sale_ratio": 1,
            "price_fair": 93.1,
            "eps_avg_yearly": 2.66,
            "eps_latest_yearly": 0.72,
            "eps_growth_yearly": 8133.19
        },
        "20154": {
            "year_quarter": 20154,
            "year": 2015,
            "quarter": 4,
            "eps": 0.44,
            "eps_growth_year": null,
            "eps_4q": 2.32,
            "eps_4q_growth_year": 102.78,
            "roe": 1.93,
            "roe_4q": 10.29,
            "gross_profit": 91536,
            "gross_margin": 24.17,
            "gross_margin_4q_avg": 22.89,
            "net_income": 13342,
            "net_income_4q": null,
            "revenue": 378757,
            "revenue_4q": null,
            "common_shares": 300724,
            "book_valuer_per_share": 23.17,
            "book_valuer_per_share_4q_avg": 22.68,
            "equity": 696742,
            "current_ratio": 194.48,
            "debt_ratio": 37.45,
            "inventory_turnover_ratio": 1.09,
            "account_receivable_turnover_ratio": 4.82,
            "reinvestment_rate": null,
            "research_to_sale_ratio": 0.75,
            "price_fair": 86.8,
            "eps_avg_yearly": 2.48,
            "eps_latest_yearly": 1.76,
            "eps_growth_yearly": 6622.11
        },
        "20161": {
            "year_quarter": 20161,
            "year": 2016,
            "quarter": 1,
            "eps": 0.21,
            "eps_growth_year": 950,
            "eps_4q": 2.45,
            "eps_4q_growth_year": 303.18,
            "roe": 0.86,
            "roe_4q": 11.08,
            "gross_profit": 93284,
            "gross_margin": 25.15,
            "gross_margin_4q_avg": 23.18,
            "net_income": 6334,
            "net_income_4q": null,
            "revenue": 370869,
            "revenue_4q": null,
            "common_shares": 308614,
            "book_valuer_per_share": 22.83,
            "book_valuer_per_share_4q_avg": 22.84,
            "equity": 769438,
            "current_ratio": 194.84,
            "debt_ratio": 37.56,
            "inventory_turnover_ratio": 1.01,
            "account_receivable_turnover_ratio": 5.05,
            "reinvestment_rate": null,
            "research_to_sale_ratio": 1.42,
            "price_fair": 77.23,
            "eps_avg_yearly": 2.21,
            "eps_latest_yearly": 0.84,
            "eps_growth_yearly": 5483.58
        },
        "20162": {
            "year_quarter": 20162,
            "year": 2016,
            "quarter": 2,
            "eps": 0.82,
            "eps_growth_year": -51.19,
            "eps_4q": 1.61,
            "eps_4q_growth_year": -6.15,
            "roe": 3.21,
            "roe_4q": 6.79,
            "gross_profit": 112302,
            "gross_margin": 24.59,
            "gross_margin_4q_avg": 23.55,
            "net_income": 24689,
            "net_income_4q": null,
            "revenue": 456733,
            "revenue_4q": null,
            "common_shares": 308614,
            "book_valuer_per_share": 22.75,
            "book_valuer_per_share_4q_avg": 22.87,
            "equity": 767013,
            "current_ratio": 180.36,
            "debt_ratio": 39.45,
            "inventory_turnover_ratio": 1.34,
            "account_receivable_turnover_ratio": 5.82,
            "reinvestment_rate": null,
            "research_to_sale_ratio": 2.24,
            "price_fair": 82.6,
            "eps_avg_yearly": 2.36,
            "eps_latest_yearly": 3.28,
            "eps_growth_yearly": 4866.2
        },
        "20163": {
            "year_quarter": 20163,
            "year": 2016,
            "quarter": 3,
            "eps": 0.01,
            "eps_growth_year": -94.44,
            "eps_4q": 1.41,
            "eps_4q_growth_year": -20.81,
            "roe": 0.03,
            "roe_4q": 6.029999999999999,
            "gross_profit": 79417,
            "gross_margin": 24.62,
            "gross_margin_4q_avg": 24.63,
            "net_income": 236,
            "net_income_4q": null,
            "revenue": 322633,
            "revenue_4q": null,
            "common_shares": 315604,
            "book_valuer_per_share": 22.35,
            "book_valuer_per_share_4q_avg": 22.78,
            "equity": 769305,
            "current_ratio": 179.68,
            "debt_ratio": 43.67,
            "inventory_turnover_ratio": 0.97,
            "account_receivable_turnover_ratio": 4.24,
            "reinvestment_rate": null,
            "research_to_sale_ratio": 3.31,
            "price_fair": 72.45,
            "eps_avg_yearly": 2.07,
            "eps_latest_yearly": 0.04,
            "eps_growth_yearly": 4208.53
        },
        "20164": {
            "year_quarter": 20164,
            "year": 2016,
            "quarter": 4,
            "eps": 0.03,
            "eps_growth_year": -92.17,
            "eps_4q": 1.03,
            "eps_4q_growth_year": -55.8,
            "roe": 0.14,
            "roe_4q": 4.24,
            "gross_profit": 79201,
            "gross_margin": 22.11,
            "gross_margin_4q_avg": 24.12,
            "net_income": 1105,
            "net_income_4q": null,
            "revenue": 358256,
            "revenue_4q": null,
            "common_shares": 315604,
            "book_valuer_per_share": 22.71,
            "book_valuer_per_share_4q_avg": 22.66,
            "equity": 847479,
            "current_ratio": 151.86,
            "debt_ratio": 41.59,
            "inventory_turnover_ratio": 1.05,
            "account_receivable_turnover_ratio": 4.94,
            "reinvestment_rate": 81.44,
            "research_to_sale_ratio": 3.79,
            "price_fair": 64.87,
            "eps_avg_yearly": 1.85,
            "eps_latest_yearly": 0.12,
            "eps_growth_yearly": 3829.81
        },
        "20171": {
            "year_quarter": 20171,
            "year": 2017,
            "quarter": 1,
            "eps": -0.26,
            "eps_growth_year": -223.81,
            "eps_4q": 0.59,
            "eps_4q_growth_year": -75.96,
            "roe": -0.95,
            "roe_4q": 2.43,
            "gross_profit": 74244,
            "gross_margin": 22.58,
            "gross_margin_4q_avg": 23.48,
            "net_income": -7913,
            "net_income_4q": null,
            "revenue": 328762,
            "revenue_4q": null,
            "common_shares": 315604,
            "book_valuer_per_share": 22.26,
            "book_valuer_per_share_4q_avg": 22.52,
            "equity": 809813,
            "current_ratio": 150.51,
            "debt_ratio": 43.42,
            "inventory_turnover_ratio": 0.94,
            "account_receivable_turnover_ratio": 3.36,
            "reinvestment_rate": 101.69,
            "research_to_sale_ratio": 2.32,
            "price_fair": 64.87,
            "eps_avg_yearly": 1.85,
            "eps_latest_yearly": 0.12,
            "eps_growth_yearly": 3829.81
        },
        "20172": {
            "year_quarter": 20172,
            "year": 2017,
            "quarter": 2,
            "eps": 0.33,
            "eps_growth_year": -59.76,
            "eps_4q": 0.1,
            "eps_4q_growth_year": -93.53,
            "roe": 1.21,
            "roe_4q": 0.43000000000000005,
            "gross_profit": 88060,
            "gross_margin": 20.97,
            "gross_margin_4q_avg": 22.57,
            "net_income": 9726,
            "net_income_4q": null,
            "revenue": 419846,
            "revenue_4q": null,
            "common_shares": 315334,
            "book_valuer_per_share": 21.73,
            "book_valuer_per_share_4q_avg": 22.26,
            "equity": 793141,
            "current_ratio": 143.31,
            "debt_ratio": 45.49,
            "inventory_turnover_ratio": 1.24,
            "account_receivable_turnover_ratio": 3.36,
            "reinvestment_rate": 140.32,
            "research_to_sale_ratio": 2.4,
            "price_fair": 64.87,
            "eps_avg_yearly": 1.85,
            "eps_latest_yearly": 0.12,
            "eps_growth_yearly": 3829.81
        },
        "20173": {
            "year_quarter": 20173,
            "year": 2017,
            "quarter": 3,
            "eps": 0.03,
            "eps_growth_year": 200,
            "eps_4q": 0.13,
            "eps_4q_growth_year": -91.1,
            "roe": 0.08,
            "roe_4q": 0.4800000000000001,
            "gross_profit": 66333,
            "gross_margin": 18.72,
            "gross_margin_4q_avg": 21.1,
            "net_income": 640,
            "net_income_4q": null,
            "revenue": 354369,
            "revenue_4q": null,
            "common_shares": 315124,
            "book_valuer_per_share": 21.87,
            "book_valuer_per_share_4q_avg": 22.14,
            "equity": 833841,
            "current_ratio": 134.22,
            "debt_ratio": 46.23,
            "inventory_turnover_ratio": 1.09,
            "account_receivable_turnover_ratio": 3.04,
            "reinvestment_rate": 142.7,
            "research_to_sale_ratio": 2.18,
            "price_fair": 58.8,
            "eps_avg_yearly": 1.68,
            "eps_latest_yearly": 0.12,
            "eps_growth_yearly": 3410.46
        },
        "20174": {
            "year_quarter": 20174,
            "year": 2017,
            "quarter": 4,
            "eps": 0.24,
            "eps_growth_year": 585.43,
            "eps_4q": 0.33,
            "eps_4q_growth_year": -68,
            "roe": 0.87,
            "roe_4q": 1.2100000000000002,
            "gross_profit": 83451,
            "gross_margin": 20.88,
            "gross_margin_4q_avg": 20.79,
            "net_income": 7298,
            "net_income_4q": null,
            "revenue": 399731,
            "revenue_4q": null,
            "common_shares": 315124,
            "book_valuer_per_share": 22.08,
            "book_valuer_per_share_4q_avg": 21.99,
            "equity": 841781,
            "current_ratio": 132.94,
            "debt_ratio": 47.68,
            "inventory_turnover_ratio": 1.18,
            "account_receivable_turnover_ratio": 4.73,
            "reinvestment_rate": 101.23,
            "research_to_sale_ratio": 1.98,
            "price_fair": 56.51,
            "eps_avg_yearly": 1.61,
            "eps_latest_yearly": 0.96,
            "eps_growth_yearly": 3354.96
        },
        "20181": {
            "year_quarter": 20181,
            "year": 2018,
            "quarter": 1,
            "eps": -0.52,
            "eps_growth_year": null,
            "eps_4q": 0.07,
            "eps_4q_growth_year": -87.36,
            "roe": -1.91,
            "roe_4q": 0.2499999999999999,
            "gross_profit": 51627,
            "gross_margin": 16.23,
            "gross_margin_4q_avg": 19.2,
            "net_income": -15838,
            "net_income_4q": null,
            "revenue": 318015,
            "revenue_4q": null,
            "common_shares": 314998,
            "book_valuer_per_share": 21.52,
            "book_valuer_per_share_4q_avg": 21.8,
            "equity": 820581,
            "current_ratio": 140.76,
            "debt_ratio": 50.15,
            "inventory_turnover_ratio": 0.91,
            "account_receivable_turnover_ratio": 4.91,
            "reinvestment_rate": 97.09,
            "research_to_sale_ratio": 2.3,
            "price_fair": 56.51,
            "eps_avg_yearly": 1.61,
            "eps_latest_yearly": 0.96,
            "eps_growth_yearly": 3354.96
        },
        "20182": {
            "year_quarter": 20182,
            "year": 2018,
            "quarter": 2,
            "eps": 1.22,
            "eps_growth_year": 269.7,
            "eps_4q": 0.95,
            "eps_4q_growth_year": 811.44,
            "roe": 4.32,
            "roe_4q": 3.3600000000000003,
            "gross_profit": 98472,
            "gross_margin": 21.8,
            "gross_margin_4q_avg": 19.41,
            "net_income": 36248,
            "net_income_4q": null,
            "revenue": 451687,
            "revenue_4q": null,
            "common_shares": 314998,
            "book_valuer_per_share": 22.56,
            "book_valuer_per_share_4q_avg": 22.01,
            "equity": 858657,
            "current_ratio": 135.97,
            "debt_ratio": 51,
            "inventory_turnover_ratio": 1.13,
            "account_receivable_turnover_ratio": 6.21,
            "reinvestment_rate": 72.81,
            "research_to_sale_ratio": 1.93,
            "price_fair": 52.78,
            "eps_avg_yearly": 1.51,
            "eps_latest_yearly": 0.96,
            "eps_growth_yearly": 3689.23
        },
        "20183": {
            "year_quarter": 20183,
            "year": 2018,
            "quarter": 3,
            "eps": 0.71,
            "eps_growth_year": 2266.67,
            "eps_4q": 1.62,
            "eps_4q_growth_year": 1189.51,
            "roe": 2.43,
            "roe_4q": 5.71,
            "gross_profit": 95599,
            "gross_margin": 23.44,
            "gross_margin_4q_avg": 20.59,
            "net_income": 21166,
            "net_income_4q": null,
            "revenue": 407844,
            "revenue_4q": null,
            "common_shares": 314923,
            "book_valuer_per_share": 23.38,
            "book_valuer_per_share_4q_avg": 22.39,
            "equity": 884053,
            "current_ratio": 138.48,
            "debt_ratio": 45.71,
            "inventory_turnover_ratio": 1.04,
            "account_receivable_turnover_ratio": 4.97,
            "reinvestment_rate": 54.89,
            "research_to_sale_ratio": 1.81,
            "price_fair": 60.9,
            "eps_avg_yearly": 1.74,
            "eps_latest_yearly": 2.84,
            "eps_growth_yearly": 3704.75
        },
        "20184": {
            "year_quarter": 20184,
            "year": 2018,
            "quarter": 4,
            "eps": 0.67,
            "eps_growth_year": 182.68,
            "eps_4q": 2.06,
            "eps_4q_growth_year": 526.47,
            "roe": 2.3,
            "roe_4q": 7.140000000000001,
            "gross_profit": 90607,
            "gross_margin": 21.25,
            "gross_margin_4q_avg": 20.68,
            "net_income": 20581,
            "net_income_4q": null,
            "revenue": 426344,
            "revenue_4q": null,
            "common_shares": 314923,
            "book_valuer_per_share": 24.09,
            "book_valuer_per_share_4q_avg": 22.89,
            "equity": 906677,
            "current_ratio": 142.75,
            "debt_ratio": 45.98,
            "inventory_turnover_ratio": 1.09,
            "account_receivable_turnover_ratio": 4.89,
            "reinvestment_rate": 49.08,
            "research_to_sale_ratio": 1.91,
            "price_fair": 63.89,
            "eps_avg_yearly": 1.83,
            "eps_latest_yearly": 2.68,
            "eps_growth_yearly": 3365.9
        },
        "20191": {
            "year_quarter": 20191,
            "year": 2019,
            "quarter": 1,
            "eps": 0.51,
            "eps_growth_year": null,
            "eps_4q": 3.07,
            "eps_4q_growth_year": 4016.86,
            "roe": 1.64,
            "roe_4q": 10.69,
            "gross_profit": 88497,
            "gross_margin": 23.08,
            "gross_margin_4q_avg": 22.39,
            "net_income": 15102,
            "net_income_4q": null,
            "revenue": 383386,
            "revenue_4q": null,
            "common_shares": 314818,
            "book_valuer_per_share": 25.16,
            "book_valuer_per_share_4q_avg": 23.8,
            "equity": 939730,
            "current_ratio": 173.67,
            "debt_ratio": 44.61,
            "inventory_turnover_ratio": 0.89,
            "account_receivable_turnover_ratio": 4.63,
            "reinvestment_rate": 39.89,
            "research_to_sale_ratio": 2.04,
            "price_fair": 64.52,
            "eps_avg_yearly": 1.84,
            "eps_latest_yearly": 2.04,
            "eps_growth_yearly": 3077.45
        },
        "20192": {
            "year_quarter": 20192,
            "year": 2019,
            "quarter": 2,
            "eps": 0.43,
            "eps_growth_year": -64.75,
            "eps_4q": 1.84,
            "eps_4q_growth_year": 93.38,
            "roe": 1.72,
            "roe_4q": 8.09,
            "gross_profit": 96827,
            "gross_margin": 21.04,
            "gross_margin_4q_avg": 22.2,
            "net_income": 17009,
            "net_income_4q": null,
            "revenue": 460132,
            "revenue_4q": null,
            "common_shares": 346217,
            "book_valuer_per_share": 25.15,
            "book_valuer_per_share_4q_avg": 24.45,
            "equity": 1033023,
            "current_ratio": 169.71,
            "debt_ratio": 40.67,
            "inventory_turnover_ratio": 1.11,
            "account_receivable_turnover_ratio": 5.11,
            "reinvestment_rate": 62.39,
            "research_to_sale_ratio": 1.74,
            "price_fair": 49.93,
            "eps_avg_yearly": 1.43,
            "eps_latest_yearly": 1.72,
            "eps_growth_yearly": 305.56
        },
        "20193": {
            "year_quarter": 20193,
            "year": 2019,
            "quarter": 3,
            "eps": 0.32,
            "eps_growth_year": -54.93,
            "eps_4q": 1.45,
            "eps_4q_growth_year": -10.84,
            "roe": 1.18,
            "roe_4q": 6.84,
            "gross_profit": 92148,
            "gross_margin": 23.04,
            "gross_margin_4q_avg": 22.1,
            "net_income": 13061,
            "net_income_4q": null,
            "revenue": 399947,
            "revenue_4q": null,
            "common_shares": 461801,
            "book_valuer_per_share": 21.92,
            "book_valuer_per_share_4q_avg": 24.08,
            "equity": 1175439,
            "current_ratio": 178.83,
            "debt_ratio": 31.49,
            "inventory_turnover_ratio": 1.02,
            "account_receivable_turnover_ratio": 3.8,
            "reinvestment_rate": 58.73,
            "research_to_sale_ratio": 2.39,
            "price_fair": 51.57,
            "eps_avg_yearly": 1.47,
            "eps_latest_yearly": 1.28,
            "eps_growth_yearly": 326.79
        },
        "20194": {
            "year_quarter": 20194,
            "year": 2019,
            "quarter": 4,
            "eps": -0.55,
            "eps_growth_year": -181.83,
            "eps_4q": 0.44,
            "eps_4q_growth_year": -78.61,
            "roe": -2.3,
            "roe_4q": 2.24,
            "gross_profit": 58094,
            "gross_margin": 17.26,
            "gross_margin_4q_avg": 21.11,
            "net_income": -26627,
            "net_income_4q": null,
            "revenue": 336633,
            "revenue_4q": null,
            "common_shares": 464009,
            "book_valuer_per_share": 21.18,
            "book_valuer_per_share_4q_avg": 23.35,
            "equity": 1139461,
            "current_ratio": 182.9,
            "debt_ratio": 29.15,
            "inventory_turnover_ratio": 0.93,
            "account_receivable_turnover_ratio": 3.96,
            "reinvestment_rate": 64.02,
            "research_to_sale_ratio": 2.8,
            "price_fair": 50.65,
            "eps_avg_yearly": 1.45,
            "eps_latest_yearly": 1.28,
            "eps_growth_yearly": 303.97
        },
        "20201": {
            "year_quarter": 20201,
            "year": 2020,
            "quarter": 1,
            "eps": 0.41,
            "eps_growth_year": -19.61,
            "eps_4q": 0.52,
            "eps_4q_growth_year": -83.16,
            "roe": 1.24,
            "roe_4q": 1.84,
            "gross_profit": 93071,
            "gross_margin": 22.05,
            "gross_margin_4q_avg": 20.85,
            "net_income": 14431,
            "net_income_4q": null,
            "revenue": 422068,
            "revenue_4q": null,
            "common_shares": 464009,
            "book_valuer_per_share": 21.96,
            "book_valuer_per_share_4q_avg": 22.55,
            "equity": 1192437,
            "current_ratio": 103.35,
            "debt_ratio": 49.63,
            "inventory_turnover_ratio": 1.01,
            "account_receivable_turnover_ratio": 4.83,
            "reinvestment_rate": 88.66,
            "research_to_sale_ratio": 1.88,
            "price_fair": 52.78,
            "eps_avg_yearly": 1.51,
            "eps_latest_yearly": 1.28,
            "eps_growth_yearly": 355.28
        },
        "20202": {
            "year_quarter": 20202,
            "year": 2020,
            "quarter": 2,
            "eps": 6.91,
            "eps_growth_year": 1506.98,
            "eps_4q": 7.04,
            "eps_4q_growth_year": 282.78,
            "roe": 17.16,
            "roe_4q": 17.279999999999998,
            "gross_profit": 147004,
            "gross_margin": 24.76,
            "gross_margin_4q_avg": 21.78,
            "net_income": 315889,
            "net_income_4q": null,
            "revenue": 593764,
            "revenue_4q": null,
            "common_shares": 465094,
            "book_valuer_per_share": 27.59,
            "book_valuer_per_share_4q_avg": 23.16,
            "equity": 2489079,
            "current_ratio": 103.16,
            "debt_ratio": 40.97,
            "inventory_turnover_ratio": 0.97,
            "account_receivable_turnover_ratio": 3.53,
            "reinvestment_rate": 453.85,
            "research_to_sale_ratio": 2.4,
            "price_fair": 138.04,
            "eps_avg_yearly": 3.94,
            "eps_latest_yearly": 27.64,
            "eps_growth_yearly": 873.24
        },
        "20203": {
            "year_quarter": 20203,
            "year": 2020,
            "quarter": 3,
            "eps": 1.29,
            "eps_growth_year": 303.12,
            "eps_4q": 7.98,
            "eps_4q_growth_year": 451.72,
            "roe": 2.28,
            "roe_4q": 18.38,
            "gross_profit": 190191,
            "gross_margin": 30.18,
            "gross_margin_4q_avg": 23.56,
            "net_income": 57382,
            "net_income_4q": null,
            "revenue": 630277,
            "revenue_4q": null,
            "common_shares": 467434,
            "book_valuer_per_share": 28.73,
            "book_valuer_per_share_4q_avg": 24.87,
            "equity": 2543435,
            "current_ratio": 114.04,
            "debt_ratio": 41.45,
            "inventory_turnover_ratio": 0.81,
            "account_receivable_turnover_ratio": 2.8,
            "reinvestment_rate": 399.37,
            "research_to_sale_ratio": 2.46,
            "price_fair": 155.96,
            "eps_avg_yearly": 4.46,
            "eps_latest_yearly": 5.16,
            "eps_growth_yearly": 880.22
        },
        "20204": {
            "year_quarter": 20204,
            "year": 2020,
            "quarter": 4,
            "eps": -0.75,
            "eps_growth_year": null,
            "eps_4q": 7.76,
            "eps_4q_growth_year": 1664.05,
            "roe": -1.98,
            "roe_4q": 18.7,
            "gross_profit": 60602,
            "gross_margin": 13.13,
            "gross_margin_4q_avg": 22.53,
            "net_income": -49991,
            "net_income_4q": null,
            "revenue": 461709,
            "revenue_4q": null,
            "common_shares": 468052,
            "book_valuer_per_share": 28.33,
            "book_valuer_per_share_4q_avg": 26.65,
            "equity": 2508819,
            "current_ratio": 176.03,
            "debt_ratio": 40.78,
            "inventory_turnover_ratio": 0.78,
            "account_receivable_turnover_ratio": 2.16,
            "reinvestment_rate": 410.72,
            "research_to_sale_ratio": 4.6,
            "price_fair": 172.82,
            "eps_avg_yearly": 4.94,
            "eps_latest_yearly": 5.16,
            "eps_growth_yearly": 889.13
        },
        "20211": {
            "year_quarter": 20211,
            "year": 2021,
            "quarter": 1,
            "eps": 0.11,
            "eps_growth_year": -73.17,
            "eps_4q": 7.46,
            "eps_4q_growth_year": 1344.81,
            "roe": 0.54,
            "roe_4q": 18,
            "gross_profit": 130580,
            "gross_margin": 24.84,
            "gross_margin_4q_avg": 23.23,
            "net_income": 13685,
            "net_income_4q": null,
            "revenue": 525621,
            "revenue_4q": null,
            "common_shares": 468052,
            "book_valuer_per_share": 28.41,
            "book_valuer_per_share_4q_avg": 28.27,
            "equity": 2519829,
            "current_ratio": 143.72,
            "debt_ratio": 42.03,
            "inventory_turnover_ratio": 0.69,
            "account_receivable_turnover_ratio": 2.23,
            "reinvestment_rate": 395.99,
            "research_to_sale_ratio": 3.13,
            "price_fair": 172.82,
            "eps_avg_yearly": 4.94,
            "eps_latest_yearly": 5.16,
            "eps_growth_yearly": 889.13
        },
        "20212": {
            "year_quarter": 20212,
            "year": 2021,
            "quarter": 2,
            "eps": 0.92,
            "eps_growth_year": -86.69,
            "eps_4q": 1.56,
            "eps_4q_growth_year": -77.8,
            "roe": 2.52,
            "roe_4q": 3.36,
            "gross_profit": 207621,
            "gross_margin": 23.04,
            "gross_margin_4q_avg": 22.8,
            "net_income": 62718,
            "net_income_4q": null,
            "revenue": 900982,
            "revenue_4q": null,
            "common_shares": 468052,
            "book_valuer_per_share": 27.34,
            "book_valuer_per_share_4q_avg": 28.2,
            "equity": 2462008,
            "current_ratio": 128.3,
            "debt_ratio": 46.73,
            "inventory_turnover_ratio": 1.1,
            "account_receivable_turnover_ratio": 2.58,
            "reinvestment_rate": 369.32,
            "research_to_sale_ratio": 1.92,
            "price_fair": 168.42,
            "eps_avg_yearly": 4.81,
            "eps_latest_yearly": 3.68,
            "eps_growth_yearly": 1094.76
        },
        "20213": {
            "year_quarter": 20213,
            "year": 2021,
            "quarter": 3,
            "eps": 0.14,
            "eps_growth_year": -89.15,
            "eps_4q": 0.42,
            "eps_4q_growth_year": -94.76,
            "roe": 0.19,
            "roe_4q": 1.27,
            "gross_profit": 129926,
            "gross_margin": 18.63,
            "gross_margin_4q_avg": 19.91,
            "net_income": 4711,
            "net_income_4q": null,
            "revenue": 697253,
            "revenue_4q": null,
            "common_shares": 468052,
            "book_valuer_per_share": 27.43,
            "book_valuer_per_share_4q_avg": 27.88,
            "equity": 2485860,
            "current_ratio": 128.54,
            "debt_ratio": 44.78,
            "inventory_turnover_ratio": 0.85,
            "account_receivable_turnover_ratio": 1.97,
            "reinvestment_rate": 370.22,
            "research_to_sale_ratio": 2.28,
            "price_fair": 169.96,
            "eps_avg_yearly": 4.86,
            "eps_latest_yearly": 0.56,
            "eps_growth_yearly": 1097.21
        },
        "20214": {
            "year_quarter": 20214,
            "year": 2021,
            "quarter": 4,
            "eps": 0.05,
            "eps_growth_year": null,
            "eps_4q": 1.21,
            "eps_4q_growth_year": -84.37,
            "roe": -0.13,
            "roe_4q": 3.12,
            "gross_profit": 106894,
            "gross_margin": 14.14,
            "gross_margin_4q_avg": 20.16,
            "net_income": -3119,
            "net_income_4q": null,
            "revenue": 755837,
            "revenue_4q": null,
            "common_shares": 468052,
            "book_valuer_per_share": 27.43,
            "book_valuer_per_share_4q_avg": 27.65,
            "equity": 2479696,
            "current_ratio": 93.74,
            "debt_ratio": 46.97,
            "inventory_turnover_ratio": 0.89,
            "account_receivable_turnover_ratio": 2.54,
            "reinvestment_rate": 385.36,
            "research_to_sale_ratio": 2.32,
            "price_fair": 167.3,
            "eps_avg_yearly": 4.78,
            "eps_latest_yearly": 0.2,
            "eps_growth_yearly": 791.5
        },
        "20221": {
            "year_quarter": 20221,
            "year": 2022,
            "quarter": 1,
            "eps": 1.07,
            "eps_growth_year": 872.73,
            "eps_4q": 2.18,
            "eps_4q_growth_year": -70.78,
            "roe": 1.94,
            "roe_4q": 4.52,
            "gross_profit": 187592,
            "gross_margin": 20.63,
            "gross_margin_4q_avg": 19.11,
            "net_income": 48444,
            "net_income_4q": null,
            "revenue": 909109,
            "revenue_4q": null,
            "common_shares": 468052,
            "book_valuer_per_share": 27.62,
            "book_valuer_per_share_4q_avg": 27.46,
            "equity": 2504082,
            "current_ratio": 92.9,
            "debt_ratio": 49.03,
            "inventory_turnover_ratio": 1,
            "account_receivable_turnover_ratio": 2.52,
            "reinvestment_rate": 368.13,
            "research_to_sale_ratio": 1.64,
            "price_fair": 165.71,
            "eps_avg_yearly": 4.73,
            "eps_latest_yearly": 4.28,
            "eps_growth_yearly": 1461.36
        },
        "20222": {
            "year_quarter": 20222,
            "year": 2022,
            "quarter": 2,
            "eps": 0.89,
            "eps_growth_year": -3.26,
            "eps_4q": 1.71,
            "eps_4q_growth_year": 9.47,
            "roe": 1.23,
            "roe_4q": 3.23,
            "gross_profit": 159943,
            "gross_margin": 19.15,
            "gross_margin_4q_avg": 18.14,
            "net_income": 29154,
            "net_income_4q": null,
            "revenue": 835414,
            "revenue_4q": null,
            "common_shares": 611520,
            "book_valuer_per_share": 33.74,
            "book_valuer_per_share_4q_avg": 29.06,
            "equity": 2231985,
            "current_ratio": 91.73,
            "debt_ratio": 55.49,
            "inventory_turnover_ratio": 1,
            "account_receivable_turnover_ratio": 2.43,
            "reinvestment_rate": 368.88,
            "research_to_sale_ratio": 1.78,
            "price_fair": 162.28,
            "eps_avg_yearly": 4.64,
            "eps_latest_yearly": 3.56,
            "eps_growth_yearly": 1333.97
        },
        "20223": {
            "year_quarter": 20223,
            "year": 2022,
            "quarter": 3,
            "eps": 0.74,
            "eps_growth_year": 428.57,
            "eps_4q": 2.38,
            "eps_4q_growth_year": 468.34,
            "roe": 1.96,
            "roe_4q": 5,
            "gross_profit": 164065,
            "gross_margin": 21.12,
            "gross_margin_4q_avg": 18.76,
            "net_income": 44178,
            "net_income_4q": null,
            "revenue": 776890,
            "revenue_4q": null,
            "common_shares": 611520,
            "book_valuer_per_share": 34.73,
            "book_valuer_per_share_4q_avg": 30.88,
            "equity": 2275764,
            "current_ratio": 90.7,
            "debt_ratio": 55.33,
            "inventory_turnover_ratio": 0.93,
            "account_receivable_turnover_ratio": 2.74,
            "reinvestment_rate": 374.95,
            "research_to_sale_ratio": 2.15,
            "price_fair": 162.63,
            "eps_avg_yearly": 4.65,
            "eps_latest_yearly": 2.96,
            "eps_growth_yearly": 1342.29
        },
        "20224": {
            "year_quarter": 20224,
            "year": 2022,
            "quarter": 4,
            "eps": -0.06,
            "eps_growth_year": -226.66,
            "eps_4q": 2.29,
            "eps_4q_growth_year": 88.69,
            "roe": -0.21,
            "roe_4q": 4.92,
            "gross_profit": 156920,
            "gross_margin": 22.53,
            "gross_margin_4q_avg": 20.86,
            "net_income": -4844,
            "net_income_4q": null,
            "revenue": 696398,
            "revenue_4q": null,
            "common_shares": 611520,
            "book_valuer_per_share": 34.58,
            "book_valuer_per_share_4q_avg": 32.67,
            "equity": 2254889,
            "current_ratio": 89.32,
            "debt_ratio": 57.51,
            "inventory_turnover_ratio": 0.81,
            "account_receivable_turnover_ratio": 2.65,
            "reinvestment_rate": 414.4,
            "research_to_sale_ratio": 2.28,
            "price_fair": 168.89,
            "eps_avg_yearly": 4.83,
            "eps_latest_yearly": 2.96,
            "eps_growth_yearly": 1466.37
        },
        "20231": {
            "year_quarter": 20231,
            "year": 2023,
            "quarter": 1,
            "eps": 0.06,
            "eps_growth_year": -94.39,
            "eps_4q": 1.52,
            "eps_4q_growth_year": -30.51,
            "roe": 0.08,
            "roe_4q": 3.06,
            "gross_profit": 163431,
            "gross_margin": 22.88,
            "gross_margin_4q_avg": 21.42,
            "net_income": 1703,
            "net_income_4q": null,
            "revenue": 714209,
            "revenue_4q": null,
            "common_shares": 612998,
            "book_valuer_per_share": 33.1,
            "book_valuer_per_share_4q_avg": 34.04,
            "equity": 2167445,
            "current_ratio": 73.51,
            "debt_ratio": 59.53,
            "inventory_turnover_ratio": 0.87,
            "account_receivable_turnover_ratio": 2.84,
            "reinvestment_rate": 457.64,
            "research_to_sale_ratio": 3.01,
            "price_fair": 178.64,
            "eps_avg_yearly": 5.1,
            "eps_latest_yearly": 2.96,
            "eps_growth_yearly": 1622.55
        },
        "20232": {
            "year_quarter": 20232,
            "year": 2023,
            "quarter": 2,
            "eps": -0.87,
            "eps_growth_year": -197.75,
            "eps_4q": -0.11,
            "eps_4q_growth_year": -106.53,
            "roe": -2.57,
            "roe_4q": -0.7399999999999998,
            "gross_profit": 89592,
            "gross_margin": 16.22,
            "gross_margin_4q_avg": 20.69,
            "net_income": -54281,
            "net_income_4q": null,
            "revenue": 552394,
            "revenue_4q": null,
            "common_shares": 612998,
            "book_valuer_per_share": 31.23,
            "book_valuer_per_share_4q_avg": 33.41,
            "equity": 2056476,
            "current_ratio": 75.36,
            "debt_ratio": 64.78,
            "inventory_turnover_ratio": 0.77,
            "account_receivable_turnover_ratio": 2.19,
            "reinvestment_rate": 569.13,
            "research_to_sale_ratio": 3.37,
            "price_fair": 191.8,
            "eps_avg_yearly": 5.48,
            "eps_latest_yearly": 2.96,
            "eps_growth_yearly": 1809.81
        },
        "20233": {
            "year_quarter": 20233,
            "year": 2023,
            "quarter": 3,
            "eps": 0.85,
            "eps_growth_year": 14.86,
            "eps_4q": -0.01,
            "eps_4q_growth_year": -100.48,
            "roe": 2.4,
            "roe_4q": -0.29999999999999993,
            "gross_profit": 184417,
            "gross_margin": 24.44,
            "gross_margin_4q_avg": 21.52,
            "net_income": 50053,
            "net_income_4q": null,
            "revenue": 754444,
            "revenue_4q": null,
            "common_shares": 612998,
            "book_valuer_per_share": 32.12,
            "book_valuer_per_share_4q_avg": 32.76,
            "equity": 2109028,
            "current_ratio": 79.45,
            "debt_ratio": 67.77,
            "inventory_turnover_ratio": 0.88,
            "account_receivable_turnover_ratio": 2.99,
            "reinvestment_rate": 546.97,
            "research_to_sale_ratio": 3.05,
            "price_fair": 210.18,
            "eps_avg_yearly": 6.01,
            "eps_latest_yearly": 2.96,
            "eps_growth_yearly": 2048.83
        },
        "20234": {
            "year_quarter": 20234,
            "year": 2023,
            "quarter": 4,
            "eps": 0.48,
            "eps_growth_year": null,
            "eps_4q": 0.53,
            "eps_4q_growth_year": -76.81,
            "roe": 1.32,
            "roe_4q": 1.23,
            "gross_profit": 212578,
            "gross_margin": 22.08,
            "gross_margin_4q_avg": 21.41,
            "net_income": 27994,
            "net_income_4q": null,
            "revenue": 962592,
            "revenue_4q": null,
            "common_shares": 612998,
            "book_valuer_per_share": 32.43,
            "book_valuer_per_share_4q_avg": 32.22,
            "equity": 2117312,
            "current_ratio": 73.15,
            "debt_ratio": 66.98,
            "inventory_turnover_ratio": 1.19,
            "account_receivable_turnover_ratio": 3.48,
            "reinvestment_rate": 502.24,
            "research_to_sale_ratio": 1.92,
            "price_fair": 194.29,
            "eps_avg_yearly": 5.55,
            "eps_latest_yearly": 1.92,
            "eps_growth_yearly": 1801.83
        }
    },
    "months": {
        "2013-02": {
            "month": "2013-02",
            "price": "48.18",
            "revenue": 107924
        },
        "2013-03": {
            "month": "2013-03",
            "price": "46.13",
            "revenue": 134425
        },
        "2013-04": {
            "month": "2013-04",
            "price": "48.16",
            "revenue": 141335
        },
        "2013-05": {
            "month": "2013-05",
            "price": "49.21",
            "revenue": 218563
        },
        "2013-06": {
            "month": "2013-06",
            "price": "49.89",
            "revenue": 104496
        },
        "2013-07": {
            "month": "2013-07",
            "price": "50.88",
            "revenue": 94005
        },
        "2013-08": {
            "month": "2013-08",
            "price": "54.77",
            "revenue": 97052
        },
        "2013-09": {
            "month": "2013-09",
            "price": "64.93",
            "revenue": 115412
        },
        "2013-10": {
            "month": "2013-10",
            "price": "68.27",
            "revenue": 90806
        },
        "2013-11": {
            "month": "2013-11",
            "price": "68.24",
            "revenue": 87884
        },
        "2013-12": {
            "month": "2013-12",
            "price": "68.38",
            "revenue": 76855
        },
        "2014-01": {
            "month": "2014-01",
            "price": "68.03",
            "revenue": 80520
        },
        "2014-02": {
            "month": "2014-02",
            "price": "73.26",
            "revenue": 101456
        },
        "2014-03": {
            "month": "2014-03",
            "price": "71.30",
            "revenue": 164390
        },
        "2014-04": {
            "month": "2014-04",
            "price": "70.30",
            "revenue": 122085
        },
        "2014-05": {
            "month": "2014-05",
            "price": "69.14",
            "revenue": 160338
        },
        "2014-06": {
            "month": "2014-06",
            "price": "66.86",
            "revenue": 96444
        },
        "2014-07": {
            "month": "2014-07",
            "price": "61.85",
            "revenue": 97871
        },
        "2014-08": {
            "month": "2014-08",
            "price": "53.09",
            "revenue": 105184
        },
        "2014-09": {
            "month": "2014-09",
            "price": "56.66",
            "revenue": 113298
        },
        "2014-10": {
            "month": "2014-10",
            "price": "54.40",
            "revenue": 138526
        },
        "2014-11": {
            "month": "2014-11",
            "price": "37.47",
            "revenue": 113906
        },
        "2014-12": {
            "month": "2014-12",
            "price": "37.90",
            "revenue": 98501
        },
        "2015-01": {
            "month": "2015-01",
            "price": "38.13",
            "revenue": 94256
        },
        "2015-02": {
            "month": "2015-02",
            "price": "37.47",
            "revenue": 97373
        },
        "2015-03": {
            "month": "2015-03",
            "price": "35.94",
            "revenue": 130445
        },
        "2015-04": {
            "month": "2015-04",
            "price": "31.59",
            "revenue": 153016
        },
        "2015-05": {
            "month": "2015-05",
            "price": "38.24",
            "revenue": 169868
        },
        "2015-06": {
            "month": "2015-06",
            "price": "49.37",
            "revenue": 109549
        },
        "2015-07": {
            "month": "2015-07",
            "price": "36.68",
            "revenue": 97387
        },
        "2015-08": {
            "month": "2015-08",
            "price": "35.86",
            "revenue": 117418
        },
        "2015-09": {
            "month": "2015-09",
            "price": "42.69",
            "revenue": 132140
        },
        "2015-10": {
            "month": "2015-10",
            "price": "41.20",
            "revenue": 132014
        },
        "2015-11": {
            "month": "2015-11",
            "price": "39.27",
            "revenue": 123657
        },
        "2015-12": {
            "month": "2015-12",
            "price": "34.71",
            "revenue": 123086
        },
        "2016-01": {
            "month": "2016-01",
            "price": "32.00",
            "revenue": 108499
        },
        "2016-02": {
            "month": "2016-02",
            "price": "33.35",
            "revenue": 99749
        },
        "2016-03": {
            "month": "2016-03",
            "price": "33.87",
            "revenue": 162631
        },
        "2016-04": {
            "month": "2016-04",
            "price": "34.45",
            "revenue": 174267
        },
        "2016-05": {
            "month": "2016-05",
            "price": "32.39",
            "revenue": 182422
        },
        "2016-06": {
            "month": "2016-06",
            "price": "31.72",
            "revenue": 100076
        },
        "2016-07": {
            "month": "2016-07",
            "price": "31.42",
            "revenue": 85118
        },
        "2016-08": {
            "month": "2016-08",
            "price": "31.89",
            "revenue": 105485
        },
        "2016-09": {
            "month": "2016-09",
            "price": "30.54",
            "revenue": 130279
        },
        "2016-10": {
            "month": "2016-10",
            "price": "29.50",
            "revenue": 143505
        },
        "2016-11": {
            "month": "2016-11",
            "price": "26.54",
            "revenue": 118227
        },
        "2016-12": {
            "month": "2016-12",
            "price": "25.62",
            "revenue": 97977
        },
        "2017-01": {
            "month": "2017-01",
            "price": "24.32",
            "revenue": 89336
        },
        "2017-02": {
            "month": "2017-02",
            "price": "26.94",
            "revenue": 111391
        },
        "2017-03": {
            "month": "2017-03",
            "price": "27.58",
            "revenue": 156504
        },
        "2017-04": {
            "month": "2017-04",
            "price": "25.76",
            "revenue": 159431
        },
        "2017-05": {
            "month": "2017-05",
            "price": "24.62",
            "revenue": 146785
        },
        "2017-06": {
            "month": "2017-06",
            "price": "24.46",
            "revenue": 113630
        },
        "2017-07": {
            "month": "2017-07",
            "price": "24.14",
            "revenue": 94868
        },
        "2017-08": {
            "month": "2017-08",
            "price": "23.68",
            "revenue": 103275
        },
        "2017-09": {
            "month": "2017-09",
            "price": "22.83",
            "revenue": 156227
        },
        "2017-10": {
            "month": "2017-10",
            "price": "22.87",
            "revenue": 156919
        },
        "2017-11": {
            "month": "2017-11",
            "price": "22.05",
            "revenue": 146061
        },
        "2017-12": {
            "month": "2017-12",
            "price": "20.81",
            "revenue": 97272
        },
        "2018-01": {
            "month": "2018-01",
            "price": "20.87",
            "revenue": 92101
        },
        "2018-02": {
            "month": "2018-02",
            "price": "19.66",
            "revenue": 78384
        },
        "2018-03": {
            "month": "2018-03",
            "price": "19.14",
            "revenue": 147530
        },
        "2018-04": {
            "month": "2018-04",
            "price": "18.91",
            "revenue": 160558
        },
        "2018-05": {
            "month": "2018-05",
            "price": "18.29",
            "revenue": 183687
        },
        "2018-06": {
            "month": "2018-06",
            "price": "18.55",
            "revenue": 107442
        },
        "2018-07": {
            "month": "2018-07",
            "price": "17.80",
            "revenue": 133102
        },
        "2018-08": {
            "month": "2018-08",
            "price": "20.87",
            "revenue": 139120
        },
        "2018-09": {
            "month": "2018-09",
            "price": "25.66",
            "revenue": 136517
        },
        "2018-10": {
            "month": "2018-10",
            "price": "23.97",
            "revenue": 140895
        },
        "2018-11": {
            "month": "2018-11",
            "price": "25.62",
            "revenue": 154656
        },
        "2018-12": {
            "month": "2018-12",
            "price": "26.58",
            "revenue": 129909
        },
        "2019-01": {
            "month": "2019-01",
            "price": "27.08",
            "revenue": 162114
        },
        "2019-02": {
            "month": "2019-02",
            "price": "27.88",
            "revenue": 92830
        },
        "2019-03": {
            "month": "2019-03",
            "price": "31.10",
            "revenue": 128706
        },
        "2019-04": {
            "month": "2019-04",
            "price": "42.60",
            "revenue": 156161
        },
        "2019-05": {
            "month": "2019-05",
            "price": "33.82",
            "revenue": 186666
        },
        "2019-06": {
            "month": "2019-06",
            "price": "34.93",
            "revenue": 117108
        },
        "2019-07": {
            "month": "2019-07",
            "price": "42.92",
            "revenue": 122255
        },
        "2019-08": {
            "month": "2019-08",
            "price": "40.52",
            "revenue": 140341
        },
        "2019-09": {
            "month": "2019-09",
            "price": "39.17",
            "revenue": 137427
        },
        "2019-10": {
            "month": "2019-10",
            "price": "38.41",
            "revenue": 151159
        },
        "2019-11": {
            "month": "2019-11",
            "price": "38.40",
            "revenue": 89802
        },
        "2019-12": {
            "month": "2019-12",
            "price": "36.70",
            "revenue": 95416
        },
        "2020-01": {
            "month": "2020-01",
            "price": "34.26",
            "revenue": 116940
        },
        "2020-02": {
            "month": "2020-02",
            "price": "31.31",
            "revenue": 133079
        },
        "2020-03": {
            "month": "2020-03",
            "price": "26.11",
            "revenue": 171937
        },
        "2020-04": {
            "month": "2020-04",
            "price": "28.23",
            "revenue": 163874
        },
        "2020-05": {
            "month": "2020-05",
            "price": "31.76",
            "revenue": 167841
        },
        "2020-06": {
            "month": "2020-06",
            "price": "33.24",
            "revenue": 262046
        },
        "2020-07": {
            "month": "2020-07",
            "price": "38.22",
            "revenue": 154055
        },
        "2020-08": {
            "month": "2020-08",
            "price": "45.48",
            "revenue": 244228
        },
        "2020-09": {
            "month": "2020-09",
            "price": "45.63",
            "revenue": 233643
        },
        "2020-10": {
            "month": "2020-10",
            "price": "46.02",
            "revenue": 147798
        },
        "2020-11": {
            "month": "2020-11",
            "price": "44.48",
            "revenue": 126233
        },
        "2020-12": {
            "month": "2020-12",
            "price": "42.53",
            "revenue": 183140
        },
        "2021-01": {
            "month": "2021-01",
            "price": "41.23",
            "revenue": 135101
        },
        "2021-02": {
            "month": "2021-02",
            "price": "40.93",
            "revenue": 129108
        },
        "2021-03": {
            "month": "2021-03",
            "price": "42.00",
            "revenue": 260141
        },
        "2021-04": {
            "month": "2021-04",
            "price": "40.48",
            "revenue": 257176
        },
        "2021-05": {
            "month": "2021-05",
            "price": "36.92",
            "revenue": 332432
        },
        "2021-06": {
            "month": "2021-06",
            "price": "38.06",
            "revenue": 312660
        },
        "2021-07": {
            "month": "2021-07",
            "price": "37.46",
            "revenue": 262557
        },
        "2021-08": {
            "month": "2021-08",
            "price": "33.35",
            "revenue": 227288
        },
        "2021-09": {
            "month": "2021-09",
            "price": "33.38",
            "revenue": 207408
        },
        "2021-10": {
            "month": "2021-10",
            "price": "32.10",
            "revenue": 249580
        },
        "2021-11": {
            "month": "2021-11",
            "price": "32.04",
            "revenue": 228628
        },
        "2021-12": {
            "month": "2021-12",
            "price": "31.12",
            "revenue": 277629
        },
        "2022-01": {
            "month": "2022-01",
            "price": "30.81",
            "revenue": 312578
        },
        "2022-02": {
            "month": "2022-02",
            "price": "30.93",
            "revenue": 207446
        },
        "2022-03": {
            "month": "2022-03",
            "price": "30.05",
            "revenue": 389085
        },
        "2022-04": {
            "month": "2022-04",
            "price": "29.55",
            "revenue": 304357
        },
        "2022-05": {
            "month": "2022-05",
            "price": "30.44",
            "revenue": 295216
        },
        "2022-06": {
            "month": "2022-06",
            "price": "31.41",
            "revenue": 235820
        },
        "2022-07": {
            "month": "2022-07",
            "price": "26.36",
            "revenue": 253527
        },
        "2022-08": {
            "month": "2022-08",
            "price": "29.30",
            "revenue": 248223
        },
        "2022-09": {
            "month": "2022-09",
            "price": "30.30",
            "revenue": 275161
        },
        "2022-10": {
            "month": "2022-10",
            "price": "29.71",
            "revenue": 207634
        },
        "2022-11": {
            "month": "2022-11",
            "price": "29.47",
            "revenue": 219930
        },
        "2022-12": {
            "month": "2022-12",
            "price": "30.74",
            "revenue": 268834
        },
        "2023-01": {
            "month": "2023-01",
            "price": "29.98",
            "revenue": 201834
        },
        "2023-02": {
            "month": "2023-02",
            "price": "31.49",
            "revenue": 221037
        },
        "2023-03": {
            "month": "2023-03",
            "price": "34.18",
            "revenue": 291338
        },
        "2023-04": {
            "month": "2023-04",
            "price": "35.61",
            "revenue": 180643
        },
        "2023-05": {
            "month": "2023-05",
            "price": "34.55",
            "revenue": 190954
        },
        "2023-06": {
            "month": "2023-06",
            "price": "33.92",
            "revenue": 180797
        },
        "2023-07": {
            "month": "2023-07",
            "price": "31.85",
            "revenue": 164818
        },
        "2023-08": {
            "month": "2023-08",
            "price": "29.60",
            "revenue": 363246
        },
        "2023-09": {
            "month": "2023-09",
            "price": "31.27",
            "revenue": 226379
        },
        "2023-10": {
            "month": "2023-10",
            "price": "30.39",
            "revenue": 201623
        },
        "2023-11": {
            "month": "2023-11",
            "price": "30.19",
            "revenue": 341439
        },
        "2023-12": {
            "month": "2023-12",
            "price": "32.12",
            "revenue": 419530
        }
    }
}
