{
    "summary": {
        "stock_name": "廣越",
        "stock_id": "4438",
        "category": "紡織纖維",
        "main_business": "成衣加工<br>成衣製造<br>成衣買賣",
        "website_url": "http://www.qve.com.tw",
        "ceo": "吳朝筆",
        "pe_ratio": 11,
        "report_year_from": 2015,
        "report_year_to": 2023,
        "age": 8,
        "eps_negative_percentage": 13,
        "eps_growth_avg": {
            "last_all": 16.94,
            "last_2y": 19.1,
            "last_4y": 26.96,
            "last_8y": null,
            "last_12y": null,
            "last_16y": null,
            "last_20y": null,
            "at_2006_last_3y": null,
            "at_2007_last_3y": null,
            "at_2008_last_3y": null,
            "at_2009_last_3y": null,
            "at_2010_last_3y": null,
            "at_2011_last_3y": null,
            "at_2012_last_3y": null,
            "at_2013_last_3y": null,
            "at_2014_last_3y": null,
            "at_2015_last_3y": null,
            "at_2016_last_3y": null,
            "at_2017_last_3y": null,
            "at_2018_last_3y": null,
            "at_2019_last_3y": null,
            "at_2020_last_3y": -0.56,
            "at_2021_last_3y": 12.06,
            "at_2022_last_3y": 22.07,
            "at_2023_last_3y": 22.07,
            "at_2006_last_all": null,
            "at_2007_last_all": null,
            "at_2008_last_all": null,
            "at_2009_last_all": null,
            "at_2010_last_all": null,
            "at_2011_last_all": null,
            "at_2012_last_all": null,
            "at_2013_last_all": null,
            "at_2014_last_all": null,
            "at_2015_last_all": null,
            "at_2016_last_all": null,
            "at_2017_last_all": null,
            "at_2018_last_all": 6.67,
            "at_2019_last_all": 14.77,
            "at_2020_last_all": -0.56,
            "at_2021_last_all": 3.01,
            "at_2022_last_all": 16.94,
            "at_2023_last_all": 16.94
        },
        "latest_eps": 10.83,
        "latest_price": 122,
        "latest_roe": 15.75,
        "latest_gross_margin": 14.69,
        "latest_equity": 9776958,
        "latest_revenue": 2657184,
        "latest_gross_profit": 390288,
        "latest_net_income": 19975,
        "latest_debt_ratio": 45.2,
        "latest_current_ratio": 215.72,
        "latest_account_receivable_turnover_ratio": 1.57,
        "latest_inventory_turnover_ratio": 0.44,
        "latest_reinvestment_rate": 44.29,
        "latest_research_to_sale_ratio": 1.87
    },
    "eps_dividends": {
        "2001": {
            "cash": 0,
            "stock": 0,
            "eps": 0
        },
        "2002": {
            "cash": 0,
            "stock": 0,
            "eps": 0
        },
        "2003": {
            "cash": 0,
            "stock": 0,
            "eps": 0
        },
        "2004": {
            "cash": 0,
            "stock": 0,
            "eps": 0
        },
        "2005": {
            "cash": 0,
            "stock": 0,
            "eps": 0
        },
        "2006": {
            "cash": 0,
            "stock": 0,
            "eps": 0
        },
        "2007": {
            "cash": 0,
            "stock": 0,
            "eps": 0
        },
        "2008": {
            "cash": 0,
            "stock": 0,
            "eps": 0
        },
        "2009": {
            "cash": 0,
            "stock": 0,
            "eps": 0
        },
        "2010": {
            "cash": 0,
            "stock": 0,
            "eps": 0
        },
        "2011": {
            "cash": 0,
            "stock": 0,
            "eps": 0
        },
        "2012": {
            "cash": 0,
            "stock": 0,
            "eps": 0
        },
        "2013": {
            "cash": 0,
            "stock": 0,
            "eps": 0
        },
        "2014": {
            "cash": 3.5,
            "stock": 1.5,
            "eps": 0
        },
        "2015": {
            "cash": 3.5,
            "stock": 1.5,
            "eps": 0
        },
        "2016": {
            "cash": 7.2,
            "stock": 0,
            "eps": 7.59
        },
        "2017": {
            "cash": 6.2,
            "stock": 0,
            "eps": 5.07
        },
        "2018": {
            "cash": 4.56,
            "stock": 0,
            "eps": 7.43
        },
        "2019": {
            "cash": 6,
            "stock": 0,
            "eps": 9.73
        },
        "2020": {
            "cash": 7.5,
            "stock": 0,
            "eps": 5.2
        },
        "2021": {
            "cash": 3.2,
            "stock": 0,
            "eps": 6.1
        },
        "2022": {
            "cash": 4.2,
            "stock": 0,
            "eps": 11.38
        },
        "2023": {
            "cash": 6.8,
            "stock": 0,
            "eps": -0.45
        }
    },
    "dividends": {
        "2014-06-27": {
            "cash": 3.5,
            "stock": 1.5
        },
        "2015-02-27": {
            "cash": 3.5,
            "stock": 1.5
        },
        "2016-09-13": {
            "cash": 7.2,
            "stock": 0
        },
        "2017-09-15": {
            "cash": 6.2,
            "stock": 0
        },
        "2018-09-14": {
            "cash": 4.56,
            "stock": 0
        },
        "2019-09-27": {
            "cash": 6,
            "stock": 0
        },
        "2020-09-24": {
            "cash": 7.5,
            "stock": 0
        },
        "2021-10-21": {
            "cash": 3.2,
            "stock": 0
        },
        "2022-09-28": {
            "cash": 4.2,
            "stock": 0
        },
        "2023-03-02": {
            "cash": 6.8,
            "stock": 0
        }
    },
    "prices": {
        "200101": "無",
        "200102": "無",
        "200103": "無",
        "200104": "無",
        "200105": "無",
        "200106": "無",
        "200107": "無",
        "200108": "無",
        "200109": "無",
        "200110": "無",
        "200111": "無",
        "200112": "無",
        "200201": "無",
        "200202": "無",
        "200203": "無",
        "200204": "無",
        "200205": "無",
        "200206": "無",
        "200207": "無",
        "200208": "無",
        "200209": "無",
        "200210": "無",
        "200211": "無",
        "200212": "無",
        "200301": "無",
        "200302": "無",
        "200303": "無",
        "200304": "無",
        "200305": "無",
        "200306": "無",
        "200307": "無",
        "200308": "無",
        "200309": "無",
        "200310": "無",
        "200311": "無",
        "200312": "無",
        "200401": "無",
        "200402": "無",
        "200403": "無",
        "200404": "無",
        "200405": "無",
        "200406": "無",
        "200407": "無",
        "200408": "無",
        "200409": "無",
        "200410": "無",
        "200411": "無",
        "200412": "無",
        "200501": "無",
        "200502": "無",
        "200503": "無",
        "200504": "無",
        "200505": "無",
        "200506": "無",
        "200507": "無",
        "200508": "無",
        "200509": "無",
        "200510": "無",
        "200511": "無",
        "200512": "無",
        "200601": "無",
        "200602": "無",
        "200603": "無",
        "200604": "無",
        "200605": "無",
        "200606": "無",
        "200607": "無",
        "200608": "無",
        "200609": "無",
        "200610": "無",
        "200611": "無",
        "200612": "無",
        "200701": "無",
        "200702": "無",
        "200703": "無",
        "200704": "無",
        "200705": "無",
        "200706": "無",
        "200707": "無",
        "200708": "無",
        "200709": "無",
        "200710": "無",
        "200711": "無",
        "200712": "無",
        "200801": "無",
        "200802": "無",
        "200803": "無",
        "200804": "無",
        "200805": "無",
        "200806": "無",
        "200807": "無",
        "200808": "無",
        "200809": "無",
        "200810": "無",
        "200811": "無",
        "200812": "無",
        "200901": "無",
        "200902": "無",
        "200903": "無",
        "200904": "無",
        "200905": "無",
        "200906": "無",
        "200907": "無",
        "200908": "無",
        "200909": "無",
        "200910": "無",
        "200911": "無",
        "200912": "無",
        "201001": "無",
        "201002": "無",
        "201003": "無",
        "201004": "無",
        "201005": "無",
        "201006": "無",
        "201007": "無",
        "201008": "無",
        "201009": "無",
        "201010": "無",
        "201011": "無",
        "201012": "無",
        "201101": "無",
        "201102": "無",
        "201103": "無",
        "201104": "無",
        "201105": "無",
        "201106": "無",
        "201107": "無",
        "201108": "無",
        "201109": "無",
        "201110": "無",
        "201111": "無",
        "201112": "無",
        "201201": "無",
        "201202": "無",
        "201203": "無",
        "201204": "無",
        "201205": "無",
        "201206": "無",
        "201207": "無",
        "201208": "無",
        "201209": "無",
        "201210": "無",
        "201211": "無",
        "201212": "無",
        "201301": "無",
        "201302": "無",
        "201303": "無",
        "201304": "無",
        "201305": "無",
        "201306": "無",
        "201307": "無",
        "201308": "無",
        "201309": "無",
        "201310": "無",
        "201311": "無",
        "201312": "無",
        "201401": "無",
        "201402": "無",
        "201403": "無",
        "201404": "無",
        "201405": "無",
        "201406": "無",
        "201407": "無",
        "201408": "無",
        "201409": "無",
        "201410": "無",
        "201411": "無",
        "201412": "無",
        "201501": "無",
        "201502": "無",
        "201503": "無",
        "201504": "無",
        "201505": "無",
        "201506": "無",
        "201507": "252.18",
        "201508": "233.69",
        "201509": "238.49",
        "201510": "246.98",
        "201511": "229.63",
        "201512": "219.98",
        "201601": "209.23",
        "201602": "205.64",
        "201603": "215.84",
        "201604": "213.77",
        "201605": "199.92",
        "201606": "203.87",
        "201607": "206.14",
        "201608": "203.88",
        "201609": "202.30",
        "201610": "186.22",
        "201611": "147.11",
        "201612": "148.43",
        "201701": "139.47",
        "201702": "147.31",
        "201703": "163.83",
        "201704": "166.78",
        "201705": "167.92",
        "201706": "168.96",
        "201707": "168.50",
        "201708": "171.30",
        "201709": "166.14",
        "201710": "160.34",
        "201711": "146.20",
        "201712": "134.69",
        "201801": "135.00",
        "201802": "131.00",
        "201803": "126.35",
        "201804": "119.72",
        "201805": "116.45",
        "201806": "128.00",
        "201807": "132.43",
        "201808": "131.93",
        "201809": "137.61",
        "201810": "119.66",
        "201811": "106.32",
        "201812": "104.10",
        "201901": "111.48",
        "201902": "124.65",
        "201903": "130.98",
        "201904": "153.15",
        "201905": "160.50",
        "201906": "149.53",
        "201907": "159.17",
        "201908": "159.07",
        "201909": "144.37",
        "201910": "145.24",
        "201911": "147.21",
        "201912": "149.05",
        "202001": "148.00",
        "202002": "138.00",
        "202003": "122.73",
        "202004": "117.52",
        "202005": "121.52",
        "202006": "135.40",
        "202007": "132.76",
        "202008": "126.26",
        "202009": "113.84",
        "202010": "110.32",
        "202011": "104.90",
        "202012": "104.13",
        "202101": "105.78",
        "202102": "107.92",
        "202103": "118.86",
        "202104": "130.87",
        "202105": "123.07",
        "202106": "130.40",
        "202107": "121.00",
        "202108": "111.07",
        "202109": "111.58",
        "202110": "119.05",
        "202111": "132.61",
        "202112": "136.57",
        "202201": "126.44",
        "202202": "123.17",
        "202203": "116.13",
        "202204": "112.76",
        "202205": "110.21",
        "202206": "111.64",
        "202207": "107.33",
        "202208": "121.91",
        "202209": "133.36",
        "202210": "133.85",
        "202211": "124.07",
        "202212": "120.41",
        "202301": "121.77",
        "202302": "122.78",
        "202303": "116.67",
        "202304": "114.53",
        "202305": "116.68",
        "202306": "120.39"
    },
    "quarters": {
        "20011": {
            "year_quarter": 20011,
            "year": 2001,
            "quarter": 1,
            "eps": null,
            "eps_growth_year": null,
            "eps_4q": null,
            "eps_4q_growth_year": null,
            "roe": null,
            "roe_4q": 0,
            "gross_profit": null,
            "gross_margin": null,
            "gross_margin_4q_avg": 0,
            "net_income": null,
            "revenue": null,
            "common_shares": null,
            "book_valuer_per_share": null,
            "book_valuer_per_share_4q_avg": 0,
            "equity": null,
            "current_ratio": null,
            "debt_ratio": null,
            "inventory_turnover_ratio": null,
            "account_receivable_turnover_ratio": null,
            "reinvestment_rate": null,
            "research_to_sale_ratio": null,
            "price_fair": 0,
            "eps_avg_yearly": 0,
            "eps_latest_yearly": 0,
            "eps_growth_yearly": 0
        },
        "20012": {
            "year_quarter": 20012,
            "year": 2001,
            "quarter": 2,
            "eps": null,
            "eps_growth_year": null,
            "eps_4q": null,
            "eps_4q_growth_year": null,
            "roe": null,
            "roe_4q": 0,
            "gross_profit": null,
            "gross_margin": null,
            "gross_margin_4q_avg": 0,
            "net_income": null,
            "revenue": null,
            "common_shares": null,
            "book_valuer_per_share": null,
            "book_valuer_per_share_4q_avg": 0,
            "equity": null,
            "current_ratio": null,
            "debt_ratio": null,
            "inventory_turnover_ratio": null,
            "account_receivable_turnover_ratio": null,
            "reinvestment_rate": null,
            "research_to_sale_ratio": null,
            "price_fair": 0,
            "eps_avg_yearly": 0,
            "eps_latest_yearly": 0,
            "eps_growth_yearly": 0
        },
        "20013": {
            "year_quarter": 20013,
            "year": 2001,
            "quarter": 3,
            "eps": null,
            "eps_growth_year": null,
            "eps_4q": null,
            "eps_4q_growth_year": null,
            "roe": null,
            "roe_4q": 0,
            "gross_profit": null,
            "gross_margin": null,
            "gross_margin_4q_avg": 0,
            "net_income": null,
            "revenue": null,
            "common_shares": null,
            "book_valuer_per_share": null,
            "book_valuer_per_share_4q_avg": 0,
            "equity": null,
            "current_ratio": null,
            "debt_ratio": null,
            "inventory_turnover_ratio": null,
            "account_receivable_turnover_ratio": null,
            "reinvestment_rate": null,
            "research_to_sale_ratio": null,
            "price_fair": 0,
            "eps_avg_yearly": 0,
            "eps_latest_yearly": 0,
            "eps_growth_yearly": 0
        },
        "20014": {
            "year_quarter": 20014,
            "year": 2001,
            "quarter": 4,
            "eps": null,
            "eps_growth_year": null,
            "eps_4q": null,
            "eps_4q_growth_year": null,
            "roe": null,
            "roe_4q": 0,
            "gross_profit": null,
            "gross_margin": null,
            "gross_margin_4q_avg": 0,
            "net_income": null,
            "revenue": null,
            "common_shares": null,
            "book_valuer_per_share": null,
            "book_valuer_per_share_4q_avg": 0,
            "equity": null,
            "current_ratio": null,
            "debt_ratio": null,
            "inventory_turnover_ratio": null,
            "account_receivable_turnover_ratio": null,
            "reinvestment_rate": null,
            "research_to_sale_ratio": null,
            "price_fair": 0,
            "eps_avg_yearly": 0,
            "eps_latest_yearly": 0,
            "eps_growth_yearly": 0
        },
        "20021": {
            "year_quarter": 20021,
            "year": 2002,
            "quarter": 1,
            "eps": null,
            "eps_growth_year": null,
            "eps_4q": null,
            "eps_4q_growth_year": null,
            "roe": null,
            "roe_4q": 0,
            "gross_profit": null,
            "gross_margin": null,
            "gross_margin_4q_avg": 0,
            "net_income": null,
            "revenue": null,
            "common_shares": null,
            "book_valuer_per_share": null,
            "book_valuer_per_share_4q_avg": 0,
            "equity": null,
            "current_ratio": null,
            "debt_ratio": null,
            "inventory_turnover_ratio": null,
            "account_receivable_turnover_ratio": null,
            "reinvestment_rate": null,
            "research_to_sale_ratio": null,
            "price_fair": 0,
            "eps_avg_yearly": 0,
            "eps_latest_yearly": 0,
            "eps_growth_yearly": 0
        },
        "20022": {
            "year_quarter": 20022,
            "year": 2002,
            "quarter": 2,
            "eps": null,
            "eps_growth_year": null,
            "eps_4q": null,
            "eps_4q_growth_year": null,
            "roe": null,
            "roe_4q": 0,
            "gross_profit": null,
            "gross_margin": null,
            "gross_margin_4q_avg": 0,
            "net_income": null,
            "revenue": null,
            "common_shares": null,
            "book_valuer_per_share": null,
            "book_valuer_per_share_4q_avg": 0,
            "equity": null,
            "current_ratio": null,
            "debt_ratio": null,
            "inventory_turnover_ratio": null,
            "account_receivable_turnover_ratio": null,
            "reinvestment_rate": null,
            "research_to_sale_ratio": null,
            "price_fair": 0,
            "eps_avg_yearly": 0,
            "eps_latest_yearly": 0,
            "eps_growth_yearly": 0
        },
        "20023": {
            "year_quarter": 20023,
            "year": 2002,
            "quarter": 3,
            "eps": null,
            "eps_growth_year": null,
            "eps_4q": null,
            "eps_4q_growth_year": null,
            "roe": null,
            "roe_4q": 0,
            "gross_profit": null,
            "gross_margin": null,
            "gross_margin_4q_avg": 0,
            "net_income": null,
            "revenue": null,
            "common_shares": null,
            "book_valuer_per_share": null,
            "book_valuer_per_share_4q_avg": 0,
            "equity": null,
            "current_ratio": null,
            "debt_ratio": null,
            "inventory_turnover_ratio": null,
            "account_receivable_turnover_ratio": null,
            "reinvestment_rate": null,
            "research_to_sale_ratio": null,
            "price_fair": 0,
            "eps_avg_yearly": 0,
            "eps_latest_yearly": 0,
            "eps_growth_yearly": 0
        },
        "20024": {
            "year_quarter": 20024,
            "year": 2002,
            "quarter": 4,
            "eps": null,
            "eps_growth_year": null,
            "eps_4q": null,
            "eps_4q_growth_year": null,
            "roe": null,
            "roe_4q": 0,
            "gross_profit": null,
            "gross_margin": null,
            "gross_margin_4q_avg": 0,
            "net_income": null,
            "revenue": null,
            "common_shares": null,
            "book_valuer_per_share": null,
            "book_valuer_per_share_4q_avg": 0,
            "equity": null,
            "current_ratio": null,
            "debt_ratio": null,
            "inventory_turnover_ratio": null,
            "account_receivable_turnover_ratio": null,
            "reinvestment_rate": null,
            "research_to_sale_ratio": null,
            "price_fair": 0,
            "eps_avg_yearly": 0,
            "eps_latest_yearly": 0,
            "eps_growth_yearly": 0
        },
        "20031": {
            "year_quarter": 20031,
            "year": 2003,
            "quarter": 1,
            "eps": null,
            "eps_growth_year": null,
            "eps_4q": null,
            "eps_4q_growth_year": null,
            "roe": null,
            "roe_4q": 0,
            "gross_profit": null,
            "gross_margin": null,
            "gross_margin_4q_avg": 0,
            "net_income": null,
            "revenue": null,
            "common_shares": null,
            "book_valuer_per_share": null,
            "book_valuer_per_share_4q_avg": 0,
            "equity": null,
            "current_ratio": null,
            "debt_ratio": null,
            "inventory_turnover_ratio": null,
            "account_receivable_turnover_ratio": null,
            "reinvestment_rate": null,
            "research_to_sale_ratio": null,
            "price_fair": 0,
            "eps_avg_yearly": 0,
            "eps_latest_yearly": 0,
            "eps_growth_yearly": 0
        },
        "20032": {
            "year_quarter": 20032,
            "year": 2003,
            "quarter": 2,
            "eps": null,
            "eps_growth_year": null,
            "eps_4q": null,
            "eps_4q_growth_year": null,
            "roe": null,
            "roe_4q": 0,
            "gross_profit": null,
            "gross_margin": null,
            "gross_margin_4q_avg": 0,
            "net_income": null,
            "revenue": null,
            "common_shares": null,
            "book_valuer_per_share": null,
            "book_valuer_per_share_4q_avg": 0,
            "equity": null,
            "current_ratio": null,
            "debt_ratio": null,
            "inventory_turnover_ratio": null,
            "account_receivable_turnover_ratio": null,
            "reinvestment_rate": null,
            "research_to_sale_ratio": null,
            "price_fair": 0,
            "eps_avg_yearly": 0,
            "eps_latest_yearly": 0,
            "eps_growth_yearly": 0
        },
        "20033": {
            "year_quarter": 20033,
            "year": 2003,
            "quarter": 3,
            "eps": null,
            "eps_growth_year": null,
            "eps_4q": null,
            "eps_4q_growth_year": null,
            "roe": null,
            "roe_4q": 0,
            "gross_profit": null,
            "gross_margin": null,
            "gross_margin_4q_avg": 0,
            "net_income": null,
            "revenue": null,
            "common_shares": null,
            "book_valuer_per_share": null,
            "book_valuer_per_share_4q_avg": 0,
            "equity": null,
            "current_ratio": null,
            "debt_ratio": null,
            "inventory_turnover_ratio": null,
            "account_receivable_turnover_ratio": null,
            "reinvestment_rate": null,
            "research_to_sale_ratio": null,
            "price_fair": 0,
            "eps_avg_yearly": 0,
            "eps_latest_yearly": 0,
            "eps_growth_yearly": 0
        },
        "20034": {
            "year_quarter": 20034,
            "year": 2003,
            "quarter": 4,
            "eps": null,
            "eps_growth_year": null,
            "eps_4q": null,
            "eps_4q_growth_year": null,
            "roe": null,
            "roe_4q": 0,
            "gross_profit": null,
            "gross_margin": null,
            "gross_margin_4q_avg": 0,
            "net_income": null,
            "revenue": null,
            "common_shares": null,
            "book_valuer_per_share": null,
            "book_valuer_per_share_4q_avg": 0,
            "equity": null,
            "current_ratio": null,
            "debt_ratio": null,
            "inventory_turnover_ratio": null,
            "account_receivable_turnover_ratio": null,
            "reinvestment_rate": null,
            "research_to_sale_ratio": null,
            "price_fair": 0,
            "eps_avg_yearly": 0,
            "eps_latest_yearly": 0,
            "eps_growth_yearly": 0
        },
        "20041": {
            "year_quarter": 20041,
            "year": 2004,
            "quarter": 1,
            "eps": null,
            "eps_growth_year": null,
            "eps_4q": null,
            "eps_4q_growth_year": null,
            "roe": null,
            "roe_4q": 0,
            "gross_profit": null,
            "gross_margin": null,
            "gross_margin_4q_avg": 0,
            "net_income": null,
            "revenue": null,
            "common_shares": null,
            "book_valuer_per_share": null,
            "book_valuer_per_share_4q_avg": 0,
            "equity": null,
            "current_ratio": null,
            "debt_ratio": null,
            "inventory_turnover_ratio": null,
            "account_receivable_turnover_ratio": null,
            "reinvestment_rate": null,
            "research_to_sale_ratio": null,
            "price_fair": 0,
            "eps_avg_yearly": 0,
            "eps_latest_yearly": 0,
            "eps_growth_yearly": 0
        },
        "20042": {
            "year_quarter": 20042,
            "year": 2004,
            "quarter": 2,
            "eps": null,
            "eps_growth_year": null,
            "eps_4q": null,
            "eps_4q_growth_year": null,
            "roe": null,
            "roe_4q": 0,
            "gross_profit": null,
            "gross_margin": null,
            "gross_margin_4q_avg": 0,
            "net_income": null,
            "revenue": null,
            "common_shares": null,
            "book_valuer_per_share": null,
            "book_valuer_per_share_4q_avg": 0,
            "equity": null,
            "current_ratio": null,
            "debt_ratio": null,
            "inventory_turnover_ratio": null,
            "account_receivable_turnover_ratio": null,
            "reinvestment_rate": null,
            "research_to_sale_ratio": null,
            "price_fair": 0,
            "eps_avg_yearly": 0,
            "eps_latest_yearly": 0,
            "eps_growth_yearly": 0
        },
        "20043": {
            "year_quarter": 20043,
            "year": 2004,
            "quarter": 3,
            "eps": null,
            "eps_growth_year": null,
            "eps_4q": null,
            "eps_4q_growth_year": null,
            "roe": null,
            "roe_4q": 0,
            "gross_profit": null,
            "gross_margin": null,
            "gross_margin_4q_avg": 0,
            "net_income": null,
            "revenue": null,
            "common_shares": null,
            "book_valuer_per_share": null,
            "book_valuer_per_share_4q_avg": 0,
            "equity": null,
            "current_ratio": null,
            "debt_ratio": null,
            "inventory_turnover_ratio": null,
            "account_receivable_turnover_ratio": null,
            "reinvestment_rate": null,
            "research_to_sale_ratio": null,
            "price_fair": 0,
            "eps_avg_yearly": 0,
            "eps_latest_yearly": 0,
            "eps_growth_yearly": 0
        },
        "20044": {
            "year_quarter": 20044,
            "year": 2004,
            "quarter": 4,
            "eps": null,
            "eps_growth_year": null,
            "eps_4q": null,
            "eps_4q_growth_year": null,
            "roe": null,
            "roe_4q": 0,
            "gross_profit": null,
            "gross_margin": null,
            "gross_margin_4q_avg": 0,
            "net_income": null,
            "revenue": null,
            "common_shares": null,
            "book_valuer_per_share": null,
            "book_valuer_per_share_4q_avg": 0,
            "equity": null,
            "current_ratio": null,
            "debt_ratio": null,
            "inventory_turnover_ratio": null,
            "account_receivable_turnover_ratio": null,
            "reinvestment_rate": null,
            "research_to_sale_ratio": null,
            "price_fair": 0,
            "eps_avg_yearly": 0,
            "eps_latest_yearly": 0,
            "eps_growth_yearly": 0
        },
        "20051": {
            "year_quarter": 20051,
            "year": 2005,
            "quarter": 1,
            "eps": null,
            "eps_growth_year": null,
            "eps_4q": null,
            "eps_4q_growth_year": null,
            "roe": null,
            "roe_4q": 0,
            "gross_profit": null,
            "gross_margin": null,
            "gross_margin_4q_avg": 0,
            "net_income": null,
            "revenue": null,
            "common_shares": null,
            "book_valuer_per_share": null,
            "book_valuer_per_share_4q_avg": 0,
            "equity": null,
            "current_ratio": null,
            "debt_ratio": null,
            "inventory_turnover_ratio": null,
            "account_receivable_turnover_ratio": null,
            "reinvestment_rate": null,
            "research_to_sale_ratio": null,
            "price_fair": 0,
            "eps_avg_yearly": 0,
            "eps_latest_yearly": 0,
            "eps_growth_yearly": 0
        },
        "20052": {
            "year_quarter": 20052,
            "year": 2005,
            "quarter": 2,
            "eps": null,
            "eps_growth_year": null,
            "eps_4q": null,
            "eps_4q_growth_year": null,
            "roe": null,
            "roe_4q": 0,
            "gross_profit": null,
            "gross_margin": null,
            "gross_margin_4q_avg": 0,
            "net_income": null,
            "revenue": null,
            "common_shares": null,
            "book_valuer_per_share": null,
            "book_valuer_per_share_4q_avg": 0,
            "equity": null,
            "current_ratio": null,
            "debt_ratio": null,
            "inventory_turnover_ratio": null,
            "account_receivable_turnover_ratio": null,
            "reinvestment_rate": null,
            "research_to_sale_ratio": null,
            "price_fair": 0,
            "eps_avg_yearly": 0,
            "eps_latest_yearly": 0,
            "eps_growth_yearly": 0
        },
        "20053": {
            "year_quarter": 20053,
            "year": 2005,
            "quarter": 3,
            "eps": null,
            "eps_growth_year": null,
            "eps_4q": null,
            "eps_4q_growth_year": null,
            "roe": null,
            "roe_4q": 0,
            "gross_profit": null,
            "gross_margin": null,
            "gross_margin_4q_avg": 0,
            "net_income": null,
            "revenue": null,
            "common_shares": null,
            "book_valuer_per_share": null,
            "book_valuer_per_share_4q_avg": 0,
            "equity": null,
            "current_ratio": null,
            "debt_ratio": null,
            "inventory_turnover_ratio": null,
            "account_receivable_turnover_ratio": null,
            "reinvestment_rate": null,
            "research_to_sale_ratio": null,
            "price_fair": 0,
            "eps_avg_yearly": 0,
            "eps_latest_yearly": 0,
            "eps_growth_yearly": 0
        },
        "20054": {
            "year_quarter": 20054,
            "year": 2005,
            "quarter": 4,
            "eps": null,
            "eps_growth_year": null,
            "eps_4q": null,
            "eps_4q_growth_year": null,
            "roe": null,
            "roe_4q": 0,
            "gross_profit": null,
            "gross_margin": null,
            "gross_margin_4q_avg": 0,
            "net_income": null,
            "revenue": null,
            "common_shares": null,
            "book_valuer_per_share": null,
            "book_valuer_per_share_4q_avg": 0,
            "equity": null,
            "current_ratio": null,
            "debt_ratio": null,
            "inventory_turnover_ratio": null,
            "account_receivable_turnover_ratio": null,
            "reinvestment_rate": null,
            "research_to_sale_ratio": null,
            "price_fair": 0,
            "eps_avg_yearly": 0,
            "eps_latest_yearly": 0,
            "eps_growth_yearly": 0
        },
        "20061": {
            "year_quarter": 20061,
            "year": 2006,
            "quarter": 1,
            "eps": null,
            "eps_growth_year": null,
            "eps_4q": null,
            "eps_4q_growth_year": null,
            "roe": null,
            "roe_4q": 0,
            "gross_profit": null,
            "gross_margin": null,
            "gross_margin_4q_avg": 0,
            "net_income": null,
            "revenue": null,
            "common_shares": null,
            "book_valuer_per_share": null,
            "book_valuer_per_share_4q_avg": 0,
            "equity": null,
            "current_ratio": null,
            "debt_ratio": null,
            "inventory_turnover_ratio": null,
            "account_receivable_turnover_ratio": null,
            "reinvestment_rate": null,
            "research_to_sale_ratio": null,
            "price_fair": 0,
            "eps_avg_yearly": 0,
            "eps_latest_yearly": 0,
            "eps_growth_yearly": 0
        },
        "20062": {
            "year_quarter": 20062,
            "year": 2006,
            "quarter": 2,
            "eps": null,
            "eps_growth_year": null,
            "eps_4q": null,
            "eps_4q_growth_year": null,
            "roe": null,
            "roe_4q": 0,
            "gross_profit": null,
            "gross_margin": null,
            "gross_margin_4q_avg": 0,
            "net_income": null,
            "revenue": null,
            "common_shares": null,
            "book_valuer_per_share": null,
            "book_valuer_per_share_4q_avg": 0,
            "equity": null,
            "current_ratio": null,
            "debt_ratio": null,
            "inventory_turnover_ratio": null,
            "account_receivable_turnover_ratio": null,
            "reinvestment_rate": null,
            "research_to_sale_ratio": null,
            "price_fair": 0,
            "eps_avg_yearly": 0,
            "eps_latest_yearly": 0,
            "eps_growth_yearly": 0
        },
        "20063": {
            "year_quarter": 20063,
            "year": 2006,
            "quarter": 3,
            "eps": null,
            "eps_growth_year": null,
            "eps_4q": null,
            "eps_4q_growth_year": null,
            "roe": null,
            "roe_4q": 0,
            "gross_profit": null,
            "gross_margin": null,
            "gross_margin_4q_avg": 0,
            "net_income": null,
            "revenue": null,
            "common_shares": null,
            "book_valuer_per_share": null,
            "book_valuer_per_share_4q_avg": 0,
            "equity": null,
            "current_ratio": null,
            "debt_ratio": null,
            "inventory_turnover_ratio": null,
            "account_receivable_turnover_ratio": null,
            "reinvestment_rate": null,
            "research_to_sale_ratio": null,
            "price_fair": 0,
            "eps_avg_yearly": 0,
            "eps_latest_yearly": 0,
            "eps_growth_yearly": 0
        },
        "20064": {
            "year_quarter": 20064,
            "year": 2006,
            "quarter": 4,
            "eps": null,
            "eps_growth_year": null,
            "eps_4q": null,
            "eps_4q_growth_year": null,
            "roe": null,
            "roe_4q": 0,
            "gross_profit": null,
            "gross_margin": null,
            "gross_margin_4q_avg": 0,
            "net_income": null,
            "revenue": null,
            "common_shares": null,
            "book_valuer_per_share": null,
            "book_valuer_per_share_4q_avg": 0,
            "equity": null,
            "current_ratio": null,
            "debt_ratio": null,
            "inventory_turnover_ratio": null,
            "account_receivable_turnover_ratio": null,
            "reinvestment_rate": null,
            "research_to_sale_ratio": null,
            "price_fair": 0,
            "eps_avg_yearly": 0,
            "eps_latest_yearly": 0,
            "eps_growth_yearly": 0
        },
        "20071": {
            "year_quarter": 20071,
            "year": 2007,
            "quarter": 1,
            "eps": null,
            "eps_growth_year": null,
            "eps_4q": null,
            "eps_4q_growth_year": null,
            "roe": null,
            "roe_4q": 0,
            "gross_profit": null,
            "gross_margin": null,
            "gross_margin_4q_avg": 0,
            "net_income": null,
            "revenue": null,
            "common_shares": null,
            "book_valuer_per_share": null,
            "book_valuer_per_share_4q_avg": 0,
            "equity": null,
            "current_ratio": null,
            "debt_ratio": null,
            "inventory_turnover_ratio": null,
            "account_receivable_turnover_ratio": null,
            "reinvestment_rate": null,
            "research_to_sale_ratio": null,
            "price_fair": 0,
            "eps_avg_yearly": 0,
            "eps_latest_yearly": 0,
            "eps_growth_yearly": 0
        },
        "20072": {
            "year_quarter": 20072,
            "year": 2007,
            "quarter": 2,
            "eps": null,
            "eps_growth_year": null,
            "eps_4q": null,
            "eps_4q_growth_year": null,
            "roe": null,
            "roe_4q": 0,
            "gross_profit": null,
            "gross_margin": null,
            "gross_margin_4q_avg": 0,
            "net_income": null,
            "revenue": null,
            "common_shares": null,
            "book_valuer_per_share": null,
            "book_valuer_per_share_4q_avg": 0,
            "equity": null,
            "current_ratio": null,
            "debt_ratio": null,
            "inventory_turnover_ratio": null,
            "account_receivable_turnover_ratio": null,
            "reinvestment_rate": null,
            "research_to_sale_ratio": null,
            "price_fair": 0,
            "eps_avg_yearly": 0,
            "eps_latest_yearly": 0,
            "eps_growth_yearly": 0
        },
        "20073": {
            "year_quarter": 20073,
            "year": 2007,
            "quarter": 3,
            "eps": null,
            "eps_growth_year": null,
            "eps_4q": null,
            "eps_4q_growth_year": null,
            "roe": null,
            "roe_4q": 0,
            "gross_profit": null,
            "gross_margin": null,
            "gross_margin_4q_avg": 0,
            "net_income": null,
            "revenue": null,
            "common_shares": null,
            "book_valuer_per_share": null,
            "book_valuer_per_share_4q_avg": 0,
            "equity": null,
            "current_ratio": null,
            "debt_ratio": null,
            "inventory_turnover_ratio": null,
            "account_receivable_turnover_ratio": null,
            "reinvestment_rate": null,
            "research_to_sale_ratio": null,
            "price_fair": 0,
            "eps_avg_yearly": 0,
            "eps_latest_yearly": 0,
            "eps_growth_yearly": 0
        },
        "20074": {
            "year_quarter": 20074,
            "year": 2007,
            "quarter": 4,
            "eps": null,
            "eps_growth_year": null,
            "eps_4q": null,
            "eps_4q_growth_year": null,
            "roe": null,
            "roe_4q": 0,
            "gross_profit": null,
            "gross_margin": null,
            "gross_margin_4q_avg": 0,
            "net_income": null,
            "revenue": null,
            "common_shares": null,
            "book_valuer_per_share": null,
            "book_valuer_per_share_4q_avg": 0,
            "equity": null,
            "current_ratio": null,
            "debt_ratio": null,
            "inventory_turnover_ratio": null,
            "account_receivable_turnover_ratio": null,
            "reinvestment_rate": null,
            "research_to_sale_ratio": null,
            "price_fair": 0,
            "eps_avg_yearly": 0,
            "eps_latest_yearly": 0,
            "eps_growth_yearly": 0
        },
        "20081": {
            "year_quarter": 20081,
            "year": 2008,
            "quarter": 1,
            "eps": null,
            "eps_growth_year": null,
            "eps_4q": null,
            "eps_4q_growth_year": null,
            "roe": null,
            "roe_4q": 0,
            "gross_profit": null,
            "gross_margin": null,
            "gross_margin_4q_avg": 0,
            "net_income": null,
            "revenue": null,
            "common_shares": null,
            "book_valuer_per_share": null,
            "book_valuer_per_share_4q_avg": 0,
            "equity": null,
            "current_ratio": null,
            "debt_ratio": null,
            "inventory_turnover_ratio": null,
            "account_receivable_turnover_ratio": null,
            "reinvestment_rate": null,
            "research_to_sale_ratio": null,
            "price_fair": 0,
            "eps_avg_yearly": 0,
            "eps_latest_yearly": 0,
            "eps_growth_yearly": 0
        },
        "20082": {
            "year_quarter": 20082,
            "year": 2008,
            "quarter": 2,
            "eps": null,
            "eps_growth_year": null,
            "eps_4q": null,
            "eps_4q_growth_year": null,
            "roe": null,
            "roe_4q": 0,
            "gross_profit": null,
            "gross_margin": null,
            "gross_margin_4q_avg": 0,
            "net_income": null,
            "revenue": null,
            "common_shares": null,
            "book_valuer_per_share": null,
            "book_valuer_per_share_4q_avg": 0,
            "equity": null,
            "current_ratio": null,
            "debt_ratio": null,
            "inventory_turnover_ratio": null,
            "account_receivable_turnover_ratio": null,
            "reinvestment_rate": null,
            "research_to_sale_ratio": null,
            "price_fair": 0,
            "eps_avg_yearly": 0,
            "eps_latest_yearly": 0,
            "eps_growth_yearly": 0
        },
        "20083": {
            "year_quarter": 20083,
            "year": 2008,
            "quarter": 3,
            "eps": null,
            "eps_growth_year": null,
            "eps_4q": null,
            "eps_4q_growth_year": null,
            "roe": null,
            "roe_4q": 0,
            "gross_profit": null,
            "gross_margin": null,
            "gross_margin_4q_avg": 0,
            "net_income": null,
            "revenue": null,
            "common_shares": null,
            "book_valuer_per_share": null,
            "book_valuer_per_share_4q_avg": 0,
            "equity": null,
            "current_ratio": null,
            "debt_ratio": null,
            "inventory_turnover_ratio": null,
            "account_receivable_turnover_ratio": null,
            "reinvestment_rate": null,
            "research_to_sale_ratio": null,
            "price_fair": 0,
            "eps_avg_yearly": 0,
            "eps_latest_yearly": 0,
            "eps_growth_yearly": 0
        },
        "20084": {
            "year_quarter": 20084,
            "year": 2008,
            "quarter": 4,
            "eps": null,
            "eps_growth_year": null,
            "eps_4q": null,
            "eps_4q_growth_year": null,
            "roe": null,
            "roe_4q": 0,
            "gross_profit": null,
            "gross_margin": null,
            "gross_margin_4q_avg": 0,
            "net_income": null,
            "revenue": null,
            "common_shares": null,
            "book_valuer_per_share": null,
            "book_valuer_per_share_4q_avg": 0,
            "equity": null,
            "current_ratio": null,
            "debt_ratio": null,
            "inventory_turnover_ratio": null,
            "account_receivable_turnover_ratio": null,
            "reinvestment_rate": null,
            "research_to_sale_ratio": null,
            "price_fair": 0,
            "eps_avg_yearly": 0,
            "eps_latest_yearly": 0,
            "eps_growth_yearly": 0
        },
        "20091": {
            "year_quarter": 20091,
            "year": 2009,
            "quarter": 1,
            "eps": null,
            "eps_growth_year": null,
            "eps_4q": null,
            "eps_4q_growth_year": null,
            "roe": null,
            "roe_4q": 0,
            "gross_profit": null,
            "gross_margin": null,
            "gross_margin_4q_avg": 0,
            "net_income": null,
            "revenue": null,
            "common_shares": null,
            "book_valuer_per_share": null,
            "book_valuer_per_share_4q_avg": 0,
            "equity": null,
            "current_ratio": null,
            "debt_ratio": null,
            "inventory_turnover_ratio": null,
            "account_receivable_turnover_ratio": null,
            "reinvestment_rate": null,
            "research_to_sale_ratio": null,
            "price_fair": 0,
            "eps_avg_yearly": 0,
            "eps_latest_yearly": 0,
            "eps_growth_yearly": 0
        },
        "20092": {
            "year_quarter": 20092,
            "year": 2009,
            "quarter": 2,
            "eps": null,
            "eps_growth_year": null,
            "eps_4q": null,
            "eps_4q_growth_year": null,
            "roe": null,
            "roe_4q": 0,
            "gross_profit": null,
            "gross_margin": null,
            "gross_margin_4q_avg": 0,
            "net_income": null,
            "revenue": null,
            "common_shares": null,
            "book_valuer_per_share": null,
            "book_valuer_per_share_4q_avg": 0,
            "equity": null,
            "current_ratio": null,
            "debt_ratio": null,
            "inventory_turnover_ratio": null,
            "account_receivable_turnover_ratio": null,
            "reinvestment_rate": null,
            "research_to_sale_ratio": null,
            "price_fair": 0,
            "eps_avg_yearly": 0,
            "eps_latest_yearly": 0,
            "eps_growth_yearly": 0
        },
        "20093": {
            "year_quarter": 20093,
            "year": 2009,
            "quarter": 3,
            "eps": null,
            "eps_growth_year": null,
            "eps_4q": null,
            "eps_4q_growth_year": null,
            "roe": null,
            "roe_4q": 0,
            "gross_profit": null,
            "gross_margin": null,
            "gross_margin_4q_avg": 0,
            "net_income": null,
            "revenue": null,
            "common_shares": null,
            "book_valuer_per_share": null,
            "book_valuer_per_share_4q_avg": 0,
            "equity": null,
            "current_ratio": null,
            "debt_ratio": null,
            "inventory_turnover_ratio": null,
            "account_receivable_turnover_ratio": null,
            "reinvestment_rate": null,
            "research_to_sale_ratio": null,
            "price_fair": 0,
            "eps_avg_yearly": 0,
            "eps_latest_yearly": 0,
            "eps_growth_yearly": 0
        },
        "20094": {
            "year_quarter": 20094,
            "year": 2009,
            "quarter": 4,
            "eps": null,
            "eps_growth_year": null,
            "eps_4q": null,
            "eps_4q_growth_year": null,
            "roe": null,
            "roe_4q": 0,
            "gross_profit": null,
            "gross_margin": null,
            "gross_margin_4q_avg": 0,
            "net_income": null,
            "revenue": null,
            "common_shares": null,
            "book_valuer_per_share": null,
            "book_valuer_per_share_4q_avg": 0,
            "equity": null,
            "current_ratio": null,
            "debt_ratio": null,
            "inventory_turnover_ratio": null,
            "account_receivable_turnover_ratio": null,
            "reinvestment_rate": null,
            "research_to_sale_ratio": null,
            "price_fair": 0,
            "eps_avg_yearly": 0,
            "eps_latest_yearly": 0,
            "eps_growth_yearly": 0
        },
        "20101": {
            "year_quarter": 20101,
            "year": 2010,
            "quarter": 1,
            "eps": null,
            "eps_growth_year": null,
            "eps_4q": null,
            "eps_4q_growth_year": null,
            "roe": null,
            "roe_4q": 0,
            "gross_profit": null,
            "gross_margin": null,
            "gross_margin_4q_avg": 0,
            "net_income": null,
            "revenue": null,
            "common_shares": null,
            "book_valuer_per_share": null,
            "book_valuer_per_share_4q_avg": 0,
            "equity": null,
            "current_ratio": null,
            "debt_ratio": null,
            "inventory_turnover_ratio": null,
            "account_receivable_turnover_ratio": null,
            "reinvestment_rate": null,
            "research_to_sale_ratio": null,
            "price_fair": 0,
            "eps_avg_yearly": 0,
            "eps_latest_yearly": 0,
            "eps_growth_yearly": 0
        },
        "20102": {
            "year_quarter": 20102,
            "year": 2010,
            "quarter": 2,
            "eps": null,
            "eps_growth_year": null,
            "eps_4q": null,
            "eps_4q_growth_year": null,
            "roe": null,
            "roe_4q": 0,
            "gross_profit": null,
            "gross_margin": null,
            "gross_margin_4q_avg": 0,
            "net_income": null,
            "revenue": null,
            "common_shares": null,
            "book_valuer_per_share": null,
            "book_valuer_per_share_4q_avg": 0,
            "equity": null,
            "current_ratio": null,
            "debt_ratio": null,
            "inventory_turnover_ratio": null,
            "account_receivable_turnover_ratio": null,
            "reinvestment_rate": null,
            "research_to_sale_ratio": null,
            "price_fair": 0,
            "eps_avg_yearly": 0,
            "eps_latest_yearly": 0,
            "eps_growth_yearly": 0
        },
        "20103": {
            "year_quarter": 20103,
            "year": 2010,
            "quarter": 3,
            "eps": null,
            "eps_growth_year": null,
            "eps_4q": null,
            "eps_4q_growth_year": null,
            "roe": null,
            "roe_4q": 0,
            "gross_profit": null,
            "gross_margin": null,
            "gross_margin_4q_avg": 0,
            "net_income": null,
            "revenue": null,
            "common_shares": null,
            "book_valuer_per_share": null,
            "book_valuer_per_share_4q_avg": 0,
            "equity": null,
            "current_ratio": null,
            "debt_ratio": null,
            "inventory_turnover_ratio": null,
            "account_receivable_turnover_ratio": null,
            "reinvestment_rate": null,
            "research_to_sale_ratio": null,
            "price_fair": 0,
            "eps_avg_yearly": 0,
            "eps_latest_yearly": 0,
            "eps_growth_yearly": 0
        },
        "20104": {
            "year_quarter": 20104,
            "year": 2010,
            "quarter": 4,
            "eps": null,
            "eps_growth_year": null,
            "eps_4q": null,
            "eps_4q_growth_year": null,
            "roe": null,
            "roe_4q": 0,
            "gross_profit": null,
            "gross_margin": null,
            "gross_margin_4q_avg": 0,
            "net_income": null,
            "revenue": null,
            "common_shares": null,
            "book_valuer_per_share": null,
            "book_valuer_per_share_4q_avg": 0,
            "equity": null,
            "current_ratio": null,
            "debt_ratio": null,
            "inventory_turnover_ratio": null,
            "account_receivable_turnover_ratio": null,
            "reinvestment_rate": null,
            "research_to_sale_ratio": null,
            "price_fair": 0,
            "eps_avg_yearly": 0,
            "eps_latest_yearly": 0,
            "eps_growth_yearly": 0
        },
        "20111": {
            "year_quarter": 20111,
            "year": 2011,
            "quarter": 1,
            "eps": null,
            "eps_growth_year": null,
            "eps_4q": null,
            "eps_4q_growth_year": null,
            "roe": null,
            "roe_4q": 0,
            "gross_profit": null,
            "gross_margin": null,
            "gross_margin_4q_avg": 0,
            "net_income": null,
            "revenue": null,
            "common_shares": null,
            "book_valuer_per_share": null,
            "book_valuer_per_share_4q_avg": 0,
            "equity": null,
            "current_ratio": null,
            "debt_ratio": null,
            "inventory_turnover_ratio": null,
            "account_receivable_turnover_ratio": null,
            "reinvestment_rate": null,
            "research_to_sale_ratio": null,
            "price_fair": 0,
            "eps_avg_yearly": 0,
            "eps_latest_yearly": 0,
            "eps_growth_yearly": 0
        },
        "20112": {
            "year_quarter": 20112,
            "year": 2011,
            "quarter": 2,
            "eps": null,
            "eps_growth_year": null,
            "eps_4q": null,
            "eps_4q_growth_year": null,
            "roe": null,
            "roe_4q": 0,
            "gross_profit": null,
            "gross_margin": null,
            "gross_margin_4q_avg": 0,
            "net_income": null,
            "revenue": null,
            "common_shares": null,
            "book_valuer_per_share": null,
            "book_valuer_per_share_4q_avg": 0,
            "equity": null,
            "current_ratio": null,
            "debt_ratio": null,
            "inventory_turnover_ratio": null,
            "account_receivable_turnover_ratio": null,
            "reinvestment_rate": null,
            "research_to_sale_ratio": null,
            "price_fair": 0,
            "eps_avg_yearly": 0,
            "eps_latest_yearly": 0,
            "eps_growth_yearly": 0
        },
        "20113": {
            "year_quarter": 20113,
            "year": 2011,
            "quarter": 3,
            "eps": null,
            "eps_growth_year": null,
            "eps_4q": null,
            "eps_4q_growth_year": null,
            "roe": null,
            "roe_4q": 0,
            "gross_profit": null,
            "gross_margin": null,
            "gross_margin_4q_avg": 0,
            "net_income": null,
            "revenue": null,
            "common_shares": null,
            "book_valuer_per_share": null,
            "book_valuer_per_share_4q_avg": 0,
            "equity": null,
            "current_ratio": null,
            "debt_ratio": null,
            "inventory_turnover_ratio": null,
            "account_receivable_turnover_ratio": null,
            "reinvestment_rate": null,
            "research_to_sale_ratio": null,
            "price_fair": 0,
            "eps_avg_yearly": 0,
            "eps_latest_yearly": 0,
            "eps_growth_yearly": 0
        },
        "20114": {
            "year_quarter": 20114,
            "year": 2011,
            "quarter": 4,
            "eps": null,
            "eps_growth_year": null,
            "eps_4q": null,
            "eps_4q_growth_year": null,
            "roe": null,
            "roe_4q": 0,
            "gross_profit": null,
            "gross_margin": null,
            "gross_margin_4q_avg": 0,
            "net_income": null,
            "revenue": null,
            "common_shares": null,
            "book_valuer_per_share": null,
            "book_valuer_per_share_4q_avg": 0,
            "equity": null,
            "current_ratio": null,
            "debt_ratio": null,
            "inventory_turnover_ratio": null,
            "account_receivable_turnover_ratio": null,
            "reinvestment_rate": null,
            "research_to_sale_ratio": null,
            "price_fair": 0,
            "eps_avg_yearly": 0,
            "eps_latest_yearly": 0,
            "eps_growth_yearly": 0
        },
        "20121": {
            "year_quarter": 20121,
            "year": 2012,
            "quarter": 1,
            "eps": null,
            "eps_growth_year": null,
            "eps_4q": null,
            "eps_4q_growth_year": null,
            "roe": null,
            "roe_4q": 0,
            "gross_profit": null,
            "gross_margin": null,
            "gross_margin_4q_avg": 0,
            "net_income": null,
            "revenue": null,
            "common_shares": null,
            "book_valuer_per_share": null,
            "book_valuer_per_share_4q_avg": 0,
            "equity": null,
            "current_ratio": null,
            "debt_ratio": null,
            "inventory_turnover_ratio": null,
            "account_receivable_turnover_ratio": null,
            "reinvestment_rate": null,
            "research_to_sale_ratio": null,
            "price_fair": 0,
            "eps_avg_yearly": 0,
            "eps_latest_yearly": 0,
            "eps_growth_yearly": 0
        },
        "20122": {
            "year_quarter": 20122,
            "year": 2012,
            "quarter": 2,
            "eps": null,
            "eps_growth_year": null,
            "eps_4q": null,
            "eps_4q_growth_year": null,
            "roe": null,
            "roe_4q": 0,
            "gross_profit": null,
            "gross_margin": null,
            "gross_margin_4q_avg": 0,
            "net_income": null,
            "revenue": null,
            "common_shares": null,
            "book_valuer_per_share": null,
            "book_valuer_per_share_4q_avg": 0,
            "equity": null,
            "current_ratio": null,
            "debt_ratio": null,
            "inventory_turnover_ratio": null,
            "account_receivable_turnover_ratio": null,
            "reinvestment_rate": null,
            "research_to_sale_ratio": null,
            "price_fair": 0,
            "eps_avg_yearly": 0,
            "eps_latest_yearly": 0,
            "eps_growth_yearly": 0
        },
        "20123": {
            "year_quarter": 20123,
            "year": 2012,
            "quarter": 3,
            "eps": null,
            "eps_growth_year": null,
            "eps_4q": null,
            "eps_4q_growth_year": null,
            "roe": null,
            "roe_4q": 0,
            "gross_profit": null,
            "gross_margin": null,
            "gross_margin_4q_avg": 0,
            "net_income": null,
            "revenue": null,
            "common_shares": null,
            "book_valuer_per_share": null,
            "book_valuer_per_share_4q_avg": 0,
            "equity": null,
            "current_ratio": null,
            "debt_ratio": null,
            "inventory_turnover_ratio": null,
            "account_receivable_turnover_ratio": null,
            "reinvestment_rate": null,
            "research_to_sale_ratio": null,
            "price_fair": 0,
            "eps_avg_yearly": 0,
            "eps_latest_yearly": 0,
            "eps_growth_yearly": 0
        },
        "20124": {
            "year_quarter": 20124,
            "year": 2012,
            "quarter": 4,
            "eps": null,
            "eps_growth_year": null,
            "eps_4q": null,
            "eps_4q_growth_year": null,
            "roe": null,
            "roe_4q": 0,
            "gross_profit": null,
            "gross_margin": null,
            "gross_margin_4q_avg": 0,
            "net_income": null,
            "revenue": null,
            "common_shares": 454373,
            "book_valuer_per_share": 38.52,
            "book_valuer_per_share_4q_avg": 9.63,
            "equity": 1750440,
            "current_ratio": 94.84,
            "debt_ratio": 60.32,
            "inventory_turnover_ratio": null,
            "account_receivable_turnover_ratio": null,
            "reinvestment_rate": null,
            "research_to_sale_ratio": null,
            "price_fair": 0,
            "eps_avg_yearly": 0,
            "eps_latest_yearly": 0,
            "eps_growth_yearly": 0
        },
        "20131": {
            "year_quarter": 20131,
            "year": 2013,
            "quarter": 1,
            "eps": null,
            "eps_growth_year": null,
            "eps_4q": null,
            "eps_4q_growth_year": null,
            "roe": null,
            "roe_4q": 0,
            "gross_profit": null,
            "gross_margin": null,
            "gross_margin_4q_avg": 0,
            "net_income": null,
            "revenue": null,
            "common_shares": null,
            "book_valuer_per_share": null,
            "book_valuer_per_share_4q_avg": 9.63,
            "equity": null,
            "current_ratio": null,
            "debt_ratio": null,
            "inventory_turnover_ratio": null,
            "account_receivable_turnover_ratio": null,
            "reinvestment_rate": null,
            "research_to_sale_ratio": null,
            "price_fair": 0,
            "eps_avg_yearly": 0,
            "eps_latest_yearly": 0,
            "eps_growth_yearly": 0
        },
        "20132": {
            "year_quarter": 20132,
            "year": 2013,
            "quarter": 2,
            "eps": null,
            "eps_growth_year": null,
            "eps_4q": null,
            "eps_4q_growth_year": null,
            "roe": null,
            "roe_4q": 0,
            "gross_profit": null,
            "gross_margin": null,
            "gross_margin_4q_avg": 0,
            "net_income": null,
            "revenue": null,
            "common_shares": null,
            "book_valuer_per_share": null,
            "book_valuer_per_share_4q_avg": 9.63,
            "equity": null,
            "current_ratio": null,
            "debt_ratio": null,
            "inventory_turnover_ratio": null,
            "account_receivable_turnover_ratio": null,
            "reinvestment_rate": null,
            "research_to_sale_ratio": null,
            "price_fair": 0,
            "eps_avg_yearly": 0,
            "eps_latest_yearly": 0,
            "eps_growth_yearly": 0
        },
        "20133": {
            "year_quarter": 20133,
            "year": 2013,
            "quarter": 3,
            "eps": null,
            "eps_growth_year": null,
            "eps_4q": null,
            "eps_4q_growth_year": null,
            "roe": null,
            "roe_4q": 0,
            "gross_profit": null,
            "gross_margin": null,
            "gross_margin_4q_avg": 0,
            "net_income": null,
            "revenue": null,
            "common_shares": null,
            "book_valuer_per_share": null,
            "book_valuer_per_share_4q_avg": 9.63,
            "equity": null,
            "current_ratio": null,
            "debt_ratio": null,
            "inventory_turnover_ratio": null,
            "account_receivable_turnover_ratio": null,
            "reinvestment_rate": null,
            "research_to_sale_ratio": null,
            "price_fair": 0,
            "eps_avg_yearly": 0,
            "eps_latest_yearly": 0,
            "eps_growth_yearly": 0
        },
        "20134": {
            "year_quarter": 20134,
            "year": 2013,
            "quarter": 4,
            "eps": null,
            "eps_growth_year": null,
            "eps_4q": null,
            "eps_4q_growth_year": null,
            "roe": null,
            "roe_4q": 0,
            "gross_profit": null,
            "gross_margin": null,
            "gross_margin_4q_avg": 0,
            "net_income": null,
            "revenue": null,
            "common_shares": null,
            "book_valuer_per_share": null,
            "book_valuer_per_share_4q_avg": 0,
            "equity": null,
            "current_ratio": null,
            "debt_ratio": null,
            "inventory_turnover_ratio": null,
            "account_receivable_turnover_ratio": null,
            "reinvestment_rate": null,
            "research_to_sale_ratio": null,
            "price_fair": 0,
            "eps_avg_yearly": 0,
            "eps_latest_yearly": 0,
            "eps_growth_yearly": 0
        },
        "20141": {
            "year_quarter": 20141,
            "year": 2014,
            "quarter": 1,
            "eps": null,
            "eps_growth_year": null,
            "eps_4q": null,
            "eps_4q_growth_year": null,
            "roe": null,
            "roe_4q": 0,
            "gross_profit": null,
            "gross_margin": null,
            "gross_margin_4q_avg": 0,
            "net_income": null,
            "revenue": null,
            "common_shares": null,
            "book_valuer_per_share": null,
            "book_valuer_per_share_4q_avg": 0,
            "equity": null,
            "current_ratio": null,
            "debt_ratio": null,
            "inventory_turnover_ratio": null,
            "account_receivable_turnover_ratio": null,
            "reinvestment_rate": null,
            "research_to_sale_ratio": null,
            "price_fair": 0,
            "eps_avg_yearly": 0,
            "eps_latest_yearly": 0,
            "eps_growth_yearly": 0
        },
        "20142": {
            "year_quarter": 20142,
            "year": 2014,
            "quarter": 2,
            "eps": null,
            "eps_growth_year": null,
            "eps_4q": null,
            "eps_4q_growth_year": null,
            "roe": null,
            "roe_4q": 0,
            "gross_profit": null,
            "gross_margin": null,
            "gross_margin_4q_avg": 0,
            "net_income": null,
            "revenue": null,
            "common_shares": 645247,
            "book_valuer_per_share": null,
            "book_valuer_per_share_4q_avg": 0,
            "equity": 2662010,
            "current_ratio": null,
            "debt_ratio": null,
            "inventory_turnover_ratio": null,
            "account_receivable_turnover_ratio": null,
            "reinvestment_rate": null,
            "research_to_sale_ratio": null,
            "price_fair": 0,
            "eps_avg_yearly": 0,
            "eps_latest_yearly": 0,
            "eps_growth_yearly": 0
        },
        "20143": {
            "year_quarter": 20143,
            "year": 2014,
            "quarter": 3,
            "eps": null,
            "eps_growth_year": null,
            "eps_4q": null,
            "eps_4q_growth_year": null,
            "roe": null,
            "roe_4q": 0,
            "gross_profit": null,
            "gross_margin": null,
            "gross_margin_4q_avg": 0,
            "net_income": null,
            "revenue": null,
            "common_shares": null,
            "book_valuer_per_share": null,
            "book_valuer_per_share_4q_avg": 0,
            "equity": null,
            "current_ratio": null,
            "debt_ratio": null,
            "inventory_turnover_ratio": null,
            "account_receivable_turnover_ratio": null,
            "reinvestment_rate": null,
            "research_to_sale_ratio": null,
            "price_fair": 0,
            "eps_avg_yearly": 0,
            "eps_latest_yearly": 0,
            "eps_growth_yearly": 0
        },
        "20144": {
            "year_quarter": 20144,
            "year": 2014,
            "quarter": 4,
            "eps": null,
            "eps_growth_year": null,
            "eps_4q": null,
            "eps_4q_growth_year": null,
            "roe": null,
            "roe_4q": 0,
            "gross_profit": null,
            "gross_margin": null,
            "gross_margin_4q_avg": 0,
            "net_income": null,
            "revenue": null,
            "common_shares": 802034,
            "book_valuer_per_share": null,
            "book_valuer_per_share_4q_avg": 0,
            "equity": 4182521,
            "current_ratio": null,
            "debt_ratio": null,
            "inventory_turnover_ratio": null,
            "account_receivable_turnover_ratio": null,
            "reinvestment_rate": null,
            "research_to_sale_ratio": null,
            "price_fair": 0,
            "eps_avg_yearly": 0,
            "eps_latest_yearly": 0,
            "eps_growth_yearly": 0
        },
        "20151": {
            "year_quarter": 20151,
            "year": 2015,
            "quarter": 1,
            "eps": null,
            "eps_growth_year": null,
            "eps_4q": null,
            "eps_4q_growth_year": null,
            "roe": null,
            "roe_4q": 0,
            "gross_profit": 34770,
            "gross_margin": null,
            "gross_margin_4q_avg": 0,
            "net_income": -74539,
            "revenue": 559328,
            "common_shares": 802034,
            "book_valuer_per_share": null,
            "book_valuer_per_share_4q_avg": 0,
            "equity": 4083321,
            "current_ratio": null,
            "debt_ratio": null,
            "inventory_turnover_ratio": null,
            "account_receivable_turnover_ratio": null,
            "reinvestment_rate": null,
            "research_to_sale_ratio": null,
            "price_fair": 0,
            "eps_avg_yearly": 0,
            "eps_latest_yearly": 0,
            "eps_growth_yearly": 0
        },
        "20152": {
            "year_quarter": 20152,
            "year": 2015,
            "quarter": 2,
            "eps": null,
            "eps_growth_year": null,
            "eps_4q": null,
            "eps_4q_growth_year": null,
            "roe": null,
            "roe_4q": 0,
            "gross_profit": 453544,
            "gross_margin": null,
            "gross_margin_4q_avg": 0,
            "net_income": 214686,
            "revenue": 2289667,
            "common_shares": 922339,
            "book_valuer_per_share": 43.09,
            "book_valuer_per_share_4q_avg": 10.77,
            "equity": 3980305,
            "current_ratio": 144.89,
            "debt_ratio": 55.74,
            "inventory_turnover_ratio": null,
            "account_receivable_turnover_ratio": null,
            "reinvestment_rate": null,
            "research_to_sale_ratio": null,
            "price_fair": 0,
            "eps_avg_yearly": 0,
            "eps_latest_yearly": 0,
            "eps_growth_yearly": 0
        },
        "20153": {
            "year_quarter": 20153,
            "year": 2015,
            "quarter": 3,
            "eps": null,
            "eps_growth_year": null,
            "eps_4q": null,
            "eps_4q_growth_year": null,
            "roe": null,
            "roe_4q": 0,
            "gross_profit": 1082160,
            "gross_margin": null,
            "gross_margin_4q_avg": 0,
            "net_income": 739642,
            "revenue": 4850028,
            "common_shares": 922339,
            "book_valuer_per_share": 50.76,
            "book_valuer_per_share_4q_avg": 23.46,
            "equity": 4688430,
            "current_ratio": 182.81,
            "debt_ratio": 43.83,
            "inventory_turnover_ratio": null,
            "account_receivable_turnover_ratio": null,
            "reinvestment_rate": null,
            "research_to_sale_ratio": null,
            "price_fair": 0,
            "eps_avg_yearly": 0,
            "eps_latest_yearly": 0,
            "eps_growth_yearly": 0
        },
        "20154": {
            "year_quarter": 20154,
            "year": 2015,
            "quarter": 4,
            "eps": null,
            "eps_growth_year": null,
            "eps_4q": null,
            "eps_4q_growth_year": null,
            "roe": null,
            "roe_4q": 0,
            "gross_profit": 241353,
            "gross_margin": null,
            "gross_margin_4q_avg": 0,
            "net_income": 60805,
            "revenue": 1668987,
            "common_shares": 922339,
            "book_valuer_per_share": 51.21,
            "book_valuer_per_share_4q_avg": 36.27,
            "equity": 4709529,
            "current_ratio": 236.34,
            "debt_ratio": 32.45,
            "inventory_turnover_ratio": null,
            "account_receivable_turnover_ratio": null,
            "reinvestment_rate": null,
            "research_to_sale_ratio": null,
            "price_fair": 0,
            "eps_avg_yearly": 0,
            "eps_latest_yearly": 0,
            "eps_growth_yearly": 0
        },
        "20161": {
            "year_quarter": 20161,
            "year": 2016,
            "quarter": 1,
            "eps": -0.95,
            "eps_growth_year": null,
            "eps_4q": -0.95,
            "eps_4q_growth_year": null,
            "roe": -1.88,
            "roe_4q": -1.88,
            "gross_profit": 30999,
            "gross_margin": 4.55,
            "gross_margin_4q_avg": 1.14,
            "net_income": -87599,
            "revenue": 681724,
            "common_shares": 922339,
            "book_valuer_per_share": 50.01,
            "book_valuer_per_share_4q_avg": 48.77,
            "equity": 4599196,
            "current_ratio": 183.78,
            "debt_ratio": 41.43,
            "inventory_turnover_ratio": 0.29,
            "account_receivable_turnover_ratio": 1.64,
            "reinvestment_rate": null,
            "research_to_sale_ratio": 3.63,
            "price_fair": 0,
            "eps_avg_yearly": 0,
            "eps_latest_yearly": 0,
            "eps_growth_yearly": 0
        },
        "20162": {
            "year_quarter": 20162,
            "year": 2016,
            "quarter": 2,
            "eps": 1.82,
            "eps_growth_year": null,
            "eps_4q": 0.87,
            "eps_4q_growth_year": null,
            "roe": 3.85,
            "roe_4q": 1.9700000000000002,
            "gross_profit": 425971,
            "gross_margin": 18.93,
            "gross_margin_4q_avg": 5.87,
            "net_income": 167304,
            "revenue": 2249801,
            "common_shares": 922339,
            "book_valuer_per_share": 44.37,
            "book_valuer_per_share_4q_avg": 49.09,
            "equity": 4081409,
            "current_ratio": 143.84,
            "debt_ratio": 53.61,
            "inventory_turnover_ratio": 0.55,
            "account_receivable_turnover_ratio": 2.55,
            "reinvestment_rate": null,
            "research_to_sale_ratio": 1.24,
            "price_fair": 0,
            "eps_avg_yearly": 0,
            "eps_latest_yearly": 0,
            "eps_growth_yearly": 0
        },
        "20163": {
            "year_quarter": 20163,
            "year": 2016,
            "quarter": 3,
            "eps": 6.61,
            "eps_growth_year": null,
            "eps_4q": 7.48,
            "eps_4q_growth_year": null,
            "roe": 14,
            "roe_4q": 15.970000000000002,
            "gross_profit": 932056,
            "gross_margin": 20.92,
            "gross_margin_4q_avg": 11.1,
            "net_income": 607291,
            "revenue": 4455804,
            "common_shares": 922339,
            "book_valuer_per_share": 49.96,
            "book_valuer_per_share_4q_avg": 48.89,
            "equity": 4594038,
            "current_ratio": 169.28,
            "debt_ratio": 45.56,
            "inventory_turnover_ratio": 1.34,
            "account_receivable_turnover_ratio": 2.01,
            "reinvestment_rate": null,
            "research_to_sale_ratio": 0.54,
            "price_fair": 925.4,
            "eps_avg_yearly": 26.44,
            "eps_latest_yearly": 26.44,
            "eps_growth_yearly": 1052.75
        },
        "20164": {
            "year_quarter": 20164,
            "year": 2016,
            "quarter": 4,
            "eps": 0.11,
            "eps_growth_year": null,
            "eps_4q": 6.76,
            "eps_4q_growth_year": null,
            "roe": 0.2,
            "roe_4q": 16.17,
            "gross_profit": 114473,
            "gross_margin": 6.93,
            "gross_margin_4q_avg": 12.83,
            "net_income": 11311,
            "revenue": 1651489,
            "common_shares": 1037639,
            "book_valuer_per_share": 63.43,
            "book_valuer_per_share_4q_avg": 51.94,
            "equity": 6572759,
            "current_ratio": 426.63,
            "debt_ratio": 18.83,
            "inventory_turnover_ratio": 1.04,
            "account_receivable_turnover_ratio": 0.9,
            "reinvestment_rate": null,
            "research_to_sale_ratio": 1.61,
            "price_fair": 470.4,
            "eps_avg_yearly": 13.44,
            "eps_latest_yearly": 0.44,
            "eps_growth_yearly": 329.7
        },
        "20171": {
            "year_quarter": 20171,
            "year": 2017,
            "quarter": 1,
            "eps": -1.73,
            "eps_growth_year": null,
            "eps_4q": 5.88,
            "eps_4q_growth_year": null,
            "roe": -2.73,
            "roe_4q": 15.32,
            "gross_profit": -1000,
            "gross_margin": -0.13,
            "gross_margin_4q_avg": 11.66,
            "net_income": -177928,
            "revenue": 786852,
            "common_shares": 1037639,
            "book_valuer_per_share": 60.31,
            "book_valuer_per_share_4q_avg": 54.52,
            "equity": 6445878,
            "current_ratio": 269.33,
            "debt_ratio": 28.12,
            "inventory_turnover_ratio": 0.37,
            "account_receivable_turnover_ratio": 1.4,
            "reinvestment_rate": null,
            "research_to_sale_ratio": 3.45,
            "price_fair": 470.4,
            "eps_avg_yearly": 13.44,
            "eps_latest_yearly": 0.44,
            "eps_growth_yearly": 329.7
        },
        "20172": {
            "year_quarter": 20172,
            "year": 2017,
            "quarter": 2,
            "eps": 1.41,
            "eps_growth_year": -22.53,
            "eps_4q": 5.67,
            "eps_4q_growth_year": 551.02,
            "roe": 2.44,
            "roe_4q": 13.91,
            "gross_profit": 340593,
            "gross_margin": 17.7,
            "gross_margin_4q_avg": 11.36,
            "net_income": 151988,
            "revenue": 1924157,
            "common_shares": 1037639,
            "book_valuer_per_share": 55.83,
            "book_valuer_per_share_4q_avg": 57.38,
            "equity": 6002815,
            "current_ratio": 180.32,
            "debt_ratio": 41.68,
            "inventory_turnover_ratio": 0.44,
            "account_receivable_turnover_ratio": 2.32,
            "reinvestment_rate": null,
            "research_to_sale_ratio": 1.6,
            "price_fair": 470.4,
            "eps_avg_yearly": 13.44,
            "eps_latest_yearly": 0.44,
            "eps_growth_yearly": 329.7
        },
        "20173": {
            "year_quarter": 20173,
            "year": 2017,
            "quarter": 3,
            "eps": 5.68,
            "eps_growth_year": -14.07,
            "eps_4q": 5.47,
            "eps_4q_growth_year": -26.91,
            "roe": 9.42,
            "roe_4q": 9.329999999999998,
            "gross_profit": 894815,
            "gross_margin": 18.31,
            "gross_margin_4q_avg": 10.7,
            "net_income": 594563,
            "revenue": 4886882,
            "common_shares": 1037639,
            "book_valuer_per_share": 61.71,
            "book_valuer_per_share_4q_avg": 60.32,
            "equity": 6626525,
            "current_ratio": 206.94,
            "debt_ratio": 36.71,
            "inventory_turnover_ratio": 1.15,
            "account_receivable_turnover_ratio": 2.1,
            "reinvestment_rate": null,
            "research_to_sale_ratio": 0.6,
            "price_fair": 578.67,
            "eps_avg_yearly": 16.53,
            "eps_latest_yearly": 22.72,
            "eps_growth_yearly": 623.58
        },
        "20174": {
            "year_quarter": 20174,
            "year": 2017,
            "quarter": 4,
            "eps": -0.29,
            "eps_growth_year": -354.42,
            "eps_4q": 5.07,
            "eps_4q_growth_year": -25.06,
            "roe": -0.33,
            "roe_4q": 8.799999999999999,
            "gross_profit": 188674,
            "gross_margin": 7.24,
            "gross_margin_4q_avg": 10.78,
            "net_income": -21627,
            "revenue": 2605764,
            "common_shares": 1037639,
            "book_valuer_per_share": 61.19,
            "book_valuer_per_share_4q_avg": 59.76,
            "equity": 6577033,
            "current_ratio": 290.08,
            "debt_ratio": 24.34,
            "inventory_turnover_ratio": 1,
            "account_receivable_turnover_ratio": 1.16,
            "reinvestment_rate": null,
            "research_to_sale_ratio": 1.13,
            "price_fair": 578.67,
            "eps_avg_yearly": 16.53,
            "eps_latest_yearly": 22.72,
            "eps_growth_yearly": 623.58
        },
        "20181": {
            "year_quarter": 20181,
            "year": 2018,
            "quarter": 1,
            "eps": -1.22,
            "eps_growth_year": null,
            "eps_4q": 5.58,
            "eps_4q_growth_year": -5.06,
            "roe": -1.91,
            "roe_4q": 9.62,
            "gross_profit": 73200,
            "gross_margin": 6.29,
            "gross_margin_4q_avg": 12.39,
            "net_income": -124756,
            "revenue": 1164634,
            "common_shares": 1037639,
            "book_valuer_per_share": 59.99,
            "book_valuer_per_share_4q_avg": 59.68,
            "equity": 6515327,
            "current_ratio": 216.75,
            "debt_ratio": 32.32,
            "inventory_turnover_ratio": 0.36,
            "account_receivable_turnover_ratio": 1.41,
            "reinvestment_rate": null,
            "research_to_sale_ratio": 2.71,
            "price_fair": 578.67,
            "eps_avg_yearly": 16.53,
            "eps_latest_yearly": 22.72,
            "eps_growth_yearly": 623.58
        },
        "20182": {
            "year_quarter": 20182,
            "year": 2018,
            "quarter": 2,
            "eps": 2.48,
            "eps_growth_year": 75.89,
            "eps_4q": 6.66,
            "eps_4q_growth_year": 17.44,
            "roe": 4.21,
            "roe_4q": 11.39,
            "gross_profit": 626324,
            "gross_margin": 21.31,
            "gross_margin_4q_avg": 13.29,
            "net_income": 281301,
            "revenue": 2938452,
            "common_shares": 1037639,
            "book_valuer_per_share": 58.47,
            "book_valuer_per_share_4q_avg": 60.34,
            "equity": 6834663,
            "current_ratio": 160.35,
            "debt_ratio": 47.08,
            "inventory_turnover_ratio": 0.49,
            "account_receivable_turnover_ratio": 2.29,
            "reinvestment_rate": null,
            "research_to_sale_ratio": 1.56,
            "price_fair": 578.67,
            "eps_avg_yearly": 16.53,
            "eps_latest_yearly": 22.72,
            "eps_growth_yearly": 623.58
        },
        "20183": {
            "year_quarter": 20183,
            "year": 2018,
            "quarter": 3,
            "eps": 5.97,
            "eps_growth_year": 5.11,
            "eps_4q": 6.95,
            "eps_4q_growth_year": 26.99,
            "roe": 9.25,
            "roe_4q": 11.22,
            "gross_profit": 1153993,
            "gross_margin": 18.79,
            "gross_margin_4q_avg": 13.41,
            "net_income": 658496,
            "revenue": 6142558,
            "common_shares": 1037639,
            "book_valuer_per_share": 63.75,
            "book_valuer_per_share_4q_avg": 60.85,
            "equity": 7397243,
            "current_ratio": 180.07,
            "debt_ratio": 42.17,
            "inventory_turnover_ratio": 1.1,
            "account_receivable_turnover_ratio": 2.21,
            "reinvestment_rate": null,
            "research_to_sale_ratio": 0.75,
            "price_fair": 642.95,
            "eps_avg_yearly": 18.37,
            "eps_latest_yearly": 23.88,
            "eps_growth_yearly": 608.41
        },
        "20184": {
            "year_quarter": 20184,
            "year": 2018,
            "quarter": 4,
            "eps": 0.2,
            "eps_growth_year": null,
            "eps_4q": 7.43,
            "eps_4q_growth_year": 46.69,
            "roe": 0.57,
            "roe_4q": 12.120000000000001,
            "gross_profit": 356830,
            "gross_margin": 11.76,
            "gross_margin_4q_avg": 14.54,
            "net_income": 42000,
            "revenue": 3034796,
            "common_shares": 1033753,
            "book_valuer_per_share": 64.1,
            "book_valuer_per_share_4q_avg": 61.58,
            "equity": 7454582,
            "current_ratio": 249.86,
            "debt_ratio": 31.15,
            "inventory_turnover_ratio": 0.75,
            "account_receivable_turnover_ratio": 1.23,
            "reinvestment_rate": 27.32,
            "research_to_sale_ratio": 1.65,
            "price_fair": 519.96,
            "eps_avg_yearly": 14.86,
            "eps_latest_yearly": 0.8,
            "eps_growth_yearly": 409.41
        },
        "20191": {
            "year_quarter": 20191,
            "year": 2019,
            "quarter": 1,
            "eps": -0.52,
            "eps_growth_year": null,
            "eps_4q": 8.14,
            "eps_4q_growth_year": 45.92,
            "roe": -0.56,
            "roe_4q": 13.469999999999999,
            "gross_profit": 221048,
            "gross_margin": 9.54,
            "gross_margin_4q_avg": 15.35,
            "net_income": -41602,
            "revenue": 2315912,
            "common_shares": 1033753,
            "book_valuer_per_share": 63.96,
            "book_valuer_per_share_4q_avg": 62.57,
            "equity": 7444029,
            "current_ratio": 205.78,
            "debt_ratio": 38.07,
            "inventory_turnover_ratio": 0.46,
            "account_receivable_turnover_ratio": 1.95,
            "reinvestment_rate": 23.9,
            "research_to_sale_ratio": 1.92,
            "price_fair": 519.96,
            "eps_avg_yearly": 14.86,
            "eps_latest_yearly": 0.8,
            "eps_growth_yearly": 409.41
        },
        "20192": {
            "year_quarter": 20192,
            "year": 2019,
            "quarter": 2,
            "eps": 3.61,
            "eps_growth_year": 45.56,
            "eps_4q": 9.26,
            "eps_4q_growth_year": 39.06,
            "roe": 5.79,
            "roe_4q": 15.05,
            "gross_profit": 816113,
            "gross_margin": 20.21,
            "gross_margin_4q_avg": 15.08,
            "net_income": 423517,
            "revenue": 4037192,
            "common_shares": 1033753,
            "book_valuer_per_share": 61.58,
            "book_valuer_per_share_4q_avg": 63.35,
            "equity": 7182190,
            "current_ratio": 151.44,
            "debt_ratio": 51.69,
            "inventory_turnover_ratio": 0.54,
            "account_receivable_turnover_ratio": 2.3,
            "reinvestment_rate": 28.04,
            "research_to_sale_ratio": 1.26,
            "price_fair": 519.96,
            "eps_avg_yearly": 14.86,
            "eps_latest_yearly": 0.8,
            "eps_growth_yearly": 409.41
        },
        "20193": {
            "year_quarter": 20193,
            "year": 2019,
            "quarter": 3,
            "eps": 6.5,
            "eps_growth_year": 8.88,
            "eps_4q": 9.79,
            "eps_4q_growth_year": 40.92,
            "roe": 9.32,
            "roe_4q": 15.12,
            "gross_profit": 1206652,
            "gross_margin": 17.77,
            "gross_margin_4q_avg": 14.82,
            "net_income": 699143,
            "revenue": 6790205,
            "common_shares": 1033753,
            "book_valuer_per_share": 67.38,
            "book_valuer_per_share_4q_avg": 64.26,
            "equity": 7816084,
            "current_ratio": 178.52,
            "debt_ratio": 42.84,
            "inventory_turnover_ratio": 1.07,
            "account_receivable_turnover_ratio": 2.19,
            "reinvestment_rate": 29.41,
            "research_to_sale_ratio": 0.71,
            "price_fair": 584.97,
            "eps_avg_yearly": 16.71,
            "eps_latest_yearly": 26,
            "eps_growth_yearly": 394.55
        },
        "20194": {
            "year_quarter": 20194,
            "year": 2019,
            "quarter": 4,
            "eps": 0.14,
            "eps_growth_year": -28.96,
            "eps_4q": 9.73,
            "eps_4q_growth_year": 30.89,
            "roe": 0.21,
            "roe_4q": 14.76,
            "gross_profit": 301368,
            "gross_margin": 9.67,
            "gross_margin_4q_avg": 14.3,
            "net_income": 16549,
            "revenue": 3116008,
            "common_shares": 1033753,
            "book_valuer_per_share": 67.27,
            "book_valuer_per_share_4q_avg": 65.05,
            "equity": 7795920,
            "current_ratio": 390.6,
            "debt_ratio": 33.11,
            "inventory_turnover_ratio": 0.76,
            "account_receivable_turnover_ratio": 1.31,
            "reinvestment_rate": 28.36,
            "research_to_sale_ratio": 1.56,
            "price_fair": 504.2,
            "eps_avg_yearly": 14.41,
            "eps_latest_yearly": 0.56,
            "eps_growth_yearly": 282.27
        },
        "20201": {
            "year_quarter": 20201,
            "year": 2020,
            "quarter": 1,
            "eps": -0.53,
            "eps_growth_year": null,
            "eps_4q": 9.72,
            "eps_4q_growth_year": 19.46,
            "roe": -0.81,
            "roe_4q": 14.510000000000002,
            "gross_profit": 125305,
            "gross_margin": 6.79,
            "gross_margin_4q_avg": 13.61,
            "net_income": -62184,
            "revenue": 1846115,
            "common_shares": 1033753,
            "book_valuer_per_share": 66.22,
            "book_valuer_per_share_4q_avg": 65.61,
            "equity": 7650939,
            "current_ratio": 237.5,
            "debt_ratio": 43.53,
            "inventory_turnover_ratio": 0.4,
            "account_receivable_turnover_ratio": 1.66,
            "reinvestment_rate": 27.82,
            "research_to_sale_ratio": 2.27,
            "price_fair": 504.2,
            "eps_avg_yearly": 14.41,
            "eps_latest_yearly": 0.56,
            "eps_growth_yearly": 282.27
        },
        "20202": {
            "year_quarter": 20202,
            "year": 2020,
            "quarter": 2,
            "eps": 2.35,
            "eps_growth_year": -34.9,
            "eps_4q": 8.46,
            "eps_4q_growth_year": -8.55,
            "roe": 3.5,
            "roe_4q": 12.22,
            "gross_profit": 544794,
            "gross_margin": 17.16,
            "gross_margin_4q_avg": 12.85,
            "net_income": 258047,
            "revenue": 3174336,
            "common_shares": 1033753,
            "book_valuer_per_share": 60.88,
            "book_valuer_per_share_4q_avg": 65.44,
            "equity": 7083196,
            "current_ratio": 182.08,
            "debt_ratio": 53.54,
            "inventory_turnover_ratio": 0.49,
            "account_receivable_turnover_ratio": 1.84,
            "reinvestment_rate": 24.72,
            "research_to_sale_ratio": 1.3,
            "price_fair": 504.2,
            "eps_avg_yearly": 14.41,
            "eps_latest_yearly": 0.56,
            "eps_growth_yearly": 282.27
        },
        "20203": {
            "year_quarter": 20203,
            "year": 2020,
            "quarter": 3,
            "eps": 2.71,
            "eps_growth_year": -58.31,
            "eps_4q": 4.67,
            "eps_4q_growth_year": -52.28,
            "roe": 4.04,
            "roe_4q": 6.94,
            "gross_profit": 562219,
            "gross_margin": 10.37,
            "gross_margin_4q_avg": 11,
            "net_income": 291811,
            "revenue": 5421870,
            "common_shares": 1033753,
            "book_valuer_per_share": 63.43,
            "book_valuer_per_share_4q_avg": 64.45,
            "equity": 7358893,
            "current_ratio": 223.72,
            "debt_ratio": 46.29,
            "inventory_turnover_ratio": 1.15,
            "account_receivable_turnover_ratio": 1.79,
            "reinvestment_rate": 29.63,
            "research_to_sale_ratio": 0.77,
            "price_fair": 426.2,
            "eps_avg_yearly": 12.18,
            "eps_latest_yearly": 10.84,
            "eps_growth_yearly": 140.63
        },
        "20204": {
            "year_quarter": 20204,
            "year": 2020,
            "quarter": 4,
            "eps": 0.67,
            "eps_growth_year": 371.64,
            "eps_4q": 5.2,
            "eps_4q_growth_year": -46.59,
            "roe": 0.9,
            "roe_4q": 7.630000000000001,
            "gross_profit": 53292,
            "gross_margin": 3.05,
            "gross_margin_4q_avg": 9.34,
            "net_income": 70156,
            "revenue": 1746536,
            "common_shares": 1033753,
            "book_valuer_per_share": 64.39,
            "book_valuer_per_share_4q_avg": 63.73,
            "equity": 8153341,
            "current_ratio": 312.49,
            "debt_ratio": 36.65,
            "inventory_turnover_ratio": 0.58,
            "account_receivable_turnover_ratio": 0.74,
            "reinvestment_rate": 45.66,
            "research_to_sale_ratio": 2.34,
            "price_fair": 437.4,
            "eps_avg_yearly": 12.5,
            "eps_latest_yearly": 2.68,
            "eps_growth_yearly": 153.81
        },
        "20211": {
            "year_quarter": 20211,
            "year": 2021,
            "quarter": 1,
            "eps": -1.05,
            "eps_growth_year": null,
            "eps_4q": 4.67,
            "eps_4q_growth_year": -51.97,
            "roe": -1.09,
            "roe_4q": 7.35,
            "gross_profit": 150580,
            "gross_margin": 9.72,
            "gross_margin_4q_avg": 10.08,
            "net_income": -88146,
            "revenue": 1549040,
            "common_shares": 1033753,
            "book_valuer_per_share": 63.17,
            "book_valuer_per_share_4q_avg": 62.97,
            "equity": 8033706,
            "current_ratio": 233.62,
            "debt_ratio": 43.73,
            "inventory_turnover_ratio": 0.35,
            "account_receivable_turnover_ratio": 1.55,
            "reinvestment_rate": 43.41,
            "research_to_sale_ratio": 2.67,
            "price_fair": 437.4,
            "eps_avg_yearly": 12.5,
            "eps_latest_yearly": 2.68,
            "eps_growth_yearly": 153.81
        },
        "20212": {
            "year_quarter": 20212,
            "year": 2021,
            "quarter": 2,
            "eps": 3.09,
            "eps_growth_year": 31.49,
            "eps_4q": 5.42,
            "eps_4q_growth_year": -35.95,
            "roe": 4.28,
            "roe_4q": 8.13,
            "gross_profit": 689915,
            "gross_margin": 20.3,
            "gross_margin_4q_avg": 10.86,
            "net_income": 349442,
            "revenue": 3398952,
            "common_shares": 1033753,
            "book_valuer_per_share": 65.69,
            "book_valuer_per_share_4q_avg": 64.17,
            "equity": 8301358,
            "current_ratio": 194.79,
            "debt_ratio": 50.48,
            "inventory_turnover_ratio": 0.49,
            "account_receivable_turnover_ratio": 1.95,
            "reinvestment_rate": 35.22,
            "research_to_sale_ratio": 1.27,
            "price_fair": 437.4,
            "eps_avg_yearly": 12.5,
            "eps_latest_yearly": 2.68,
            "eps_growth_yearly": 153.81
        },
        "20213": {
            "year_quarter": 20213,
            "year": 2021,
            "quarter": 3,
            "eps": 2.77,
            "eps_growth_year": 2.21,
            "eps_4q": 5.48,
            "eps_4q_growth_year": 17.24,
            "roe": 3.83,
            "roe_4q": 7.92,
            "gross_profit": 645639,
            "gross_margin": 14.75,
            "gross_margin_4q_avg": 11.96,
            "net_income": 317116,
            "revenue": 4375885,
            "common_shares": 1033753,
            "book_valuer_per_share": 65.17,
            "book_valuer_per_share_4q_avg": 64.61,
            "equity": 8260232,
            "current_ratio": 215.07,
            "debt_ratio": 46.91,
            "inventory_turnover_ratio": 0.69,
            "account_receivable_turnover_ratio": 1.74,
            "reinvestment_rate": 34.37,
            "research_to_sale_ratio": 0.83,
            "price_fair": 32.5,
            "eps_avg_yearly": 10.83,
            "eps_latest_yearly": 11.08,
            "eps_growth_yearly": -25.16
        },
        "20214": {
            "year_quarter": 20214,
            "year": 2021,
            "quarter": 4,
            "eps": 1.29,
            "eps_growth_year": 93.19,
            "eps_4q": 6.1,
            "eps_4q_growth_year": 17.35,
            "roe": 1.78,
            "roe_4q": 8.8,
            "gross_profit": 385492,
            "gross_margin": 10.42,
            "gross_margin_4q_avg": 13.8,
            "net_income": 147846,
            "revenue": 3698539,
            "common_shares": 1033753,
            "book_valuer_per_share": 66.66,
            "book_valuer_per_share_4q_avg": 65.17,
            "equity": 8391569,
            "current_ratio": 173.07,
            "debt_ratio": 43.45,
            "inventory_turnover_ratio": 0.75,
            "account_receivable_turnover_ratio": 1.6,
            "reinvestment_rate": 45.97,
            "research_to_sale_ratio": 1.22,
            "price_fair": 30.38,
            "eps_avg_yearly": 10.13,
            "eps_latest_yearly": 5.16,
            "eps_growth_yearly": -48.73
        },
        "20221": {
            "year_quarter": 20221,
            "year": 2022,
            "quarter": 1,
            "eps": 0.1,
            "eps_growth_year": null,
            "eps_4q": 7.25,
            "eps_4q_growth_year": 55.25,
            "roe": 0.75,
            "roe_4q": 10.64,
            "gross_profit": 416522,
            "gross_margin": 13.85,
            "gross_margin_4q_avg": 14.83,
            "net_income": 63884,
            "revenue": 3006549,
            "common_shares": 1033753,
            "book_valuer_per_share": 68.18,
            "book_valuer_per_share_4q_avg": 66.43,
            "equity": 8640536,
            "current_ratio": 159.92,
            "debt_ratio": 48.27,
            "inventory_turnover_ratio": 0.51,
            "account_receivable_turnover_ratio": 1.71,
            "reinvestment_rate": 46.84,
            "research_to_sale_ratio": 1.5,
            "price_fair": 27.13,
            "eps_avg_yearly": 9.04,
            "eps_latest_yearly": 0.4,
            "eps_growth_yearly": -84.31
        },
        "20222": {
            "year_quarter": 20222,
            "year": 2022,
            "quarter": 2,
            "eps": 3.23,
            "eps_growth_year": 4.53,
            "eps_4q": 7.39,
            "eps_4q_growth_year": 36.26,
            "roe": 4.64,
            "roe_4q": 11,
            "gross_profit": 921847,
            "gross_margin": 19.11,
            "gross_margin_4q_avg": 14.53,
            "net_income": 399995,
            "revenue": 4824049,
            "common_shares": 1033753,
            "book_valuer_per_share": 67.17,
            "book_valuer_per_share_4q_avg": 66.8,
            "equity": 8590235,
            "current_ratio": 145.07,
            "debt_ratio": 54.93,
            "inventory_turnover_ratio": 0.6,
            "account_receivable_turnover_ratio": 2.18,
            "reinvestment_rate": 39.13,
            "research_to_sale_ratio": 1.01,
            "price_fair": 330.12,
            "eps_avg_yearly": 9.43,
            "eps_latest_yearly": 12.92,
            "eps_growth_yearly": 1176.12
        },
        "20223": {
            "year_quarter": 20223,
            "year": 2022,
            "quarter": 3,
            "eps": 8.94,
            "eps_growth_year": 222.74,
            "eps_4q": 13.56,
            "eps_4q_growth_year": 147.5,
            "roe": 11.18,
            "roe_4q": 18.35,
            "gross_profit": 1397194,
            "gross_margin": 17.95,
            "gross_margin_4q_avg": 15.33,
            "net_income": 1027149,
            "revenue": 7785295,
            "common_shares": 1033753,
            "book_valuer_per_share": 77.35,
            "book_valuer_per_share_4q_avg": 69.84,
            "equity": 9790762,
            "current_ratio": 182.88,
            "debt_ratio": 54.46,
            "inventory_turnover_ratio": 1.1,
            "account_receivable_turnover_ratio": 2.06,
            "reinvestment_rate": 38.82,
            "research_to_sale_ratio": 0.76,
            "price_fair": 371.7,
            "eps_avg_yearly": 10.62,
            "eps_latest_yearly": 35.76,
            "eps_growth_yearly": 1190.54
        },
        "20224": {
            "year_quarter": 20224,
            "year": 2022,
            "quarter": 4,
            "eps": -0.89,
            "eps_growth_year": -168.83,
            "eps_4q": 11.37,
            "eps_4q_growth_year": 86.45,
            "roe": 0.04,
            "roe_4q": 16.61,
            "gross_profit": 530718,
            "gross_margin": 11.93,
            "gross_margin_4q_avg": 15.71,
            "net_income": 3463,
            "revenue": 4449702,
            "common_shares": 1033809,
            "book_valuer_per_share": 76.79,
            "book_valuer_per_share_4q_avg": 72.37,
            "equity": 9767747,
            "current_ratio": 268.39,
            "debt_ratio": 40.72,
            "inventory_turnover_ratio": 0.89,
            "account_receivable_turnover_ratio": 1.39,
            "reinvestment_rate": 37.28,
            "research_to_sale_ratio": 1.64,
            "price_fair": 409.89,
            "eps_avg_yearly": 11.71,
            "eps_latest_yearly": 35.76,
            "eps_growth_yearly": 1365.78
        },
        "20231": {
            "year_quarter": 20231,
            "year": 2023,
            "quarter": 1,
            "eps": -0.45,
            "eps_growth_year": -550,
            "eps_4q": 10.83,
            "eps_4q_growth_year": 49.36,
            "roe": 0.2,
            "roe_4q": 16.06,
            "gross_profit": 390288,
            "gross_margin": 14.69,
            "gross_margin_4q_avg": 15.92,
            "net_income": 19975,
            "revenue": 2657184,
            "common_shares": 1034255,
            "book_valuer_per_share": 76.51,
            "book_valuer_per_share_4q_avg": 74.46,
            "equity": 9776958,
            "current_ratio": 215.72,
            "debt_ratio": 45.2,
            "inventory_turnover_ratio": 0.44,
            "account_receivable_turnover_ratio": 1.57,
            "reinvestment_rate": 44.29,
            "research_to_sale_ratio": 1.87,
            "price_fair": 409.89,
            "eps_avg_yearly": 11.71,
            "eps_latest_yearly": 35.76,
            "eps_growth_yearly": 1365.78
        }
    },
    "months": {
        "2015-07": {
            "month": "2015-07",
            "price": "252.18",
            "revenue": 1540858
        },
        "2015-08": {
            "month": "2015-08",
            "price": "233.69",
            "revenue": 1560224
        },
        "2015-09": {
            "month": "2015-09",
            "price": "238.49",
            "revenue": 1748985
        },
        "2015-10": {
            "month": "2015-10",
            "price": "246.98",
            "revenue": 823191
        },
        "2015-11": {
            "month": "2015-11",
            "price": "229.63",
            "revenue": 425803
        },
        "2015-12": {
            "month": "2015-12",
            "price": "219.98",
            "revenue": 419335
        },
        "2016-01": {
            "month": "2016-01",
            "price": "209.23",
            "revenue": 346855
        },
        "2016-02": {
            "month": "2016-02",
            "price": "205.64",
            "revenue": 158371
        },
        "2016-03": {
            "month": "2016-03",
            "price": "215.84",
            "revenue": 176472
        },
        "2016-04": {
            "month": "2016-04",
            "price": "213.77",
            "revenue": 205836
        },
        "2016-05": {
            "month": "2016-05",
            "price": "199.92",
            "revenue": 741876
        },
        "2016-06": {
            "month": "2016-06",
            "price": "203.87",
            "revenue": 1302115
        },
        "2016-07": {
            "month": "2016-07",
            "price": "206.14",
            "revenue": 1044011
        },
        "2016-08": {
            "month": "2016-08",
            "price": "203.88",
            "revenue": 1544660
        },
        "2016-09": {
            "month": "2016-09",
            "price": "202.30",
            "revenue": 1875057
        },
        "2016-10": {
            "month": "2016-10",
            "price": "186.22",
            "revenue": 669748
        },
        "2016-11": {
            "month": "2016-11",
            "price": "147.11",
            "revenue": 504359
        },
        "2016-12": {
            "month": "2016-12",
            "price": "148.43",
            "revenue": 469454
        },
        "2017-01": {
            "month": "2017-01",
            "price": "139.47",
            "revenue": 326473
        },
        "2017-02": {
            "month": "2017-02",
            "price": "147.31",
            "revenue": 153499
        },
        "2017-03": {
            "month": "2017-03",
            "price": "163.83",
            "revenue": 287769
        },
        "2017-04": {
            "month": "2017-04",
            "price": "166.78",
            "revenue": 328597
        },
        "2017-05": {
            "month": "2017-05",
            "price": "167.92",
            "revenue": 646349
        },
        "2017-06": {
            "month": "2017-06",
            "price": "168.96",
            "revenue": 949210
        },
        "2017-07": {
            "month": "2017-07",
            "price": "168.50",
            "revenue": 1141173
        },
        "2017-08": {
            "month": "2017-08",
            "price": "171.30",
            "revenue": 1757002
        },
        "2017-09": {
            "month": "2017-09",
            "price": "166.14",
            "revenue": 1988708
        },
        "2017-10": {
            "month": "2017-10",
            "price": "160.34",
            "revenue": 1281612
        },
        "2017-11": {
            "month": "2017-11",
            "price": "146.20",
            "revenue": 602531
        },
        "2017-12": {
            "month": "2017-12",
            "price": "134.69",
            "revenue": 721461
        },
        "2018-01": {
            "month": "2018-01",
            "price": "135.00",
            "revenue": 450512
        },
        "2018-02": {
            "month": "2018-02",
            "price": "131.00",
            "revenue": 238044
        },
        "2018-03": {
            "month": "2018-03",
            "price": "126.35",
            "revenue": 473761
        },
        "2018-04": {
            "month": "2018-04",
            "price": "119.72",
            "revenue": 497187
        },
        "2018-05": {
            "month": "2018-05",
            "price": "116.45",
            "revenue": 1024495
        },
        "2018-06": {
            "month": "2018-06",
            "price": "128.00",
            "revenue": 1421804
        },
        "2018-07": {
            "month": "2018-07",
            "price": "132.43",
            "revenue": 1701096
        },
        "2018-08": {
            "month": "2018-08",
            "price": "131.93",
            "revenue": 2203864
        },
        "2018-09": {
            "month": "2018-09",
            "price": "137.61",
            "revenue": 2234243
        },
        "2018-10": {
            "month": "2018-10",
            "price": "119.66",
            "revenue": 1335618
        },
        "2018-11": {
            "month": "2018-11",
            "price": "106.32",
            "revenue": 829772
        },
        "2018-12": {
            "month": "2018-12",
            "price": "104.10",
            "revenue": 867304
        },
        "2019-01": {
            "month": "2019-01",
            "price": "111.48",
            "revenue": 893414
        },
        "2019-02": {
            "month": "2019-02",
            "price": "124.65",
            "revenue": 608609
        },
        "2019-03": {
            "month": "2019-03",
            "price": "130.98",
            "revenue": 865284
        },
        "2019-04": {
            "month": "2019-04",
            "price": "153.15",
            "revenue": 747694
        },
        "2019-05": {
            "month": "2019-05",
            "price": "160.50",
            "revenue": 1373183
        },
        "2019-06": {
            "month": "2019-06",
            "price": "149.53",
            "revenue": 1869465
        },
        "2019-07": {
            "month": "2019-07",
            "price": "159.17",
            "revenue": 2091237
        },
        "2019-08": {
            "month": "2019-08",
            "price": "159.07",
            "revenue": 2257087
        },
        "2019-09": {
            "month": "2019-09",
            "price": "144.37",
            "revenue": 2437286
        },
        "2019-10": {
            "month": "2019-10",
            "price": "145.24",
            "revenue": 1429215
        },
        "2019-11": {
            "month": "2019-11",
            "price": "147.21",
            "revenue": 859312
        },
        "2019-12": {
            "month": "2019-12",
            "price": "149.05",
            "revenue": 825730
        },
        "2020-01": {
            "month": "2020-01",
            "price": "148.00",
            "revenue": 727482
        },
        "2020-02": {
            "month": "2020-02",
            "price": "138.00",
            "revenue": 533774
        },
        "2020-03": {
            "month": "2020-03",
            "price": "122.73",
            "revenue": 582639
        },
        "2020-04": {
            "month": "2020-04",
            "price": "117.52",
            "revenue": 476734
        },
        "2020-05": {
            "month": "2020-05",
            "price": "121.52",
            "revenue": 1131464
        },
        "2020-06": {
            "month": "2020-06",
            "price": "135.40",
            "revenue": 1568350
        },
        "2020-07": {
            "month": "2020-07",
            "price": "132.76",
            "revenue": 1771757
        },
        "2020-08": {
            "month": "2020-08",
            "price": "126.26",
            "revenue": 1813260
        },
        "2020-09": {
            "month": "2020-09",
            "price": "113.84",
            "revenue": 1834130
        },
        "2020-10": {
            "month": "2020-10",
            "price": "110.32",
            "revenue": 783353
        },
        "2020-11": {
            "month": "2020-11",
            "price": "104.90",
            "revenue": 449208
        },
        "2020-12": {
            "month": "2020-12",
            "price": "104.13",
            "revenue": 511643
        },
        "2021-01": {
            "month": "2021-01",
            "price": "105.78",
            "revenue": 600145
        },
        "2021-02": {
            "month": "2021-02",
            "price": "107.92",
            "revenue": 446068
        },
        "2021-03": {
            "month": "2021-03",
            "price": "118.86",
            "revenue": 523018
        },
        "2021-04": {
            "month": "2021-04",
            "price": "130.87",
            "revenue": 625008
        },
        "2021-05": {
            "month": "2021-05",
            "price": "123.07",
            "revenue": 1337459
        },
        "2021-06": {
            "month": "2021-06",
            "price": "130.40",
            "revenue": 1416273
        },
        "2021-07": {
            "month": "2021-07",
            "price": "121.00",
            "revenue": 1724604
        },
        "2021-08": {
            "month": "2021-08",
            "price": "111.07",
            "revenue": 1441478
        },
        "2021-09": {
            "month": "2021-09",
            "price": "111.58",
            "revenue": 1209790
        },
        "2021-10": {
            "month": "2021-10",
            "price": "119.05",
            "revenue": 864884
        },
        "2021-11": {
            "month": "2021-11",
            "price": "132.61",
            "revenue": 1332726
        },
        "2021-12": {
            "month": "2021-12",
            "price": "136.57",
            "revenue": 1487360
        },
        "2022-01": {
            "month": "2022-01",
            "price": "126.44",
            "revenue": 1096683
        },
        "2022-02": {
            "month": "2022-02",
            "price": "123.17",
            "revenue": 963545
        },
        "2022-03": {
            "month": "2022-03",
            "price": "116.13",
            "revenue": 945797
        },
        "2022-04": {
            "month": "2022-04",
            "price": "112.76",
            "revenue": 1246685
        },
        "2022-05": {
            "month": "2022-05",
            "price": "110.21",
            "revenue": 1480638
        },
        "2022-06": {
            "month": "2022-06",
            "price": "111.64",
            "revenue": 2096673
        },
        "2022-07": {
            "month": "2022-07",
            "price": "107.33",
            "revenue": 2473638
        },
        "2022-08": {
            "month": "2022-08",
            "price": "121.91",
            "revenue": 2558539
        },
        "2022-09": {
            "month": "2022-09",
            "price": "133.36",
            "revenue": 2751463
        },
        "2022-10": {
            "month": "2022-10",
            "price": "133.85",
            "revenue": 1521658
        },
        "2022-11": {
            "month": "2022-11",
            "price": "124.07",
            "revenue": 1370364
        },
        "2022-12": {
            "month": "2022-12",
            "price": "120.41",
            "revenue": 1556026
        },
        "2023-01": {
            "month": "2023-01",
            "price": "121.77",
            "revenue": 967101
        },
        "2023-02": {
            "month": "2023-02",
            "price": "122.78",
            "revenue": 785080
        },
        "2023-03": {
            "month": "2023-03",
            "price": "116.67",
            "revenue": 904945
        },
        "2023-04": {
            "month": "2023-04",
            "price": "114.53",
            "revenue": 1259856
        },
        "2023-05": {
            "month": "2023-05",
            "price": "116.68",
            "revenue": 1598429
        }
    }
}
