{
    "summary": {
        "stock_name": "健信",
        "stock_id": "4502",
        "category": "電機機械",
        "main_business": "各種鋼圈、鋁合金輪圈製造、加工、出口<br>鋼板加工、出口及銷售<br>汽車轉向系統之製造、出口及銷售",
        "website_url": "http://www.rostawheels.com.tw",
        "ceo": "吳明燦",
        "pe_ratio": 100,
        "report_year_from": 2001,
        "report_year_to": 2023,
        "age": 23,
        "eps_negative_percentage": 52,
        "eps_growth_avg": {
            "last_all": -40,
            "last_2y": null,
            "last_4y": -97.78,
            "last_8y": -36.33,
            "last_12y": -56.82,
            "last_16y": -56.82,
            "last_20y": -55.56,
            "at_2006_last_3y": -53.03,
            "at_2007_last_3y": -83.58,
            "at_2008_last_3y": -100,
            "at_2009_last_3y": null,
            "at_2010_last_3y": null,
            "at_2011_last_3y": -95.59,
            "at_2012_last_3y": -97.79,
            "at_2013_last_3y": -97.79,
            "at_2014_last_3y": -97.79,
            "at_2015_last_3y": -100,
            "at_2016_last_3y": null,
            "at_2017_last_3y": 100,
            "at_2018_last_3y": 25.12,
            "at_2019_last_3y": -15.11,
            "at_2020_last_3y": -36.33,
            "at_2021_last_3y": -81.77,
            "at_2022_last_3y": -97.78,
            "at_2023_last_3y": -100,
            "at_2024_last_3y": -100,
            "at_2006_last_all": -14.77,
            "at_2007_last_all": -14.77,
            "at_2008_last_all": -14.77,
            "at_2009_last_all": -14.77,
            "at_2010_last_all": -14.77,
            "at_2011_last_all": -30.94,
            "at_2012_last_all": -42.45,
            "at_2013_last_all": -42.45,
            "at_2014_last_all": -42.45,
            "at_2015_last_all": -42.45,
            "at_2016_last_all": -42.45,
            "at_2017_last_all": -22.1,
            "at_2018_last_all": -25.56,
            "at_2019_last_all": -33.33,
            "at_2020_last_all": -40,
            "at_2021_last_all": -40,
            "at_2022_last_all": -40,
            "at_2023_last_all": -40,
            "at_2024_last_all": -40
        },
        "latest_eps": 0.15,
        "latest_price": 36.4,
        "latest_roe": 0.99,
        "latest_gross_margin": 19.6,
        "latest_equity": 675455,
        "latest_revenue": 400682,
        "latest_gross_profit": 78517,
        "latest_net_income": 316,
        "latest_debt_ratio": 74.75,
        "latest_current_ratio": 100.24,
        "latest_account_receivable_turnover_ratio": 1.13,
        "latest_inventory_turnover_ratio": 0.6,
        "latest_reinvestment_rate": null,
        "latest_research_to_sale_ratio": 1.3
    },
    "eps_dividends": {
        "1996": {
            "cash": 0,
            "stock": 0.72,
            "eps": 0
        },
        "1997": {
            "cash": 0,
            "stock": 0.88,
            "eps": 0
        },
        "1998": {
            "cash": 0,
            "stock": 0.7,
            "eps": 0
        },
        "1999": {
            "cash": 0,
            "stock": 0.75,
            "eps": 0
        },
        "2000": {
            "cash": 0.56,
            "stock": 0,
            "eps": 0
        },
        "2001": {
            "cash": 0,
            "stock": 0.08,
            "eps": 0.04
        },
        "2002": {
            "cash": 0,
            "stock": 0,
            "eps": 0.62
        },
        "2003": {
            "cash": 0.35,
            "stock": 0,
            "eps": 0.67
        },
        "2004": {
            "cash": 0.4,
            "stock": 0,
            "eps": 0.22
        },
        "2005": {
            "cash": 0.2,
            "stock": 0,
            "eps": -1.38
        },
        "2006": {
            "cash": 0,
            "stock": 0,
            "eps": -3.36
        },
        "2007": {
            "cash": 0,
            "stock": 0,
            "eps": -2.26
        },
        "2008": {
            "cash": 0,
            "stock": 0,
            "eps": -5.68
        },
        "2009": {
            "cash": 0,
            "stock": 0,
            "eps": -2.56
        },
        "2010": {
            "cash": 0,
            "stock": 0,
            "eps": 6.12
        },
        "2011": {
            "cash": 0,
            "stock": 0,
            "eps": 0.27
        },
        "2012": {
            "cash": 0,
            "stock": 0,
            "eps": -1.48
        },
        "2013": {
            "cash": 0,
            "stock": 0,
            "eps": -2.42
        },
        "2014": {
            "cash": 0,
            "stock": 0,
            "eps": -1.24
        },
        "2015": {
            "cash": 0,
            "stock": 0,
            "eps": -0.35
        },
        "2016": {
            "cash": 0,
            "stock": 0,
            "eps": 0.75
        },
        "2017": {
            "cash": 0.05,
            "stock": 0.45,
            "eps": 4.04
        },
        "2018": {
            "cash": 1.25,
            "stock": 0.5,
            "eps": 2.03
        },
        "2019": {
            "cash": 0.3,
            "stock": 0.7,
            "eps": 0.09
        },
        "2020": {
            "cash": 0.2,
            "stock": 0.2,
            "eps": -2.44
        },
        "2021": {
            "cash": 0,
            "stock": 0,
            "eps": -2.81
        },
        "2022": {
            "cash": 0,
            "stock": 0,
            "eps": -0.39
        },
        "2023": {
            "cash": 0,
            "stock": 0,
            "eps": 0.14
        }
    },
    "dividends": {
        "1996-05-17": {
            "cash": 0,
            "stock": 0.72
        },
        "1997-05-14": {
            "cash": 0,
            "stock": 0.88
        },
        "1998-05-26": {
            "cash": 0,
            "stock": 0.7
        },
        "1999-05-17": {
            "cash": 0,
            "stock": 0.75
        },
        "2000-05-19": {
            "cash": 0.56,
            "stock": 0
        },
        "2001-05-15": {
            "cash": 0,
            "stock": 0.08
        },
        "2003-05-27": {
            "cash": 0.35,
            "stock": 0
        },
        "2004-04-06": {
            "cash": 0.4,
            "stock": 0
        },
        "2005-02-23": {
            "cash": 0.2,
            "stock": 0
        },
        "2017-10-02": {
            "cash": 0.05,
            "stock": 0.45
        },
        "2018-12-05": {
            "cash": 1.25,
            "stock": 0.5
        },
        "2019-11-29": {
            "cash": 0.3,
            "stock": 0.7
        },
        "2020-12-02": {
            "cash": 0.2,
            "stock": 0.2
        }
    },
    "prices": {
        "200101": "9.07",
        "200102": "10.23",
        "200103": "10.64",
        "200104": "9.84",
        "200105": "8.15",
        "200106": "8.55",
        "200107": "7.10",
        "200108": "6.67",
        "200109": "5.99",
        "200110": "5.26",
        "200111": "5.97",
        "200112": "6.33",
        "200201": "6.23",
        "200202": "6.65",
        "200203": "7.04",
        "200204": "7.88",
        "200205": "10.34",
        "200206": "9.32",
        "200207": "8.86",
        "200208": "7.57",
        "200209": "8.41",
        "200210": "10.18",
        "200211": "13.31",
        "200212": "17.04",
        "200301": "18.53",
        "200302": "17.47",
        "200303": "17.69",
        "200304": "17.32",
        "200305": "14.48",
        "200306": "14.98",
        "200307": "16.80",
        "200308": "17.33",
        "200309": "16.43",
        "200310": "16.11",
        "200311": "15.07",
        "200312": "14.02",
        "200401": "14.77",
        "200402": "15.41",
        "200403": "14.93",
        "200404": "13.73",
        "200405": "11.78",
        "200406": "11.13",
        "200407": "10.36",
        "200408": "10.96",
        "200409": "9.41",
        "200410": "9.31",
        "200411": "9.40",
        "200412": "10.73",
        "200501": "11.66",
        "200502": "11.43",
        "200503": "11.80",
        "200504": "11.61",
        "200505": "10.38",
        "200506": "10.13",
        "200507": "10.21",
        "200508": "9.81",
        "200509": "8.86",
        "200510": "8.64",
        "200511": "8.24",
        "200512": "8.07",
        "200601": "8.04",
        "200602": "7.92",
        "200603": "8.03",
        "200604": "8.34",
        "200605": "8.16",
        "200606": "7.81",
        "200607": "7.64",
        "200608": "7.58",
        "200609": "7.41",
        "200610": "7.73",
        "200611": "7.57",
        "200612": "7.75",
        "200701": "7.71",
        "200702": "7.57",
        "200703": "7.38",
        "200704": "8.03",
        "200705": "8.90",
        "200706": "9.09",
        "200707": "9.28",
        "200708": "9.20",
        "200709": "8.04",
        "200710": "7.54",
        "200711": "5.43",
        "200712": "4.70",
        "200801": "4.39",
        "200802": "3.93",
        "200803": "4.05",
        "200804": "4.60",
        "200805": "4.70",
        "200806": "4.29",
        "200807": "3.38",
        "200808": "3.93",
        "200809": "3.63",
        "200810": "4.51",
        "200811": "2.64",
        "200812": "2.65",
        "200901": "2.04",
        "200902": "2.10",
        "200903": "2.33",
        "200904": "3.42",
        "200905": "3.29",
        "200906": "3.19",
        "200907": "3.13",
        "200908": "3.10",
        "200909": "2.04",
        "200910": "2.26",
        "200911": "2.36",
        "200912": "2.52",
        "201001": "2.37",
        "201002": "2.78",
        "201003": "3.96",
        "201004": "5.08",
        "201005": "4.90",
        "201006": "4.76",
        "201007": "4.59",
        "201008": "4.49",
        "201009": "4.73",
        "201010": "5.34",
        "201011": "6.88",
        "201012": "6.53",
        "201101": "6.50",
        "201102": "6.82",
        "201103": "6.88",
        "201104": "6.98",
        "201105": "8.08",
        "201106": "7.39",
        "201107": "7.14",
        "201108": "7.13",
        "201109": "6.48",
        "201110": "6.54",
        "201111": "5.17",
        "201112": "4.61",
        "201201": "4.91",
        "201202": "5.34",
        "201203": "5.82",
        "201204": "6.74",
        "201205": "6.53",
        "201206": "6.32",
        "201207": "6.40",
        "201208": "6.33",
        "201209": "5.90",
        "201210": "5.78",
        "201211": "5.21",
        "201212": "5.26",
        "201301": "5.14",
        "201302": "5.13",
        "201303": "5.13",
        "201304": "5.07",
        "201305": "5.03",
        "201306": "4.84",
        "201307": "4.46",
        "201308": "4.46",
        "201309": "4.12",
        "201310": "5.04",
        "201311": "4.85",
        "201312": "4.31",
        "201401": "4.07",
        "201402": "4.28",
        "201403": "5.33",
        "201404": "6.06",
        "201405": "6.37",
        "201406": "6.06",
        "201407": "6.06",
        "201408": "6.18",
        "201409": "6.01",
        "201410": "5.76",
        "201411": "6.03",
        "201412": "5.74",
        "201501": "5.04",
        "201502": "5.13",
        "201503": "5.66",
        "201504": "5.32",
        "201505": "5.24",
        "201506": "5.13",
        "201507": "5.45",
        "201508": "5.77",
        "201509": "6.49",
        "201510": "8.05",
        "201511": "16.18",
        "201512": "26.75",
        "201601": "30.46",
        "201602": "29.82",
        "201603": "28.51",
        "201604": "44.86",
        "201605": "48.46",
        "201606": "51.66",
        "201607": "46.26",
        "201608": "48.50",
        "201609": "46.24",
        "201610": "47.17",
        "201611": "43.34",
        "201612": "41.42",
        "201701": "39.23",
        "201702": "38.29",
        "201703": "44.70",
        "201704": "47.58",
        "201705": "66.66",
        "201706": "85.89",
        "201707": "82.45",
        "201708": "107.53",
        "201709": "117.48",
        "201710": "105.18",
        "201711": "87.23",
        "201712": "84.38",
        "201801": "80.95",
        "201802": "79.02",
        "201803": "89.05",
        "201804": "81.66",
        "201805": "73.14",
        "201806": "71.36",
        "201807": "63.63",
        "201808": "62.80",
        "201809": "60.51",
        "201810": "58.69",
        "201811": "56.36",
        "201812": "54.00",
        "201901": "51.22",
        "201902": "52.21",
        "201903": "50.85",
        "201904": "48.50",
        "201905": "44.04",
        "201906": "47.05",
        "201907": "46.18",
        "201908": "45.55",
        "201909": "44.86",
        "201910": "53.03",
        "201911": "58.00",
        "201912": "58.04",
        "202001": "67.97",
        "202002": "58.47",
        "202003": "45.60",
        "202004": "47.34",
        "202005": "52.34",
        "202006": "52.90",
        "202007": "51.41",
        "202008": "52.72",
        "202009": "52.14",
        "202010": "50.81",
        "202011": "50.10",
        "202012": "47.74",
        "202101": "44.36",
        "202102": "42.64",
        "202103": "42.91",
        "202104": "48.68",
        "202105": "43.29",
        "202106": "41.88",
        "202107": "41.01",
        "202108": "39.72",
        "202109": "38.98",
        "202110": "40.66",
        "202111": "41.20",
        "202112": "39.95",
        "202201": "39.24",
        "202202": "38.90",
        "202203": "37.90",
        "202204": "37.41",
        "202205": "37.42",
        "202206": "38.40",
        "202207": "37.36",
        "202208": "39.52",
        "202209": "39.40",
        "202210": "38.03",
        "202211": "37.47",
        "202212": "37.13",
        "202301": "37.14",
        "202302": "37.14",
        "202303": "36.99",
        "202304": "37.01",
        "202305": "36.97",
        "202306": "36.99",
        "202307": "36.95",
        "202308": "36.88",
        "202309": "36.84",
        "202310": "36.80",
        "202311": "36.79",
        "202312": "36.97"
    },
    "quarters": {
        "20011": {
            "year_quarter": 20011,
            "year": 2001,
            "quarter": 1,
            "eps": 0.02,
            "eps_growth_year": -88.89,
            "eps_4q": 0.73,
            "eps_4q_growth_year": -9.99,
            "roe": 0.12,
            "roe_4q": 0.12,
            "gross_profit": 82237,
            "gross_margin": 17.32,
            "gross_margin_4q_avg": 17.32,
            "net_income": 1716,
            "net_income_4q": null,
            "revenue": 474854,
            "revenue_4q": null,
            "common_shares": 1048800,
            "book_valuer_per_share": 14.05,
            "book_valuer_per_share_4q_avg": 14.05,
            "equity": 1473454,
            "current_ratio": 82.85,
            "debt_ratio": 53.6,
            "inventory_turnover_ratio": 1.66,
            "account_receivable_turnover_ratio": null,
            "reinvestment_rate": null,
            "research_to_sale_ratio": null,
            "price_fair": 0,
            "eps_avg_yearly": 0,
            "eps_latest_yearly": 0,
            "eps_growth_yearly": 0
        },
        "20012": {
            "year_quarter": 20012,
            "year": 2001,
            "quarter": 2,
            "eps": -0.01,
            "eps_growth_year": -200,
            "eps_4q": 0.58,
            "eps_4q_growth_year": -12.89,
            "roe": -0.07,
            "roe_4q": 0.04999999999999999,
            "gross_profit": 65350,
            "gross_margin": 14.95,
            "gross_margin_4q_avg": 16.14,
            "net_income": -1053,
            "net_income_4q": null,
            "revenue": 436980,
            "revenue_4q": null,
            "common_shares": 1048800,
            "book_valuer_per_share": 14.01,
            "book_valuer_per_share_4q_avg": 14.03,
            "equity": 1469879,
            "current_ratio": 69.16,
            "debt_ratio": 52.44,
            "inventory_turnover_ratio": 1.62,
            "account_receivable_turnover_ratio": null,
            "reinvestment_rate": null,
            "research_to_sale_ratio": null,
            "price_fair": 0,
            "eps_avg_yearly": 0,
            "eps_latest_yearly": 0,
            "eps_growth_yearly": 0
        },
        "20013": {
            "year_quarter": 20013,
            "year": 2001,
            "quarter": 3,
            "eps": 0.08,
            "eps_growth_year": -74.19,
            "eps_4q": 0.32,
            "eps_4q_growth_year": -62.86,
            "roe": 0.62,
            "roe_4q": 0.67,
            "gross_profit": 106629,
            "gross_margin": 21.57,
            "gross_margin_4q_avg": 17.95,
            "net_income": 9177,
            "net_income_4q": null,
            "revenue": 494299,
            "revenue_4q": null,
            "common_shares": 1048800,
            "book_valuer_per_share": 14.08,
            "book_valuer_per_share_4q_avg": 14.05,
            "equity": 1476711,
            "current_ratio": 66.35,
            "debt_ratio": 51.95,
            "inventory_turnover_ratio": 1.76,
            "account_receivable_turnover_ratio": null,
            "reinvestment_rate": null,
            "research_to_sale_ratio": null,
            "price_fair": 0,
            "eps_avg_yearly": 0,
            "eps_latest_yearly": 0,
            "eps_growth_yearly": 0
        },
        "20014": {
            "year_quarter": 20014,
            "year": 2001,
            "quarter": 4,
            "eps": -0.05,
            "eps_growth_year": -119.23,
            "eps_4q": 0.07,
            "eps_4q_growth_year": -90.88,
            "roe": -0.37,
            "roe_4q": 0.3,
            "gross_profit": 102202,
            "gross_margin": 19.32,
            "gross_margin_4q_avg": 18.29,
            "net_income": -5438,
            "net_income_4q": null,
            "revenue": 529041,
            "revenue_4q": null,
            "common_shares": 1132800,
            "book_valuer_per_share": 12.72,
            "book_valuer_per_share_4q_avg": 13.72,
            "equity": 1478853,
            "current_ratio": 65.07,
            "debt_ratio": 52.77,
            "inventory_turnover_ratio": 2.19,
            "account_receivable_turnover_ratio": null,
            "reinvestment_rate": null,
            "research_to_sale_ratio": null,
            "price_fair": 0,
            "eps_avg_yearly": 0,
            "eps_latest_yearly": 0,
            "eps_growth_yearly": 0
        },
        "20021": {
            "year_quarter": 20021,
            "year": 2002,
            "quarter": 1,
            "eps": 0.03,
            "eps_growth_year": 50,
            "eps_4q": 0.05,
            "eps_4q_growth_year": -92.59,
            "roe": 0.23,
            "roe_4q": 0.41,
            "gross_profit": 76957,
            "gross_margin": 17.37,
            "gross_margin_4q_avg": 18.3,
            "net_income": 3314,
            "net_income_4q": null,
            "revenue": 442948,
            "revenue_4q": null,
            "common_shares": 1132800,
            "book_valuer_per_share": 12.82,
            "book_valuer_per_share_4q_avg": 13.41,
            "equity": 1451819,
            "current_ratio": 104.41,
            "debt_ratio": 52.97,
            "inventory_turnover_ratio": 1.84,
            "account_receivable_turnover_ratio": null,
            "reinvestment_rate": null,
            "research_to_sale_ratio": null,
            "price_fair": 0,
            "eps_avg_yearly": 0,
            "eps_latest_yearly": 0,
            "eps_growth_yearly": 0
        },
        "20022": {
            "year_quarter": 20022,
            "year": 2002,
            "quarter": 2,
            "eps": 0.01,
            "eps_growth_year": null,
            "eps_4q": 0.07,
            "eps_4q_growth_year": -88.08,
            "roe": 0.05,
            "roe_4q": 0.53,
            "gross_profit": 95374,
            "gross_margin": 17.53,
            "gross_margin_4q_avg": 18.95,
            "net_income": 781,
            "net_income_4q": null,
            "revenue": 544131,
            "revenue_4q": null,
            "common_shares": 1132800,
            "book_valuer_per_share": 12.83,
            "book_valuer_per_share_4q_avg": 13.11,
            "equity": 1453669,
            "current_ratio": 109.58,
            "debt_ratio": 51.19,
            "inventory_turnover_ratio": 2.39,
            "account_receivable_turnover_ratio": null,
            "reinvestment_rate": null,
            "research_to_sale_ratio": null,
            "price_fair": 0.12,
            "eps_avg_yearly": 0.04,
            "eps_latest_yearly": 0.04,
            "eps_growth_yearly": -266.67
        },
        "20023": {
            "year_quarter": 20023,
            "year": 2002,
            "quarter": 3,
            "eps": 0.35,
            "eps_growth_year": 337.5,
            "eps_4q": 0.34,
            "eps_4q_growth_year": 3.98,
            "roe": 2.62,
            "roe_4q": 2.53,
            "gross_profit": 138977,
            "gross_margin": 22.77,
            "gross_margin_4q_avg": 19.25,
            "net_income": 38703,
            "net_income_4q": null,
            "revenue": 610450,
            "revenue_4q": null,
            "common_shares": 1132800,
            "book_valuer_per_share": 13.24,
            "book_valuer_per_share_4q_avg": 12.9,
            "equity": 1499748,
            "current_ratio": 111.82,
            "debt_ratio": 51.05,
            "inventory_turnover_ratio": 2.96,
            "account_receivable_turnover_ratio": null,
            "reinvestment_rate": null,
            "research_to_sale_ratio": null,
            "price_fair": 25.2,
            "eps_avg_yearly": 0.72,
            "eps_latest_yearly": 1.4,
            "eps_growth_yearly": 6666.67
        },
        "20024": {
            "year_quarter": 20024,
            "year": 2002,
            "quarter": 4,
            "eps": 0.23,
            "eps_growth_year": null,
            "eps_4q": 0.61,
            "eps_4q_growth_year": 775.93,
            "roe": 1.7,
            "roe_4q": 4.6000000000000005,
            "gross_profit": 120989,
            "gross_margin": 18.17,
            "gross_margin_4q_avg": 18.96,
            "net_income": 25930,
            "net_income_4q": null,
            "revenue": 665848,
            "revenue_4q": null,
            "common_shares": 1132800,
            "book_valuer_per_share": 13.47,
            "book_valuer_per_share_4q_avg": 13.09,
            "equity": 1555463,
            "current_ratio": 114.18,
            "debt_ratio": 51.01,
            "inventory_turnover_ratio": 2.94,
            "account_receivable_turnover_ratio": null,
            "reinvestment_rate": 122.03,
            "research_to_sale_ratio": null,
            "price_fair": 27.53,
            "eps_avg_yearly": 0.79,
            "eps_latest_yearly": 0.92,
            "eps_growth_yearly": 4398.73
        },
        "20031": {
            "year_quarter": 20031,
            "year": 2003,
            "quarter": 1,
            "eps": 0.16,
            "eps_growth_year": 433.33,
            "eps_4q": 0.73,
            "eps_4q_growth_year": 1246.64,
            "roe": 1.18,
            "roe_4q": 5.55,
            "gross_profit": 106679,
            "gross_margin": 17.58,
            "gross_margin_4q_avg": 19.01,
            "net_income": 18316,
            "net_income_4q": null,
            "revenue": 606824,
            "revenue_4q": null,
            "common_shares": 1132800,
            "book_valuer_per_share": 13.69,
            "book_valuer_per_share_4q_avg": 13.31,
            "equity": 1550383,
            "current_ratio": 117.6,
            "debt_ratio": 50.46,
            "inventory_turnover_ratio": 2.41,
            "account_receivable_turnover_ratio": null,
            "reinvestment_rate": 56.15,
            "research_to_sale_ratio": null,
            "price_fair": 26.25,
            "eps_avg_yearly": 0.75,
            "eps_latest_yearly": 0.64,
            "eps_growth_yearly": 3268.61
        },
        "20032": {
            "year_quarter": 20032,
            "year": 2003,
            "quarter": 2,
            "eps": 0.23,
            "eps_growth_year": 2200,
            "eps_4q": 0.98,
            "eps_4q_growth_year": 1310.88,
            "roe": 1.66,
            "roe_4q": 7.16,
            "gross_profit": 105778,
            "gross_margin": 15.8,
            "gross_margin_4q_avg": 18.58,
            "net_income": 25584,
            "net_income_4q": null,
            "revenue": 669470,
            "revenue_4q": null,
            "common_shares": 1132800,
            "book_valuer_per_share": 13.54,
            "book_valuer_per_share_4q_avg": 13.49,
            "equity": 1533280,
            "current_ratio": 152.46,
            "debt_ratio": 54.61,
            "inventory_turnover_ratio": 2.47,
            "account_receivable_turnover_ratio": null,
            "reinvestment_rate": 77.81,
            "research_to_sale_ratio": null,
            "price_fair": 27.44,
            "eps_avg_yearly": 0.78,
            "eps_latest_yearly": 0.92,
            "eps_growth_yearly": 2649.89
        },
        "20033": {
            "year_quarter": 20033,
            "year": 2003,
            "quarter": 3,
            "eps": 0.12,
            "eps_growth_year": -65.71,
            "eps_4q": 0.71,
            "eps_4q_growth_year": 110.13,
            "roe": 0.92,
            "roe_4q": 5.46,
            "gross_profit": 75363,
            "gross_margin": 12.72,
            "gross_margin_4q_avg": 16.07,
            "net_income": 14204,
            "net_income_4q": null,
            "revenue": 592293,
            "revenue_4q": null,
            "common_shares": 1188000,
            "book_valuer_per_share": 12.97,
            "book_valuer_per_share_4q_avg": 13.42,
            "equity": 1540653,
            "current_ratio": 269.96,
            "debt_ratio": 62.2,
            "inventory_turnover_ratio": 2.1,
            "account_receivable_turnover_ratio": null,
            "reinvestment_rate": 63.37,
            "research_to_sale_ratio": null,
            "price_fair": 25.67,
            "eps_avg_yearly": 0.73,
            "eps_latest_yearly": 0.48,
            "eps_growth_yearly": 2176.36
        },
        "20034": {
            "year_quarter": 20034,
            "year": 2003,
            "quarter": 4,
            "eps": 0.16,
            "eps_growth_year": -30.43,
            "eps_4q": 0.66,
            "eps_4q_growth_year": 7.9,
            "roe": 1.17,
            "roe_4q": 4.93,
            "gross_profit": 81405,
            "gross_margin": 13.8,
            "gross_margin_4q_avg": 14.98,
            "net_income": 18677,
            "net_income_4q": null,
            "revenue": 589738,
            "revenue_4q": null,
            "common_shares": 1190000,
            "book_valuer_per_share": 13.62,
            "book_valuer_per_share_4q_avg": 13.46,
            "equity": 1646713,
            "current_ratio": 285.75,
            "debt_ratio": 57.12,
            "inventory_turnover_ratio": 1.98,
            "account_receivable_turnover_ratio": null,
            "reinvestment_rate": 87.07,
            "research_to_sale_ratio": null,
            "price_fair": 25.2,
            "eps_avg_yearly": 0.72,
            "eps_latest_yearly": 0.64,
            "eps_growth_yearly": 1884.5
        },
        "20041": {
            "year_quarter": 20041,
            "year": 2004,
            "quarter": 1,
            "eps": 0.15,
            "eps_growth_year": -6.25,
            "eps_4q": 0.63,
            "eps_4q_growth_year": -13.49,
            "roe": 1.07,
            "roe_4q": 4.82,
            "gross_profit": 85618,
            "gross_margin": 12.62,
            "gross_margin_4q_avg": 13.74,
            "net_income": 18165,
            "net_income_4q": null,
            "revenue": 678644,
            "revenue_4q": null,
            "common_shares": 1217655,
            "book_valuer_per_share": 14.35,
            "book_valuer_per_share_4q_avg": 13.62,
            "equity": 1747077,
            "current_ratio": 277.22,
            "debt_ratio": 53.88,
            "inventory_turnover_ratio": 2.36,
            "account_receivable_turnover_ratio": null,
            "reinvestment_rate": 51.28,
            "research_to_sale_ratio": null,
            "price_fair": 24.68,
            "eps_avg_yearly": 0.71,
            "eps_latest_yearly": 0.6,
            "eps_growth_yearly": 1645.81
        },
        "20042": {
            "year_quarter": 20042,
            "year": 2004,
            "quarter": 2,
            "eps": -0.11,
            "eps_growth_year": -147.83,
            "eps_4q": 0.28,
            "eps_4q_growth_year": -71.01,
            "roe": -0.84,
            "roe_4q": 2.32,
            "gross_profit": 73087,
            "gross_margin": 9.77,
            "gross_margin_4q_avg": 12.23,
            "net_income": -14454,
            "net_income_4q": null,
            "revenue": 748099,
            "revenue_4q": null,
            "common_shares": 1293868,
            "book_valuer_per_share": 12.97,
            "book_valuer_per_share_4q_avg": 13.48,
            "equity": 1677564,
            "current_ratio": 201.45,
            "debt_ratio": 57.05,
            "inventory_turnover_ratio": 3.14,
            "account_receivable_turnover_ratio": null,
            "reinvestment_rate": 57.13,
            "research_to_sale_ratio": null,
            "price_fair": 24.68,
            "eps_avg_yearly": 0.71,
            "eps_latest_yearly": 0.6,
            "eps_growth_yearly": 1645.81
        },
        "20043": {
            "year_quarter": 20043,
            "year": 2004,
            "quarter": 3,
            "eps": 0.19,
            "eps_growth_year": 58.33,
            "eps_4q": 0.37,
            "eps_4q_growth_year": -47.92,
            "roe": 1.41,
            "roe_4q": 2.81,
            "gross_profit": 87553,
            "gross_margin": 11.39,
            "gross_margin_4q_avg": 11.9,
            "net_income": 23668,
            "net_income_4q": null,
            "revenue": 768798,
            "revenue_4q": null,
            "common_shares": 1293868,
            "book_valuer_per_share": 12.95,
            "book_valuer_per_share_4q_avg": 13.47,
            "equity": 1675175,
            "current_ratio": 118.72,
            "debt_ratio": 58.46,
            "inventory_turnover_ratio": 3.55,
            "account_receivable_turnover_ratio": null,
            "reinvestment_rate": 45.1,
            "research_to_sale_ratio": null,
            "price_fair": 24.68,
            "eps_avg_yearly": 0.71,
            "eps_latest_yearly": 0.6,
            "eps_growth_yearly": 1645.81
        },
        "20044": {
            "year_quarter": 20044,
            "year": 2004,
            "quarter": 4,
            "eps": -0.01,
            "eps_growth_year": -106.25,
            "eps_4q": 0.24,
            "eps_4q_growth_year": -64.05,
            "roe": -0.11,
            "roe_4q": 1.5299999999999998,
            "gross_profit": 87696,
            "gross_margin": 10.35,
            "gross_margin_4q_avg": 11.03,
            "net_income": -1759,
            "net_income_4q": null,
            "revenue": 847461,
            "revenue_4q": null,
            "common_shares": 1293868,
            "book_valuer_per_share": 12.7,
            "book_valuer_per_share_4q_avg": 13.24,
            "equity": 1665678,
            "current_ratio": 115.16,
            "debt_ratio": 59.21,
            "inventory_turnover_ratio": 3.38,
            "account_receivable_turnover_ratio": null,
            "reinvestment_rate": 75.66,
            "research_to_sale_ratio": null,
            "price_fair": 24.68,
            "eps_avg_yearly": 0.71,
            "eps_latest_yearly": 0.6,
            "eps_growth_yearly": 1645.81
        },
        "20051": {
            "year_quarter": 20051,
            "year": 2005,
            "quarter": 1,
            "eps": 0.06,
            "eps_growth_year": -60,
            "eps_4q": 0.12,
            "eps_4q_growth_year": -81.06,
            "roe": 0.45,
            "roe_4q": 0.91,
            "gross_profit": 95601,
            "gross_margin": 11.96,
            "gross_margin_4q_avg": 10.87,
            "net_income": 7474,
            "net_income_4q": null,
            "revenue": 799563,
            "revenue_4q": null,
            "common_shares": 1293868,
            "book_valuer_per_share": 12.74,
            "book_valuer_per_share_4q_avg": 12.84,
            "equity": 1648470,
            "current_ratio": 109.08,
            "debt_ratio": 59.49,
            "inventory_turnover_ratio": 2.19,
            "account_receivable_turnover_ratio": null,
            "reinvestment_rate": 10.76,
            "research_to_sale_ratio": null,
            "price_fair": 24.68,
            "eps_avg_yearly": 0.71,
            "eps_latest_yearly": 0.6,
            "eps_growth_yearly": 1645.81
        },
        "20052": {
            "year_quarter": 20052,
            "year": 2005,
            "quarter": 2,
            "eps": -0.36,
            "eps_growth_year": null,
            "eps_4q": -0.14,
            "eps_4q_growth_year": -147.93,
            "roe": -2.91,
            "roe_4q": -1.16,
            "gross_profit": 45971,
            "gross_margin": 5.63,
            "gross_margin_4q_avg": 9.83,
            "net_income": -46922,
            "net_income_4q": null,
            "revenue": 816028,
            "revenue_4q": null,
            "common_shares": 1293868,
            "book_valuer_per_share": 12.19,
            "book_valuer_per_share_4q_avg": 12.65,
            "equity": 1577283,
            "current_ratio": 112.98,
            "debt_ratio": 60.2,
            "inventory_turnover_ratio": 2.11,
            "account_receivable_turnover_ratio": null,
            "reinvestment_rate": 34.4,
            "research_to_sale_ratio": null,
            "price_fair": 24.68,
            "eps_avg_yearly": 0.71,
            "eps_latest_yearly": 0.6,
            "eps_growth_yearly": 1645.81
        },
        "20053": {
            "year_quarter": 20053,
            "year": 2005,
            "quarter": 3,
            "eps": -0.35,
            "eps_growth_year": -284.21,
            "eps_4q": -0.67,
            "eps_4q_growth_year": -280.62,
            "roe": -2.9,
            "roe_4q": -5.470000000000001,
            "gross_profit": 49273,
            "gross_margin": 6.96,
            "gross_margin_4q_avg": 8.73,
            "net_income": -45195,
            "net_income_4q": null,
            "revenue": 708345,
            "revenue_4q": null,
            "common_shares": 1293868,
            "book_valuer_per_share": 11.91,
            "book_valuer_per_share_4q_avg": 12.39,
            "equity": 1541274,
            "current_ratio": 106.77,
            "debt_ratio": 61.57,
            "inventory_turnover_ratio": 1.81,
            "account_receivable_turnover_ratio": null,
            "reinvestment_rate": 54.89,
            "research_to_sale_ratio": null,
            "price_fair": 24.68,
            "eps_avg_yearly": 0.71,
            "eps_latest_yearly": 0.6,
            "eps_growth_yearly": 1645.81
        },
        "20054": {
            "year_quarter": 20054,
            "year": 2005,
            "quarter": 4,
            "eps": -0.73,
            "eps_growth_year": null,
            "eps_4q": -1.1,
            "eps_4q_growth_year": -566.57,
            "roe": -4.8,
            "roe_4q": -10.16,
            "gross_profit": 22618,
            "gross_margin": 2.71,
            "gross_margin_4q_avg": 6.82,
            "net_income": -93114,
            "net_income_4q": null,
            "revenue": 833172,
            "revenue_4q": null,
            "common_shares": 1293868,
            "book_valuer_per_share": 11.5,
            "book_valuer_per_share_4q_avg": 12.09,
            "equity": 2336250,
            "current_ratio": 117.61,
            "debt_ratio": 57.54,
            "inventory_turnover_ratio": 1.93,
            "account_receivable_turnover_ratio": null,
            "reinvestment_rate": null,
            "research_to_sale_ratio": null,
            "price_fair": 24.68,
            "eps_avg_yearly": 0.71,
            "eps_latest_yearly": 0.6,
            "eps_growth_yearly": 1645.81
        },
        "20061": {
            "year_quarter": 20061,
            "year": 2006,
            "quarter": 1,
            "eps": -0.76,
            "eps_growth_year": -1366.67,
            "eps_4q": -2.22,
            "eps_4q_growth_year": -1949.58,
            "roe": -5.19,
            "roe_4q": -15.8,
            "gross_profit": 15841,
            "gross_margin": 1.93,
            "gross_margin_4q_avg": 4.31,
            "net_income": -96642,
            "net_income_4q": null,
            "revenue": 820270,
            "revenue_4q": null,
            "common_shares": 1293868,
            "book_valuer_per_share": 10.71,
            "book_valuer_per_share_4q_avg": 11.58,
            "equity": 1385481,
            "current_ratio": 89.65,
            "debt_ratio": 64.15,
            "inventory_turnover_ratio": 2.08,
            "account_receivable_turnover_ratio": null,
            "reinvestment_rate": null,
            "research_to_sale_ratio": null,
            "price_fair": 24.68,
            "eps_avg_yearly": 0.71,
            "eps_latest_yearly": 0.6,
            "eps_growth_yearly": 1645.81
        },
        "20062": {
            "year_quarter": 20062,
            "year": 2006,
            "quarter": 2,
            "eps": -0.89,
            "eps_growth_year": null,
            "eps_4q": -2.69,
            "eps_4q_growth_year": null,
            "roe": -8.45,
            "roe_4q": -21.34,
            "gross_profit": 22443,
            "gross_margin": 2.76,
            "gross_margin_4q_avg": 3.59,
            "net_income": -112511,
            "net_income_4q": null,
            "revenue": 813408,
            "revenue_4q": null,
            "common_shares": 1293868,
            "book_valuer_per_share": 9.86,
            "book_valuer_per_share_4q_avg": 11,
            "equity": 1276333,
            "current_ratio": 88.59,
            "debt_ratio": 67.04,
            "inventory_turnover_ratio": 2.72,
            "account_receivable_turnover_ratio": null,
            "reinvestment_rate": null,
            "research_to_sale_ratio": null,
            "price_fair": 28,
            "eps_avg_yearly": 0.8,
            "eps_latest_yearly": 0.6,
            "eps_growth_yearly": 1919.02
        },
        "20063": {
            "year_quarter": 20063,
            "year": 2006,
            "quarter": 3,
            "eps": -0.91,
            "eps_growth_year": null,
            "eps_4q": -3.23,
            "eps_4q_growth_year": null,
            "roe": -9.4,
            "roe_4q": -27.840000000000003,
            "gross_profit": 56101,
            "gross_margin": 7.33,
            "gross_margin_4q_avg": 3.68,
            "net_income": -115093,
            "net_income_4q": null,
            "revenue": 765310,
            "revenue_4q": null,
            "common_shares": 1293868,
            "book_valuer_per_share": 9.06,
            "book_valuer_per_share_4q_avg": 10.28,
            "equity": 1172428,
            "current_ratio": 65.83,
            "debt_ratio": 68.6,
            "inventory_turnover_ratio": 2.5,
            "account_receivable_turnover_ratio": null,
            "reinvestment_rate": null,
            "research_to_sale_ratio": null,
            "price_fair": 2.1,
            "eps_avg_yearly": 0.7,
            "eps_latest_yearly": 0.6,
            "eps_growth_yearly": -27.81
        },
        "20064": {
            "year_quarter": 20064,
            "year": 2006,
            "quarter": 4,
            "eps": -0.8,
            "eps_growth_year": null,
            "eps_4q": -2.41,
            "eps_4q_growth_year": null,
            "roe": -6.78,
            "roe_4q": -29.82,
            "gross_profit": 42440,
            "gross_margin": 4.46,
            "gross_margin_4q_avg": 4.12,
            "net_income": -101079,
            "net_income_4q": null,
            "revenue": 952458,
            "revenue_4q": null,
            "common_shares": 1293868,
            "book_valuer_per_share": 8.28,
            "book_valuer_per_share_4q_avg": 9.48,
            "equity": 1809286,
            "current_ratio": 63.72,
            "debt_ratio": 68.37,
            "inventory_turnover_ratio": 2.04,
            "account_receivable_turnover_ratio": null,
            "reinvestment_rate": null,
            "research_to_sale_ratio": null,
            "price_fair": 1.97,
            "eps_avg_yearly": 0.66,
            "eps_latest_yearly": 0.6,
            "eps_growth_yearly": -5.94
        },
        "20071": {
            "year_quarter": 20071,
            "year": 2007,
            "quarter": 1,
            "eps": -0.5,
            "eps_growth_year": null,
            "eps_4q": -3.07,
            "eps_4q_growth_year": null,
            "roe": -4.54,
            "roe_4q": -29.169999999999998,
            "gross_profit": 47567,
            "gross_margin": 5.9,
            "gross_margin_4q_avg": 5.11,
            "net_income": -64029,
            "net_income_4q": null,
            "revenue": 805861,
            "revenue_4q": null,
            "common_shares": 1293868,
            "book_valuer_per_share": 7.83,
            "book_valuer_per_share_4q_avg": 8.76,
            "equity": 1013500,
            "current_ratio": 54.81,
            "debt_ratio": 71.94,
            "inventory_turnover_ratio": 1.76,
            "account_receivable_turnover_ratio": null,
            "reinvestment_rate": null,
            "research_to_sale_ratio": null,
            "price_fair": 21.78,
            "eps_avg_yearly": 0.66,
            "eps_latest_yearly": 0.6,
            "eps_growth_yearly": 23.01
        },
        "20072": {
            "year_quarter": 20072,
            "year": 2007,
            "quarter": 2,
            "eps": -0.79,
            "eps_growth_year": null,
            "eps_4q": -2.94,
            "eps_4q_growth_year": null,
            "roe": -10.36,
            "roe_4q": -31.08,
            "gross_profit": 24193,
            "gross_margin": 2.84,
            "gross_margin_4q_avg": 5.13,
            "net_income": -100046,
            "net_income_4q": null,
            "revenue": 850910,
            "revenue_4q": null,
            "common_shares": 1293868,
            "book_valuer_per_share": 7.09,
            "book_valuer_per_share_4q_avg": 8.07,
            "equity": 917721,
            "current_ratio": 48.44,
            "debt_ratio": 72.38,
            "inventory_turnover_ratio": 3.43,
            "account_receivable_turnover_ratio": null,
            "reinvestment_rate": null,
            "research_to_sale_ratio": null,
            "price_fair": 1.72,
            "eps_avg_yearly": 0.57,
            "eps_latest_yearly": 0.6,
            "eps_growth_yearly": -27.66
        },
        "20073": {
            "year_quarter": 20073,
            "year": 2007,
            "quarter": 3,
            "eps": -0.57,
            "eps_growth_year": null,
            "eps_4q": -2.66,
            "eps_4q_growth_year": null,
            "roe": -8.24,
            "roe_4q": -29.92,
            "gross_profit": 26708,
            "gross_margin": 3.07,
            "gross_margin_4q_avg": 4.07,
            "net_income": -72525,
            "net_income_4q": null,
            "revenue": 869477,
            "revenue_4q": null,
            "common_shares": 1268868,
            "book_valuer_per_share": 6.64,
            "book_valuer_per_share_4q_avg": 7.46,
            "equity": 842150,
            "current_ratio": 47.19,
            "debt_ratio": 73.3,
            "inventory_turnover_ratio": 3.96,
            "account_receivable_turnover_ratio": null,
            "reinvestment_rate": null,
            "research_to_sale_ratio": null,
            "price_fair": 21.7,
            "eps_avg_yearly": 0.62,
            "eps_latest_yearly": 0.6,
            "eps_growth_yearly": 54.17
        },
        "20074": {
            "year_quarter": 20074,
            "year": 2007,
            "quarter": 4,
            "eps": -0.4,
            "eps_growth_year": null,
            "eps_4q": -1.91,
            "eps_4q_growth_year": null,
            "roe": -4.19,
            "roe_4q": -27.33,
            "gross_profit": 27586,
            "gross_margin": 3.17,
            "gross_margin_4q_avg": 3.75,
            "net_income": -50576,
            "net_income_4q": null,
            "revenue": 869666,
            "revenue_4q": null,
            "common_shares": 1268868,
            "book_valuer_per_share": 6.7,
            "book_valuer_per_share_4q_avg": 7.07,
            "equity": 1570442,
            "current_ratio": 52.43,
            "debt_ratio": 67.87,
            "inventory_turnover_ratio": 3.17,
            "account_receivable_turnover_ratio": null,
            "reinvestment_rate": null,
            "research_to_sale_ratio": null,
            "price_fair": 1.8,
            "eps_avg_yearly": 0.6,
            "eps_latest_yearly": 0.6,
            "eps_growth_yearly": -25
        },
        "20081": {
            "year_quarter": 20081,
            "year": 2008,
            "quarter": 1,
            "eps": -0.57,
            "eps_growth_year": null,
            "eps_4q": -2.17,
            "eps_4q_growth_year": null,
            "roe": -5.09,
            "roe_4q": -27.880000000000003,
            "gross_profit": 60273,
            "gross_margin": 5.45,
            "gross_margin_4q_avg": 3.63,
            "net_income": -77303,
            "net_income_4q": null,
            "revenue": 1104935,
            "revenue_4q": null,
            "common_shares": 1268868,
            "book_valuer_per_share": 6.06,
            "book_valuer_per_share_4q_avg": 6.62,
            "equity": 1467610,
            "current_ratio": 41.51,
            "debt_ratio": 69.41,
            "inventory_turnover_ratio": 3.41,
            "account_receivable_turnover_ratio": null,
            "reinvestment_rate": null,
            "research_to_sale_ratio": null,
            "price_fair": 0,
            "eps_avg_yearly": 0,
            "eps_latest_yearly": 0,
            "eps_growth_yearly": 0
        },
        "20082": {
            "year_quarter": 20082,
            "year": 2008,
            "quarter": 2,
            "eps": -0.4,
            "eps_growth_year": null,
            "eps_4q": -1.94,
            "eps_4q_growth_year": null,
            "roe": -3.85,
            "roe_4q": -21.369999999999997,
            "gross_profit": 62204,
            "gross_margin": 6,
            "gross_margin_4q_avg": 4.42,
            "net_income": -55850,
            "net_income_4q": null,
            "revenue": 1037045,
            "revenue_4q": null,
            "common_shares": 1268868,
            "book_valuer_per_share": 5.72,
            "book_valuer_per_share_4q_avg": 6.28,
            "equity": 1434018,
            "current_ratio": 51.06,
            "debt_ratio": 69.37,
            "inventory_turnover_ratio": 3.22,
            "account_receivable_turnover_ratio": null,
            "reinvestment_rate": null,
            "research_to_sale_ratio": null,
            "price_fair": 0,
            "eps_avg_yearly": 0,
            "eps_latest_yearly": 0,
            "eps_growth_yearly": 0
        },
        "20083": {
            "year_quarter": 20083,
            "year": 2008,
            "quarter": 3,
            "eps": -1.13,
            "eps_growth_year": null,
            "eps_4q": -3.43,
            "eps_4q_growth_year": null,
            "roe": -9.05,
            "roe_4q": -22.180000000000003,
            "gross_profit": 39136,
            "gross_margin": 4.36,
            "gross_margin_4q_avg": 4.75,
            "net_income": -127051,
            "net_income_4q": null,
            "revenue": 898487,
            "revenue_4q": null,
            "common_shares": 752439,
            "book_valuer_per_share": 8.88,
            "book_valuer_per_share_4q_avg": 6.84,
            "equity": 1373348,
            "current_ratio": 48.78,
            "debt_ratio": 71.07,
            "inventory_turnover_ratio": 2.58,
            "account_receivable_turnover_ratio": null,
            "reinvestment_rate": null,
            "research_to_sale_ratio": null,
            "price_fair": 0,
            "eps_avg_yearly": 0,
            "eps_latest_yearly": 0,
            "eps_growth_yearly": 0
        },
        "20084": {
            "year_quarter": 20084,
            "year": 2008,
            "quarter": 4,
            "eps": -3.58,
            "eps_growth_year": null,
            "eps_4q": -4.39,
            "eps_4q_growth_year": null,
            "roe": -37.12,
            "roe_4q": -55.11,
            "gross_profit": -19880,
            "gross_margin": -2.46,
            "gross_margin_4q_avg": 3.34,
            "net_income": -429704,
            "net_income_4q": null,
            "revenue": 808779,
            "revenue_4q": null,
            "common_shares": 752439,
            "book_valuer_per_share": 5.31,
            "book_valuer_per_share_4q_avg": 6.49,
            "equity": 942023,
            "current_ratio": 50.7,
            "debt_ratio": 75.95,
            "inventory_turnover_ratio": 3.19,
            "account_receivable_turnover_ratio": 11.85,
            "reinvestment_rate": null,
            "research_to_sale_ratio": null,
            "price_fair": 0,
            "eps_avg_yearly": 0,
            "eps_latest_yearly": 0,
            "eps_growth_yearly": 0
        },
        "20091": {
            "year_quarter": 20091,
            "year": 2009,
            "quarter": 1,
            "eps": 0.13,
            "eps_growth_year": null,
            "eps_4q": -2.5,
            "eps_4q_growth_year": null,
            "roe": -2.12,
            "roe_4q": -52.13999999999999,
            "gross_profit": 25268,
            "gross_margin": 7.11,
            "gross_margin_4q_avg": 3.75,
            "net_income": -20584,
            "net_income_4q": null,
            "revenue": 355604,
            "revenue_4q": null,
            "common_shares": 752439,
            "book_valuer_per_share": 5.58,
            "book_valuer_per_share_4q_avg": 6.37,
            "equity": 996790,
            "current_ratio": 52.36,
            "debt_ratio": 74.42,
            "inventory_turnover_ratio": 1.79,
            "account_receivable_turnover_ratio": 3,
            "reinvestment_rate": null,
            "research_to_sale_ratio": null,
            "price_fair": 0,
            "eps_avg_yearly": 0,
            "eps_latest_yearly": 0,
            "eps_growth_yearly": 0
        },
        "20092": {
            "year_quarter": 20092,
            "year": 2009,
            "quarter": 2,
            "eps": -0.66,
            "eps_growth_year": null,
            "eps_4q": -5.24,
            "eps_4q_growth_year": null,
            "roe": -14.3,
            "roe_4q": -62.59,
            "gross_profit": -42610,
            "gross_margin": -10.85,
            "gross_margin_4q_avg": -0.46,
            "net_income": -117603,
            "net_income_4q": null,
            "revenue": 392628,
            "revenue_4q": null,
            "common_shares": 752439,
            "book_valuer_per_share": 4.15,
            "book_valuer_per_share_4q_avg": 5.98,
            "equity": 647831,
            "current_ratio": 29.11,
            "debt_ratio": 79.65,
            "inventory_turnover_ratio": 2.63,
            "account_receivable_turnover_ratio": 2.85,
            "reinvestment_rate": null,
            "research_to_sale_ratio": null,
            "price_fair": 0,
            "eps_avg_yearly": 0,
            "eps_latest_yearly": 0,
            "eps_growth_yearly": 0
        },
        "20093": {
            "year_quarter": 20093,
            "year": 2009,
            "quarter": 3,
            "eps": -0.96,
            "eps_growth_year": null,
            "eps_4q": -5.07,
            "eps_4q_growth_year": null,
            "roe": -20.75,
            "roe_4q": -74.28999999999999,
            "gross_profit": -17476,
            "gross_margin": -3.8,
            "gross_margin_4q_avg": -2.5,
            "net_income": -120112,
            "net_income_4q": null,
            "revenue": 460385,
            "revenue_4q": null,
            "common_shares": 752439,
            "book_valuer_per_share": 3.11,
            "book_valuer_per_share_4q_avg": 4.54,
            "equity": 509724,
            "current_ratio": 24.83,
            "debt_ratio": 82.94,
            "inventory_turnover_ratio": 3.71,
            "account_receivable_turnover_ratio": 2.93,
            "reinvestment_rate": null,
            "research_to_sale_ratio": null,
            "price_fair": 0,
            "eps_avg_yearly": 0,
            "eps_latest_yearly": 0,
            "eps_growth_yearly": 0
        },
        "20094": {
            "year_quarter": 20094,
            "year": 2009,
            "quarter": 4,
            "eps": -1.07,
            "eps_growth_year": null,
            "eps_4q": -3.88,
            "eps_4q_growth_year": null,
            "roe": -26.65,
            "roe_4q": -63.82,
            "gross_profit": -19459,
            "gross_margin": -2.74,
            "gross_margin_4q_avg": -2.57,
            "net_income": -119959,
            "net_income_4q": null,
            "revenue": 709782,
            "revenue_4q": null,
            "common_shares": 398792,
            "book_valuer_per_share": 4.81,
            "book_valuer_per_share_4q_avg": 4.41,
            "equity": 390405,
            "current_ratio": 27.15,
            "debt_ratio": 86.72,
            "inventory_turnover_ratio": 5.91,
            "account_receivable_turnover_ratio": 8.81,
            "reinvestment_rate": null,
            "research_to_sale_ratio": null,
            "price_fair": 0,
            "eps_avg_yearly": 0,
            "eps_latest_yearly": 0,
            "eps_growth_yearly": 0
        },
        "20101": {
            "year_quarter": 20101,
            "year": 2010,
            "quarter": 1,
            "eps": 0.21,
            "eps_growth_year": 61.54,
            "eps_4q": -3.92,
            "eps_4q_growth_year": null,
            "roe": 1.82,
            "roe_4q": -59.879999999999995,
            "gross_profit": 77189,
            "gross_margin": 10.82,
            "gross_margin_4q_avg": -1.64,
            "net_income": 7433,
            "net_income_4q": null,
            "revenue": 713118,
            "revenue_4q": null,
            "common_shares": 398792,
            "book_valuer_per_share": 5.33,
            "book_valuer_per_share_4q_avg": 4.35,
            "equity": 425886,
            "current_ratio": 28.7,
            "debt_ratio": 85.47,
            "inventory_turnover_ratio": 4.64,
            "account_receivable_turnover_ratio": 4.74,
            "reinvestment_rate": null,
            "research_to_sale_ratio": 0.44,
            "price_fair": 0,
            "eps_avg_yearly": 0,
            "eps_latest_yearly": 0,
            "eps_growth_yearly": 0
        },
        "20102": {
            "year_quarter": 20102,
            "year": 2010,
            "quarter": 2,
            "eps": 0.36,
            "eps_growth_year": null,
            "eps_4q": -2.31,
            "eps_4q_growth_year": null,
            "roe": 6.12,
            "roe_4q": -39.459999999999994,
            "gross_profit": 110894,
            "gross_margin": 13.56,
            "gross_margin_4q_avg": 4.46,
            "net_income": 26092,
            "net_income_4q": null,
            "revenue": 817891,
            "revenue_4q": null,
            "common_shares": 398792,
            "book_valuer_per_share": 5.4,
            "book_valuer_per_share_4q_avg": 4.66,
            "equity": 426380,
            "current_ratio": 26.25,
            "debt_ratio": 84.96,
            "inventory_turnover_ratio": 4.82,
            "account_receivable_turnover_ratio": 5.72,
            "reinvestment_rate": null,
            "research_to_sale_ratio": 0.34,
            "price_fair": 50.4,
            "eps_avg_yearly": 1.44,
            "eps_latest_yearly": 1.44,
            "eps_growth_yearly": 285.71
        },
        "20103": {
            "year_quarter": 20103,
            "year": 2010,
            "quarter": 3,
            "eps": 0.2,
            "eps_growth_year": null,
            "eps_4q": -0.3,
            "eps_4q_growth_year": null,
            "roe": -0.98,
            "roe_4q": -19.689999999999998,
            "gross_profit": 68045,
            "gross_margin": 10.86,
            "gross_margin_4q_avg": 8.13,
            "net_income": -4154,
            "net_income_4q": null,
            "revenue": 626672,
            "revenue_4q": null,
            "common_shares": 398792,
            "book_valuer_per_share": 5.57,
            "book_valuer_per_share_4q_avg": 5.28,
            "equity": 419429,
            "current_ratio": 26.54,
            "debt_ratio": 84.82,
            "inventory_turnover_ratio": 3.71,
            "account_receivable_turnover_ratio": 4.12,
            "reinvestment_rate": null,
            "research_to_sale_ratio": 0.57,
            "price_fair": 39.2,
            "eps_avg_yearly": 1.12,
            "eps_latest_yearly": 0.8,
            "eps_growth_yearly": 53.97
        },
        "20104": {
            "year_quarter": 20104,
            "year": 2010,
            "quarter": 4,
            "eps": 5.35,
            "eps_growth_year": null,
            "eps_4q": 6.12,
            "eps_4q_growth_year": null,
            "roe": 44.18,
            "roe_4q": 51.14,
            "gross_profit": 112281,
            "gross_margin": 14.41,
            "gross_margin_4q_avg": 12.41,
            "net_income": 223013,
            "net_income_4q": null,
            "revenue": 779107,
            "revenue_4q": null,
            "common_shares": 398792,
            "book_valuer_per_share": 9.8,
            "book_valuer_per_share_4q_avg": 6.53,
            "equity": 590175,
            "current_ratio": 39.54,
            "debt_ratio": 77.02,
            "inventory_turnover_ratio": 3.94,
            "account_receivable_turnover_ratio": 6.03,
            "reinvestment_rate": null,
            "research_to_sale_ratio": 0.31,
            "price_fair": 275.8,
            "eps_avg_yearly": 7.88,
            "eps_latest_yearly": 21.4,
            "eps_growth_yearly": 3469.31
        },
        "20111": {
            "year_quarter": 20111,
            "year": 2011,
            "quarter": 1,
            "eps": 0.25,
            "eps_growth_year": 19.05,
            "eps_4q": 6.16,
            "eps_4q_growth_year": null,
            "roe": 1.87,
            "roe_4q": 51.19,
            "gross_profit": 42364,
            "gross_margin": 11.61,
            "gross_margin_4q_avg": 12.61,
            "net_income": 9936,
            "net_income_4q": null,
            "revenue": 364780,
            "revenue_4q": null,
            "common_shares": 398792,
            "book_valuer_per_share": 10.07,
            "book_valuer_per_share_4q_avg": 7.71,
            "equity": 472234,
            "current_ratio": 57.68,
            "debt_ratio": 69.47,
            "inventory_turnover_ratio": 2.06,
            "account_receivable_turnover_ratio": 3.85,
            "reinvestment_rate": null,
            "research_to_sale_ratio": 1.01,
            "price_fair": 215.6,
            "eps_avg_yearly": 6.16,
            "eps_latest_yearly": 1,
            "eps_growth_yearly": 2506.66
        },
        "20112": {
            "year_quarter": 20112,
            "year": 2011,
            "quarter": 2,
            "eps": -0.41,
            "eps_growth_year": -212.63,
            "eps_4q": 5.39,
            "eps_4q_growth_year": null,
            "roe": -3.48,
            "roe_4q": 41.59,
            "gross_profit": 13125,
            "gross_margin": 4.31,
            "gross_margin_4q_avg": 10.3,
            "net_income": -16568,
            "net_income_4q": null,
            "revenue": 304350,
            "revenue_4q": null,
            "common_shares": 398792,
            "book_valuer_per_share": 10.31,
            "book_valuer_per_share_4q_avg": 8.94,
            "equity": 481331,
            "current_ratio": 63.24,
            "debt_ratio": 69.19,
            "inventory_turnover_ratio": 2.13,
            "account_receivable_turnover_ratio": 3.67,
            "reinvestment_rate": null,
            "research_to_sale_ratio": 1.11,
            "price_fair": 215.6,
            "eps_avg_yearly": 6.16,
            "eps_latest_yearly": 1,
            "eps_growth_yearly": 2506.66
        },
        "20113": {
            "year_quarter": 20113,
            "year": 2011,
            "quarter": 3,
            "eps": -0.35,
            "eps_growth_year": -280.94,
            "eps_4q": 4.03,
            "eps_4q_growth_year": null,
            "roe": -3.29,
            "roe_4q": 39.28,
            "gross_profit": 28139,
            "gross_margin": 8.56,
            "gross_margin_4q_avg": 9.72,
            "net_income": -16505,
            "net_income_4q": null,
            "revenue": 328588,
            "revenue_4q": null,
            "common_shares": 472992,
            "book_valuer_per_share": 9.53,
            "book_valuer_per_share_4q_avg": 9.93,
            "equity": 520996,
            "current_ratio": 62.04,
            "debt_ratio": 65.25,
            "inventory_turnover_ratio": 2.51,
            "account_receivable_turnover_ratio": 4.01,
            "reinvestment_rate": null,
            "research_to_sale_ratio": 1.45,
            "price_fair": 215.6,
            "eps_avg_yearly": 6.16,
            "eps_latest_yearly": 1,
            "eps_growth_yearly": 2506.66
        },
        "20114": {
            "year_quarter": 20114,
            "year": 2011,
            "quarter": 4,
            "eps": 0.78,
            "eps_growth_year": -85.35,
            "eps_4q": 0.3,
            "eps_4q_growth_year": -95.14,
            "roe": 6.8,
            "roe_4q": 1.9,
            "gross_profit": 61626,
            "gross_margin": 15.82,
            "gross_margin_4q_avg": 10.08,
            "net_income": 35834,
            "net_income_4q": null,
            "revenue": 389466,
            "revenue_4q": null,
            "common_shares": 472992,
            "book_valuer_per_share": 9.82,
            "book_valuer_per_share_4q_avg": 9.93,
            "equity": 533546,
            "current_ratio": 61.8,
            "debt_ratio": 63.76,
            "inventory_turnover_ratio": 3.79,
            "account_receivable_turnover_ratio": 3.96,
            "reinvestment_rate": null,
            "research_to_sale_ratio": 1.03,
            "price_fair": 215.6,
            "eps_avg_yearly": 6.16,
            "eps_latest_yearly": 1,
            "eps_growth_yearly": 2506.66
        },
        "20121": {
            "year_quarter": 20121,
            "year": 2012,
            "quarter": 1,
            "eps": 0.14,
            "eps_growth_year": -44,
            "eps_4q": 0.22,
            "eps_4q_growth_year": -96.41,
            "roe": 1.27,
            "roe_4q": 1.3000000000000003,
            "gross_profit": 33169,
            "gross_margin": 10.25,
            "gross_margin_4q_avg": 9.74,
            "net_income": 6791,
            "net_income_4q": null,
            "revenue": 323550,
            "revenue_4q": null,
            "common_shares": 472992,
            "book_valuer_per_share": 9.91,
            "book_valuer_per_share_4q_avg": 9.89,
            "equity": 538511,
            "current_ratio": 60.96,
            "debt_ratio": 62.85,
            "inventory_turnover_ratio": 3.38,
            "account_receivable_turnover_ratio": 3.08,
            "reinvestment_rate": null,
            "research_to_sale_ratio": 1.26,
            "price_fair": 176.4,
            "eps_avg_yearly": 5.04,
            "eps_latest_yearly": 0.56,
            "eps_growth_yearly": 1939.68
        },
        "20122": {
            "year_quarter": 20122,
            "year": 2012,
            "quarter": 2,
            "eps": -0.62,
            "eps_growth_year": null,
            "eps_4q": -0.16,
            "eps_4q_growth_year": -103.02,
            "roe": -6.23,
            "roe_4q": -1.450000000000001,
            "gross_profit": 31794,
            "gross_margin": 9.71,
            "gross_margin_4q_avg": 11.09,
            "net_income": -34649,
            "net_income_4q": null,
            "revenue": 327480,
            "revenue_4q": null,
            "common_shares": 589662,
            "book_valuer_per_share": 8.53,
            "book_valuer_per_share_4q_avg": 9.45,
            "equity": 574213,
            "current_ratio": 72.48,
            "debt_ratio": 61.45,
            "inventory_turnover_ratio": 2.85,
            "account_receivable_turnover_ratio": 3.24,
            "reinvestment_rate": null,
            "research_to_sale_ratio": 1.32,
            "price_fair": 176.4,
            "eps_avg_yearly": 5.04,
            "eps_latest_yearly": 0.56,
            "eps_growth_yearly": 1939.68
        },
        "20123": {
            "year_quarter": 20123,
            "year": 2012,
            "quarter": 3,
            "eps": -0.49,
            "eps_growth_year": null,
            "eps_4q": -0.37,
            "eps_4q_growth_year": -109.2,
            "roe": -5.24,
            "roe_4q": -3.4000000000000012,
            "gross_profit": 16194,
            "gross_margin": 4.99,
            "gross_margin_4q_avg": 10.19,
            "net_income": -29335,
            "net_income_4q": null,
            "revenue": 324256,
            "revenue_4q": null,
            "common_shares": 589662,
            "book_valuer_per_share": 8.03,
            "book_valuer_per_share_4q_avg": 9.07,
            "equity": 544581,
            "current_ratio": 94.95,
            "debt_ratio": 63.71,
            "inventory_turnover_ratio": 3.02,
            "account_receivable_turnover_ratio": 3.12,
            "reinvestment_rate": null,
            "research_to_sale_ratio": 1.22,
            "price_fair": 176.4,
            "eps_avg_yearly": 5.04,
            "eps_latest_yearly": 0.56,
            "eps_growth_yearly": 1939.68
        },
        "20124": {
            "year_quarter": 20124,
            "year": 2012,
            "quarter": 4,
            "eps": -0.51,
            "eps_growth_year": -164.72,
            "eps_4q": -1.51,
            "eps_4q_growth_year": -606.71,
            "roe": -5.76,
            "roe_4q": -15.96,
            "gross_profit": 13548,
            "gross_margin": 4.5,
            "gross_margin_4q_avg": 7.36,
            "net_income": -30491,
            "net_income_4q": null,
            "revenue": 300937,
            "revenue_4q": null,
            "common_shares": 589662,
            "book_valuer_per_share": 7.52,
            "book_valuer_per_share_4q_avg": 8.5,
            "equity": 513998,
            "current_ratio": 87.48,
            "debt_ratio": 64.05,
            "inventory_turnover_ratio": 2.66,
            "account_receivable_turnover_ratio": 2.86,
            "reinvestment_rate": -11794.29,
            "research_to_sale_ratio": 1.86,
            "price_fair": 176.4,
            "eps_avg_yearly": 5.04,
            "eps_latest_yearly": 0.56,
            "eps_growth_yearly": 1939.68
        },
        "20131": {
            "year_quarter": 20131,
            "year": 2013,
            "quarter": 1,
            "eps": -0.61,
            "eps_growth_year": -535.71,
            "eps_4q": -2.22,
            "eps_4q_growth_year": -1104.72,
            "roe": -7.39,
            "roe_4q": -24.62,
            "gross_profit": -4662,
            "gross_margin": -1.75,
            "gross_margin_4q_avg": 4.36,
            "net_income": -36406,
            "net_income_4q": null,
            "revenue": 266418,
            "revenue_4q": null,
            "common_shares": 589662,
            "book_valuer_per_share": 6.8,
            "book_valuer_per_share_4q_avg": 7.72,
            "equity": 470858,
            "current_ratio": 74.9,
            "debt_ratio": 65.32,
            "inventory_turnover_ratio": 2.35,
            "account_receivable_turnover_ratio": 2.86,
            "reinvestment_rate": null,
            "research_to_sale_ratio": 1.56,
            "price_fair": 176.4,
            "eps_avg_yearly": 5.04,
            "eps_latest_yearly": 0.56,
            "eps_growth_yearly": 1939.68
        },
        "20132": {
            "year_quarter": 20132,
            "year": 2013,
            "quarter": 2,
            "eps": -0.57,
            "eps_growth_year": null,
            "eps_4q": -2.18,
            "eps_4q_growth_year": null,
            "roe": -7.47,
            "roe_4q": -25.86,
            "gross_profit": -1654,
            "gross_margin": -0.65,
            "gross_margin_4q_avg": 1.77,
            "net_income": -33939,
            "net_income_4q": null,
            "revenue": 253303,
            "revenue_4q": null,
            "common_shares": 589662,
            "book_valuer_per_share": 6.23,
            "book_valuer_per_share_4q_avg": 7.15,
            "equity": 437266,
            "current_ratio": 69.11,
            "debt_ratio": 67.04,
            "inventory_turnover_ratio": 2.03,
            "account_receivable_turnover_ratio": 2.9,
            "reinvestment_rate": null,
            "research_to_sale_ratio": 1.59,
            "price_fair": 176.4,
            "eps_avg_yearly": 5.04,
            "eps_latest_yearly": 0.56,
            "eps_growth_yearly": 1939.68
        },
        "20133": {
            "year_quarter": 20133,
            "year": 2013,
            "quarter": 3,
            "eps": -0.78,
            "eps_growth_year": null,
            "eps_4q": -2.47,
            "eps_4q_growth_year": null,
            "roe": -11.29,
            "roe_4q": -31.909999999999997,
            "gross_profit": -1563,
            "gross_margin": -0.8,
            "gross_margin_4q_avg": 0.33,
            "net_income": -46702,
            "net_income_4q": null,
            "revenue": 196137,
            "revenue_4q": null,
            "common_shares": 589662,
            "book_valuer_per_share": 5.44,
            "book_valuer_per_share_4q_avg": 6.5,
            "equity": 390254,
            "current_ratio": 62.01,
            "debt_ratio": 69.1,
            "inventory_turnover_ratio": 1.57,
            "account_receivable_turnover_ratio": 2.04,
            "reinvestment_rate": -14502.63,
            "research_to_sale_ratio": 2.01,
            "price_fair": 176.4,
            "eps_avg_yearly": 5.04,
            "eps_latest_yearly": 0.56,
            "eps_growth_yearly": 1939.68
        },
        "20134": {
            "year_quarter": 20134,
            "year": 2013,
            "quarter": 4,
            "eps": -0.46,
            "eps_growth_year": null,
            "eps_4q": -2.42,
            "eps_4q_growth_year": null,
            "roe": -7.88,
            "roe_4q": -34.029999999999994,
            "gross_profit": -3652,
            "gross_margin": -1.97,
            "gross_margin_4q_avg": -1.29,
            "net_income": -27146,
            "net_income_4q": null,
            "revenue": 185036,
            "revenue_4q": null,
            "common_shares": 589662,
            "book_valuer_per_share": 5.07,
            "book_valuer_per_share_4q_avg": 5.89,
            "equity": 299072,
            "current_ratio": 64.26,
            "debt_ratio": 73.7,
            "inventory_turnover_ratio": 1.72,
            "account_receivable_turnover_ratio": 1.75,
            "reinvestment_rate": -6199.87,
            "research_to_sale_ratio": 2.44,
            "price_fair": 176.4,
            "eps_avg_yearly": 5.04,
            "eps_latest_yearly": 0.56,
            "eps_growth_yearly": 1939.68
        },
        "20141": {
            "year_quarter": 20141,
            "year": 2014,
            "quarter": 1,
            "eps": -0.35,
            "eps_growth_year": null,
            "eps_4q": -1.72,
            "eps_4q_growth_year": null,
            "roe": -7.85,
            "roe_4q": -34.49,
            "gross_profit": 2799,
            "gross_margin": 1.49,
            "gross_margin_4q_avg": -0.48,
            "net_income": -24866,
            "net_income_4q": null,
            "revenue": 187425,
            "revenue_4q": null,
            "common_shares": 767162,
            "book_valuer_per_share": 4.36,
            "book_valuer_per_share_4q_avg": 5.28,
            "equity": 334671,
            "current_ratio": 67.83,
            "debt_ratio": 69.67,
            "inventory_turnover_ratio": 1.68,
            "account_receivable_turnover_ratio": 1.74,
            "reinvestment_rate": null,
            "research_to_sale_ratio": 2.3,
            "price_fair": 176.4,
            "eps_avg_yearly": 5.04,
            "eps_latest_yearly": 0.56,
            "eps_growth_yearly": 1939.68
        },
        "20142": {
            "year_quarter": 20142,
            "year": 2014,
            "quarter": 2,
            "eps": -0.22,
            "eps_growth_year": null,
            "eps_4q": -1.5,
            "eps_4q_growth_year": null,
            "roe": -5.16,
            "roe_4q": -32.18,
            "gross_profit": 10790,
            "gross_margin": 4.84,
            "gross_margin_4q_avg": 0.89,
            "net_income": -16813,
            "net_income_4q": null,
            "revenue": 222850,
            "revenue_4q": null,
            "common_shares": 767162,
            "book_valuer_per_share": 4.14,
            "book_valuer_per_share_4q_avg": 4.75,
            "equity": 317567,
            "current_ratio": 64.93,
            "debt_ratio": 70.7,
            "inventory_turnover_ratio": 1.87,
            "account_receivable_turnover_ratio": 2.14,
            "reinvestment_rate": null,
            "research_to_sale_ratio": 2.62,
            "price_fair": 207.9,
            "eps_avg_yearly": 5.94,
            "eps_latest_yearly": 0.56,
            "eps_growth_yearly": 2353.18
        },
        "20143": {
            "year_quarter": 20143,
            "year": 2014,
            "quarter": 3,
            "eps": -0.36,
            "eps_growth_year": null,
            "eps_4q": -1.25,
            "eps_4q_growth_year": null,
            "roe": -9.07,
            "roe_4q": -29.959999999999997,
            "gross_profit": 659,
            "gross_margin": 0.29,
            "gross_margin_4q_avg": 1.16,
            "net_income": -27549,
            "net_income_4q": null,
            "revenue": 227607,
            "revenue_4q": null,
            "common_shares": 767162,
            "book_valuer_per_share": 3.78,
            "book_valuer_per_share_4q_avg": 4.34,
            "equity": 289737,
            "current_ratio": 63.97,
            "debt_ratio": 73.54,
            "inventory_turnover_ratio": 2.17,
            "account_receivable_turnover_ratio": 1.99,
            "reinvestment_rate": null,
            "research_to_sale_ratio": 2.58,
            "price_fair": 267.87,
            "eps_avg_yearly": 7.65,
            "eps_latest_yearly": 0.56,
            "eps_growth_yearly": 3196.83
        },
        "20144": {
            "year_quarter": 20144,
            "year": 2014,
            "quarter": 4,
            "eps": -0.31,
            "eps_growth_year": null,
            "eps_4q": -1.21,
            "eps_4q_growth_year": null,
            "roe": -8.4,
            "roe_4q": -30.479999999999997,
            "gross_profit": 11451,
            "gross_margin": 5.29,
            "gross_margin_4q_avg": 2.98,
            "net_income": -23654,
            "net_income_4q": null,
            "revenue": 216563,
            "revenue_4q": null,
            "common_shares": 767162,
            "book_valuer_per_share": 3.56,
            "book_valuer_per_share_4q_avg": 3.96,
            "equity": 273424,
            "current_ratio": 64.53,
            "debt_ratio": 74.64,
            "inventory_turnover_ratio": 1.88,
            "account_receivable_turnover_ratio": 1.79,
            "reinvestment_rate": null,
            "research_to_sale_ratio": 2.04,
            "price_fair": 2.34,
            "eps_avg_yearly": 0.78,
            "eps_latest_yearly": 0.56,
            "eps_growth_yearly": -354.76
        },
        "20151": {
            "year_quarter": 20151,
            "year": 2015,
            "quarter": 1,
            "eps": -0.12,
            "eps_growth_year": null,
            "eps_4q": -1.01,
            "eps_4q_growth_year": null,
            "roe": -3.48,
            "roe_4q": -26.110000000000003,
            "gross_profit": 16557,
            "gross_margin": 7.69,
            "gross_margin_4q_avg": 4.53,
            "net_income": -9348,
            "net_income_4q": null,
            "revenue": 215360,
            "revenue_4q": null,
            "common_shares": 767162,
            "book_valuer_per_share": 3.44,
            "book_valuer_per_share_4q_avg": 3.73,
            "equity": 264076,
            "current_ratio": 66.48,
            "debt_ratio": 75.48,
            "inventory_turnover_ratio": 1.83,
            "account_receivable_turnover_ratio": 1.84,
            "reinvestment_rate": null,
            "research_to_sale_ratio": 1.88,
            "price_fair": 1.68,
            "eps_avg_yearly": 0.56,
            "eps_latest_yearly": 0.56,
            "eps_growth_yearly": -328.21
        },
        "20152": {
            "year_quarter": 20152,
            "year": 2015,
            "quarter": 2,
            "eps": 0.18,
            "eps_growth_year": null,
            "eps_4q": -0.61,
            "eps_4q_growth_year": null,
            "roe": 4.6,
            "roe_4q": -16.35,
            "gross_profit": 27485,
            "gross_margin": 8.01,
            "gross_margin_4q_avg": 5.32,
            "net_income": 12614,
            "net_income_4q": null,
            "revenue": 343197,
            "revenue_4q": null,
            "common_shares": 767162,
            "book_valuer_per_share": 3.63,
            "book_valuer_per_share_4q_avg": 3.6,
            "equity": 284924,
            "current_ratio": 52.4,
            "debt_ratio": 87.69,
            "inventory_turnover_ratio": 2.26,
            "account_receivable_turnover_ratio": 1.77,
            "reinvestment_rate": null,
            "research_to_sale_ratio": 1.14,
            "price_fair": 1.68,
            "eps_avg_yearly": 0.56,
            "eps_latest_yearly": 0.56,
            "eps_growth_yearly": -328.21
        },
        "20153": {
            "year_quarter": 20153,
            "year": 2015,
            "quarter": 3,
            "eps": -1.38,
            "eps_growth_year": null,
            "eps_4q": -2.08,
            "eps_4q_growth_year": null,
            "roe": -15.76,
            "roe_4q": -23.04,
            "gross_profit": 28358,
            "gross_margin": 5.84,
            "gross_margin_4q_avg": 6.71,
            "net_income": -41703,
            "net_income_4q": null,
            "revenue": 485429,
            "revenue_4q": null,
            "common_shares": 276178,
            "book_valuer_per_share": 8.75,
            "book_valuer_per_share_4q_avg": 4.85,
            "equity": 244442,
            "current_ratio": 51.28,
            "debt_ratio": 89.54,
            "inventory_turnover_ratio": 2.59,
            "account_receivable_turnover_ratio": 1.85,
            "reinvestment_rate": null,
            "research_to_sale_ratio": 0.73,
            "price_fair": 1.68,
            "eps_avg_yearly": 0.56,
            "eps_latest_yearly": 0.56,
            "eps_growth_yearly": -328.21
        },
        "20154": {
            "year_quarter": 20154,
            "year": 2015,
            "quarter": 4,
            "eps": 0.97,
            "eps_growth_year": null,
            "eps_4q": 0.18,
            "eps_4q_growth_year": null,
            "roe": 11.06,
            "roe_4q": -3.5799999999999996,
            "gross_profit": 80280,
            "gross_margin": 12.39,
            "gross_margin_4q_avg": 8.48,
            "net_income": 43142,
            "net_income_4q": null,
            "revenue": 648043,
            "revenue_4q": null,
            "common_shares": 423958,
            "book_valuer_per_share": 12.52,
            "book_valuer_per_share_4q_avg": 7.09,
            "equity": 535947,
            "current_ratio": 62.25,
            "debt_ratio": 76.87,
            "inventory_turnover_ratio": 3.29,
            "account_receivable_turnover_ratio": 2.23,
            "reinvestment_rate": null,
            "research_to_sale_ratio": 0.58,
            "price_fair": 1.68,
            "eps_avg_yearly": 0.56,
            "eps_latest_yearly": 0.56,
            "eps_growth_yearly": -328.21
        },
        "20161": {
            "year_quarter": 20161,
            "year": 2016,
            "quarter": 1,
            "eps": 0.02,
            "eps_growth_year": null,
            "eps_4q": 0.42,
            "eps_4q_growth_year": null,
            "roe": 0.15,
            "roe_4q": 0.05000000000000071,
            "gross_profit": 61676,
            "gross_margin": 11.58,
            "gross_margin_4q_avg": 9.46,
            "net_income": 800,
            "net_income_4q": null,
            "revenue": 532376,
            "revenue_4q": null,
            "common_shares": 423958,
            "book_valuer_per_share": 12.52,
            "book_valuer_per_share_4q_avg": 9.36,
            "equity": 535366,
            "current_ratio": 77.43,
            "debt_ratio": 78.02,
            "inventory_turnover_ratio": 2.58,
            "account_receivable_turnover_ratio": 1.83,
            "reinvestment_rate": null,
            "research_to_sale_ratio": 0.77,
            "price_fair": 0.24,
            "eps_avg_yearly": 0.08,
            "eps_latest_yearly": 0.08,
            "eps_growth_yearly": -391.75
        },
        "20162": {
            "year_quarter": 20162,
            "year": 2016,
            "quarter": 2,
            "eps": 0.32,
            "eps_growth_year": 77.78,
            "eps_4q": 0.42,
            "eps_4q_growth_year": null,
            "roe": 2.28,
            "roe_4q": -2.2699999999999996,
            "gross_profit": 52508,
            "gross_margin": 10.94,
            "gross_margin_4q_avg": 10.19,
            "net_income": 12318,
            "net_income_4q": null,
            "revenue": 480114,
            "revenue_4q": null,
            "common_shares": 423958,
            "book_valuer_per_share": 12.79,
            "book_valuer_per_share_4q_avg": 11.65,
            "equity": 545978,
            "current_ratio": 84.31,
            "debt_ratio": 76.18,
            "inventory_turnover_ratio": 2.39,
            "account_receivable_turnover_ratio": 1.8,
            "reinvestment_rate": null,
            "research_to_sale_ratio": 0.83,
            "price_fair": 23.8,
            "eps_avg_yearly": 0.68,
            "eps_latest_yearly": 1.28,
            "eps_growth_yearly": 2804.12
        },
        "20163": {
            "year_quarter": 20163,
            "year": 2016,
            "quarter": 3,
            "eps": 0.02,
            "eps_growth_year": null,
            "eps_4q": 1.34,
            "eps_4q_growth_year": null,
            "roe": 0.14,
            "roe_4q": 13.63,
            "gross_profit": 61893,
            "gross_margin": 12.28,
            "gross_margin_4q_avg": 11.8,
            "net_income": 764,
            "net_income_4q": null,
            "revenue": 503850,
            "revenue_4q": null,
            "common_shares": 423958,
            "book_valuer_per_share": 12.77,
            "book_valuer_per_share_4q_avg": 12.65,
            "equity": 544703,
            "current_ratio": 85.37,
            "debt_ratio": 75.17,
            "inventory_turnover_ratio": 2.42,
            "account_receivable_turnover_ratio": 1.74,
            "reinvestment_rate": null,
            "research_to_sale_ratio": 0.71,
            "price_fair": 16.8,
            "eps_avg_yearly": 0.48,
            "eps_latest_yearly": 0.08,
            "eps_growth_yearly": 1744.42
        },
        "20164": {
            "year_quarter": 20164,
            "year": 2016,
            "quarter": 4,
            "eps": 0.39,
            "eps_growth_year": -59.64,
            "eps_4q": 0.76,
            "eps_4q_growth_year": 329.67,
            "roe": 3.14,
            "roe_4q": 5.710000000000001,
            "gross_profit": 87980,
            "gross_margin": 14.5,
            "gross_margin_4q_avg": 12.33,
            "net_income": 17319,
            "net_income_4q": null,
            "revenue": 606782,
            "revenue_4q": null,
            "common_shares": 423958,
            "book_valuer_per_share": 13.12,
            "book_valuer_per_share_4q_avg": 12.8,
            "equity": 559979,
            "current_ratio": 90.69,
            "debt_ratio": 74.66,
            "inventory_turnover_ratio": 2.65,
            "account_receivable_turnover_ratio": 1.72,
            "reinvestment_rate": null,
            "research_to_sale_ratio": 0.61,
            "price_fair": 26.25,
            "eps_avg_yearly": 0.75,
            "eps_latest_yearly": 1.56,
            "eps_growth_yearly": 3158.31
        },
        "20171": {
            "year_quarter": 20171,
            "year": 2017,
            "quarter": 1,
            "eps": 1.04,
            "eps_growth_year": 5100,
            "eps_4q": 1.77,
            "eps_4q_growth_year": 323.03,
            "roe": 8.01,
            "roe_4q": 13.57,
            "gross_profit": 134867,
            "gross_margin": 18.45,
            "gross_margin_4q_avg": 14.04,
            "net_income": 46526,
            "net_income_4q": null,
            "revenue": 730971,
            "revenue_4q": null,
            "common_shares": 423958,
            "book_valuer_per_share": 14.05,
            "book_valuer_per_share_4q_avg": 13.18,
            "equity": 601748,
            "current_ratio": 98.03,
            "debt_ratio": 72.6,
            "inventory_turnover_ratio": 2.94,
            "account_receivable_turnover_ratio": 1.7,
            "reinvestment_rate": null,
            "research_to_sale_ratio": 0.43,
            "price_fair": 50.12,
            "eps_avg_yearly": 1.43,
            "eps_latest_yearly": 4.16,
            "eps_growth_yearly": 2659.98
        },
        "20172": {
            "year_quarter": 20172,
            "year": 2017,
            "quarter": 2,
            "eps": 1.9,
            "eps_growth_year": 493.75,
            "eps_4q": 3.21,
            "eps_4q_growth_year": 669.56,
            "roe": 13.12,
            "roe_4q": 24.41,
            "gross_profit": 145724,
            "gross_margin": 17.81,
            "gross_margin_4q_avg": 15.76,
            "net_income": 84593,
            "net_income_4q": null,
            "revenue": 818169,
            "revenue_4q": null,
            "common_shares": 423958,
            "book_valuer_per_share": 15.98,
            "book_valuer_per_share_4q_avg": 13.98,
            "equity": 687655,
            "current_ratio": 106.1,
            "debt_ratio": 69.13,
            "inventory_turnover_ratio": 3.37,
            "account_receivable_turnover_ratio": 1.71,
            "reinvestment_rate": null,
            "research_to_sale_ratio": 0.47,
            "price_fair": 86.1,
            "eps_avg_yearly": 2.46,
            "eps_latest_yearly": 7.6,
            "eps_growth_yearly": 2271.78
        },
        "20173": {
            "year_quarter": 20173,
            "year": 2017,
            "quarter": 3,
            "eps": 0.68,
            "eps_growth_year": 3300,
            "eps_4q": 3.87,
            "eps_4q_growth_year": 189.14,
            "roe": 4.45,
            "roe_4q": 28.72,
            "gross_profit": 90750,
            "gross_margin": 13.47,
            "gross_margin_4q_avg": 16.06,
            "net_income": 31360,
            "net_income_4q": null,
            "revenue": 673588,
            "revenue_4q": null,
            "common_shares": 443036,
            "book_valuer_per_share": 16.02,
            "book_valuer_per_share_4q_avg": 14.79,
            "equity": 721507,
            "current_ratio": 108.34,
            "debt_ratio": 66.77,
            "inventory_turnover_ratio": 2.93,
            "account_receivable_turnover_ratio": 1.44,
            "reinvestment_rate": 83.38,
            "research_to_sale_ratio": 0.33,
            "price_fair": 87.4,
            "eps_avg_yearly": 2.5,
            "eps_latest_yearly": 2.72,
            "eps_growth_yearly": 1910.55
        },
        "20174": {
            "year_quarter": 20174,
            "year": 2017,
            "quarter": 4,
            "eps": 0.42,
            "eps_growth_year": 6.59,
            "eps_4q": 3.91,
            "eps_4q_growth_year": 416.93,
            "roe": 2.58,
            "roe_4q": 28.159999999999997,
            "gross_profit": 86898,
            "gross_margin": 14.36,
            "gross_margin_4q_avg": 16.02,
            "net_income": 18724,
            "net_income_4q": null,
            "revenue": 605073,
            "revenue_4q": null,
            "common_shares": 443036,
            "book_valuer_per_share": 16.23,
            "book_valuer_per_share_4q_avg": 15.57,
            "equity": 730733,
            "current_ratio": 106.91,
            "debt_ratio": 66.19,
            "inventory_turnover_ratio": 1.97,
            "account_receivable_turnover_ratio": 1.65,
            "reinvestment_rate": 195.44,
            "research_to_sale_ratio": 0.58,
            "price_fair": 83.83,
            "eps_avg_yearly": 2.4,
            "eps_latest_yearly": 1.68,
            "eps_growth_yearly": 1652.61
        },
        "20181": {
            "year_quarter": 20181,
            "year": 2018,
            "quarter": 1,
            "eps": 0.79,
            "eps_growth_year": -24.04,
            "eps_4q": 3.71,
            "eps_4q_growth_year": 109.41,
            "roe": 4.87,
            "roe_4q": 25.02,
            "gross_profit": 92623,
            "gross_margin": 13.93,
            "gross_margin_4q_avg": 14.89,
            "net_income": 36514,
            "net_income_4q": null,
            "revenue": 664742,
            "revenue_4q": null,
            "common_shares": 443036,
            "book_valuer_per_share": 17.06,
            "book_valuer_per_share_4q_avg": 16.32,
            "equity": 769297,
            "current_ratio": 127.95,
            "debt_ratio": 64.66,
            "inventory_turnover_ratio": 1.98,
            "account_receivable_turnover_ratio": 2.1,
            "reinvestment_rate": 129.81,
            "research_to_sale_ratio": 0.5,
            "price_fair": 86.8,
            "eps_avg_yearly": 2.48,
            "eps_latest_yearly": 3.16,
            "eps_growth_yearly": 1508.14
        },
        "20182": {
            "year_quarter": 20182,
            "year": 2018,
            "quarter": 2,
            "eps": 0.65,
            "eps_growth_year": -65.79,
            "eps_4q": 2.42,
            "eps_4q_growth_year": -24.66,
            "roe": 4.05,
            "roe_4q": 15.95,
            "gross_profit": 110574,
            "gross_margin": 16.01,
            "gross_margin_4q_avg": 14.44,
            "net_income": 30593,
            "net_income_4q": null,
            "revenue": 690454,
            "revenue_4q": null,
            "common_shares": 443036,
            "book_valuer_per_share": 16.44,
            "book_valuer_per_share_4q_avg": 16.44,
            "equity": 743232,
            "current_ratio": 116.26,
            "debt_ratio": 67.34,
            "inventory_turnover_ratio": 2.03,
            "account_receivable_turnover_ratio": 1.87,
            "reinvestment_rate": 114.37,
            "research_to_sale_ratio": 0.68,
            "price_fair": 87.22,
            "eps_avg_yearly": 2.49,
            "eps_latest_yearly": 2.6,
            "eps_growth_yearly": 1350.24
        },
        "20183": {
            "year_quarter": 20183,
            "year": 2018,
            "quarter": 3,
            "eps": 0.49,
            "eps_growth_year": -27.94,
            "eps_4q": 2.26,
            "eps_4q_growth_year": -41.52,
            "roe": 3.26,
            "roe_4q": 14.76,
            "gross_profit": 81765,
            "gross_margin": 13.52,
            "gross_margin_4q_avg": 14.46,
            "net_income": 24403,
            "net_income_4q": null,
            "revenue": 604726,
            "revenue_4q": null,
            "common_shares": 443036,
            "book_valuer_per_share": 16.7,
            "book_valuer_per_share_4q_avg": 16.61,
            "equity": 755895,
            "current_ratio": 114.68,
            "debt_ratio": 66.74,
            "inventory_turnover_ratio": 1.69,
            "account_receivable_turnover_ratio": 1.7,
            "reinvestment_rate": 102.94,
            "research_to_sale_ratio": 0.67,
            "price_fair": 85.53,
            "eps_avg_yearly": 2.44,
            "eps_latest_yearly": 1.96,
            "eps_growth_yearly": 1218.54
        },
        "20184": {
            "year_quarter": 20184,
            "year": 2018,
            "quarter": 4,
            "eps": 0.1,
            "eps_growth_year": -76.58,
            "eps_4q": 1.96,
            "eps_4q_growth_year": -49.86,
            "roe": 0.72,
            "roe_4q": 12.899999999999999,
            "gross_profit": 81478,
            "gross_margin": 14.71,
            "gross_margin_4q_avg": 14.54,
            "net_income": 5487,
            "net_income_4q": null,
            "revenue": 553905,
            "revenue_4q": null,
            "common_shares": 465188,
            "book_valuer_per_share": 16.08,
            "book_valuer_per_share_4q_avg": 16.57,
            "equity": 765026,
            "current_ratio": 114.78,
            "debt_ratio": 65.69,
            "inventory_turnover_ratio": 1.57,
            "account_receivable_turnover_ratio": 1.7,
            "reinvestment_rate": 99.65,
            "research_to_sale_ratio": 0.46,
            "price_fair": 79.57,
            "eps_avg_yearly": 2.27,
            "eps_latest_yearly": 0.4,
            "eps_growth_yearly": 1090.46
        },
        "20191": {
            "year_quarter": 20191,
            "year": 2019,
            "quarter": 1,
            "eps": 0.13,
            "eps_growth_year": -83.54,
            "eps_4q": 1.34,
            "eps_4q_growth_year": -63.95,
            "roe": 0.9,
            "roe_4q": 8.93,
            "gross_profit": 76142,
            "gross_margin": 14.75,
            "gross_margin_4q_avg": 14.75,
            "net_income": 6896,
            "net_income_4q": null,
            "revenue": 516189,
            "revenue_4q": null,
            "common_shares": 465188,
            "book_valuer_per_share": 16.31,
            "book_valuer_per_share_4q_avg": 16.38,
            "equity": 775637,
            "current_ratio": 114.62,
            "debt_ratio": 65.49,
            "inventory_turnover_ratio": 1.57,
            "account_receivable_turnover_ratio": 1.41,
            "reinvestment_rate": 96.24,
            "research_to_sale_ratio": 0.46,
            "price_fair": 74.85,
            "eps_avg_yearly": 2.14,
            "eps_latest_yearly": 0.52,
            "eps_growth_yearly": 1015.81
        },
        "20192": {
            "year_quarter": 20192,
            "year": 2019,
            "quarter": 2,
            "eps": 0.47,
            "eps_growth_year": -27.69,
            "eps_4q": 1.11,
            "eps_4q_growth_year": -54.18,
            "roe": 2.97,
            "roe_4q": 7.85,
            "gross_profit": 47787,
            "gross_margin": 13.28,
            "gross_margin_4q_avg": 14.07,
            "net_income": 23002,
            "net_income_4q": null,
            "revenue": 359761,
            "revenue_4q": null,
            "common_shares": 465188,
            "book_valuer_per_share": 16.32,
            "book_valuer_per_share_4q_avg": 16.35,
            "equity": 775543,
            "current_ratio": 115.32,
            "debt_ratio": 65.25,
            "inventory_turnover_ratio": 1.1,
            "account_receivable_turnover_ratio": 1.11,
            "reinvestment_rate": -106.42,
            "research_to_sale_ratio": 0.68,
            "price_fair": 74.2,
            "eps_avg_yearly": 2.12,
            "eps_latest_yearly": 1.88,
            "eps_growth_yearly": 1017.98
        },
        "20193": {
            "year_quarter": 20193,
            "year": 2019,
            "quarter": 3,
            "eps": 0.01,
            "eps_growth_year": -97.96,
            "eps_4q": 0.66,
            "eps_4q_growth_year": -70.86,
            "roe": 0.12,
            "roe_4q": 4.71,
            "gross_profit": 32847,
            "gross_margin": 9.41,
            "gross_margin_4q_avg": 13.04,
            "net_income": 912,
            "net_income_4q": null,
            "revenue": 349243,
            "revenue_4q": null,
            "common_shares": 465188,
            "book_valuer_per_share": 16.08,
            "book_valuer_per_share_4q_avg": 16.2,
            "equity": 764389,
            "current_ratio": 115.52,
            "debt_ratio": 65.6,
            "inventory_turnover_ratio": 1.13,
            "account_receivable_turnover_ratio": 1.29,
            "reinvestment_rate": -75.94,
            "research_to_sale_ratio": 1.06,
            "price_fair": 69.35,
            "eps_avg_yearly": 1.98,
            "eps_latest_yearly": 0.04,
            "eps_growth_yearly": 924.02
        },
        "20194": {
            "year_quarter": 20194,
            "year": 2019,
            "quarter": 4,
            "eps": -0.52,
            "eps_growth_year": -626.16,
            "eps_4q": 0.06,
            "eps_4q_growth_year": -97.17,
            "roe": -3.47,
            "roe_4q": 0.5200000000000001,
            "gross_profit": 35986,
            "gross_margin": 11.64,
            "gross_margin_4q_avg": 12.27,
            "net_income": -25461,
            "net_income_4q": null,
            "revenue": 309102,
            "revenue_4q": null,
            "common_shares": 497681,
            "book_valuer_per_share": 13.95,
            "book_valuer_per_share_4q_avg": 15.67,
            "equity": 704574,
            "current_ratio": 102.1,
            "debt_ratio": 67.43,
            "inventory_turnover_ratio": 1.01,
            "account_receivable_turnover_ratio": 1.23,
            "reinvestment_rate": -63.12,
            "research_to_sale_ratio": 1.34,
            "price_fair": 69.35,
            "eps_avg_yearly": 1.98,
            "eps_latest_yearly": 0.04,
            "eps_growth_yearly": 924.02
        },
        "20201": {
            "year_quarter": 20201,
            "year": 2020,
            "quarter": 1,
            "eps": -0.81,
            "eps_growth_year": -723.08,
            "eps_4q": -0.87,
            "eps_4q_growth_year": -165.17,
            "roe": -5.85,
            "roe_4q": -6.23,
            "gross_profit": 11434,
            "gross_margin": 4.55,
            "gross_margin_4q_avg": 9.72,
            "net_income": -39979,
            "net_income_4q": null,
            "revenue": 251300,
            "revenue_4q": null,
            "common_shares": 497681,
            "book_valuer_per_share": 13.1,
            "book_valuer_per_share_4q_avg": 14.86,
            "equity": 662012,
            "current_ratio": 95.66,
            "debt_ratio": 69.06,
            "inventory_turnover_ratio": 0.87,
            "account_receivable_turnover_ratio": 1.19,
            "reinvestment_rate": -5.36,
            "research_to_sale_ratio": 1.75,
            "price_fair": 74.1,
            "eps_avg_yearly": 2.12,
            "eps_latest_yearly": 0.04,
            "eps_growth_yearly": 1018
        },
        "20202": {
            "year_quarter": 20202,
            "year": 2020,
            "quarter": 2,
            "eps": -0.75,
            "eps_growth_year": -259.57,
            "eps_4q": -2.02,
            "eps_4q_growth_year": -282.42,
            "roe": -5.91,
            "roe_4q": -15.110000000000001,
            "gross_profit": 1060,
            "gross_margin": 0.43,
            "gross_margin_4q_avg": 6.51,
            "net_income": -37485,
            "net_income_4q": null,
            "revenue": 248401,
            "revenue_4q": null,
            "common_shares": 497681,
            "book_valuer_per_share": 12,
            "book_valuer_per_share_4q_avg": 13.78,
            "equity": 607003,
            "current_ratio": 85.9,
            "debt_ratio": 71.77,
            "inventory_turnover_ratio": 0.88,
            "account_receivable_turnover_ratio": 1.22,
            "reinvestment_rate": 10.33,
            "research_to_sale_ratio": 1.94,
            "price_fair": 76.35,
            "eps_avg_yearly": 2.18,
            "eps_latest_yearly": 0.04,
            "eps_growth_yearly": 634.77
        },
        "20203": {
            "year_quarter": 20203,
            "year": 2020,
            "quarter": 3,
            "eps": 0.03,
            "eps_growth_year": 200,
            "eps_4q": -2,
            "eps_4q_growth_year": -403.12,
            "roe": 0.24,
            "roe_4q": -14.99,
            "gross_profit": 83330,
            "gross_margin": 16.09,
            "gross_margin_4q_avg": 8.18,
            "net_income": 1444,
            "net_income_4q": null,
            "revenue": 517819,
            "revenue_4q": null,
            "common_shares": 497681,
            "book_valuer_per_share": 12.17,
            "book_valuer_per_share_4q_avg": 12.81,
            "equity": 615705,
            "current_ratio": 86.44,
            "debt_ratio": 72.98,
            "inventory_turnover_ratio": 1.58,
            "account_receivable_turnover_ratio": 1.89,
            "reinvestment_rate": 42.45,
            "research_to_sale_ratio": 1.04,
            "price_fair": 82.48,
            "eps_avg_yearly": 2.36,
            "eps_latest_yearly": 0.04,
            "eps_growth_yearly": 718.92
        },
        "20204": {
            "year_quarter": 20204,
            "year": 2020,
            "quarter": 4,
            "eps": -0.91,
            "eps_growth_year": null,
            "eps_4q": -2.4,
            "eps_4q_growth_year": -4423.13,
            "roe": -7.92,
            "roe_4q": -19.439999999999998,
            "gross_profit": 39063,
            "gross_margin": 8.97,
            "gross_margin_4q_avg": 7.51,
            "net_income": -47192,
            "net_income_4q": null,
            "revenue": 435567,
            "revenue_4q": null,
            "common_shares": 507506,
            "book_valuer_per_share": 11.16,
            "book_valuer_per_share_4q_avg": 12.11,
            "equity": 575674,
            "current_ratio": 89.84,
            "debt_ratio": 75.77,
            "inventory_turnover_ratio": 1.43,
            "account_receivable_turnover_ratio": 1.37,
            "reinvestment_rate": 103.61,
            "research_to_sale_ratio": 1.47,
            "price_fair": 85.02,
            "eps_avg_yearly": 2.43,
            "eps_latest_yearly": 0.04,
            "eps_growth_yearly": 111.54
        },
        "20211": {
            "year_quarter": 20211,
            "year": 2021,
            "quarter": 1,
            "eps": -0.69,
            "eps_growth_year": null,
            "eps_4q": -2.3,
            "eps_4q_growth_year": null,
            "roe": -6.35,
            "roe_4q": -19.939999999999998,
            "gross_profit": 18269,
            "gross_margin": 4.79,
            "gross_margin_4q_avg": 7.57,
            "net_income": -35363,
            "net_income_4q": null,
            "revenue": 381037,
            "revenue_4q": null,
            "common_shares": 507506,
            "book_valuer_per_share": 10.43,
            "book_valuer_per_share_4q_avg": 11.44,
            "equity": 538501,
            "current_ratio": 80.31,
            "debt_ratio": 77.14,
            "inventory_turnover_ratio": 1.3,
            "account_receivable_turnover_ratio": 1.31,
            "reinvestment_rate": 340.8,
            "research_to_sale_ratio": 1.7,
            "price_fair": 78.96,
            "eps_avg_yearly": 2.26,
            "eps_latest_yearly": 0.04,
            "eps_growth_yearly": 56.03
        },
        "20212": {
            "year_quarter": 20212,
            "year": 2021,
            "quarter": 2,
            "eps": -0.87,
            "eps_growth_year": null,
            "eps_4q": -2.44,
            "eps_4q_growth_year": null,
            "roe": -8.74,
            "roe_4q": -22.77,
            "gross_profit": 10949,
            "gross_margin": 3.33,
            "gross_margin_4q_avg": 8.3,
            "net_income": -44966,
            "net_income_4q": null,
            "revenue": 328338,
            "revenue_4q": null,
            "common_shares": 507506,
            "book_valuer_per_share": 9.5,
            "book_valuer_per_share_4q_avg": 10.82,
            "equity": 490249,
            "current_ratio": 92.35,
            "debt_ratio": 78.6,
            "inventory_turnover_ratio": 1.19,
            "account_receivable_turnover_ratio": 1.18,
            "reinvestment_rate": null,
            "research_to_sale_ratio": 2.06,
            "price_fair": 58.18,
            "eps_avg_yearly": 1.66,
            "eps_latest_yearly": 0.04,
            "eps_growth_yearly": 25.51
        },
        "20213": {
            "year_quarter": 20213,
            "year": 2021,
            "quarter": 3,
            "eps": -0.57,
            "eps_growth_year": -2000,
            "eps_4q": -3.04,
            "eps_4q_growth_year": null,
            "roe": -6.21,
            "roe_4q": -29.22,
            "gross_profit": 32159,
            "gross_margin": 7.79,
            "gross_margin_4q_avg": 6.22,
            "net_income": -29482,
            "net_income_4q": null,
            "revenue": 412777,
            "revenue_4q": null,
            "common_shares": 507506,
            "book_valuer_per_share": 8.9,
            "book_valuer_per_share_4q_avg": 10,
            "equity": 459174,
            "current_ratio": 95.08,
            "debt_ratio": 80.39,
            "inventory_turnover_ratio": 1.37,
            "account_receivable_turnover_ratio": 1.3,
            "reinvestment_rate": null,
            "research_to_sale_ratio": 1.23,
            "price_fair": 53.55,
            "eps_avg_yearly": 1.53,
            "eps_latest_yearly": 0.04,
            "eps_growth_yearly": 60.8
        },
        "20214": {
            "year_quarter": 20214,
            "year": 2021,
            "quarter": 4,
            "eps": -0.68,
            "eps_growth_year": null,
            "eps_4q": -2.53,
            "eps_4q_growth_year": null,
            "roe": -6.99,
            "roe_4q": -28.29,
            "gross_profit": 28099,
            "gross_margin": 9.24,
            "gross_margin_4q_avg": 6.29,
            "net_income": -39609,
            "net_income_4q": null,
            "revenue": 304184,
            "revenue_4q": null,
            "common_shares": 581117,
            "book_valuer_per_share": 11.52,
            "book_valuer_per_share_4q_avg": 10.09,
            "equity": 674459,
            "current_ratio": 124.45,
            "debt_ratio": 71.87,
            "inventory_turnover_ratio": 0.78,
            "account_receivable_turnover_ratio": 1.05,
            "reinvestment_rate": null,
            "research_to_sale_ratio": 1.52,
            "price_fair": 52.8,
            "eps_avg_yearly": 1.51,
            "eps_latest_yearly": 0.04,
            "eps_growth_yearly": 91.33
        },
        "20221": {
            "year_quarter": 20221,
            "year": 2022,
            "quarter": 1,
            "eps": -0.12,
            "eps_growth_year": null,
            "eps_4q": -2.05,
            "eps_4q_growth_year": null,
            "roe": -1.05,
            "roe_4q": -22.990000000000002,
            "gross_profit": 44168,
            "gross_margin": 12.57,
            "gross_margin_4q_avg": 8.23,
            "net_income": -7124,
            "net_income_4q": null,
            "revenue": 351308,
            "revenue_4q": null,
            "common_shares": 581117,
            "book_valuer_per_share": 11.62,
            "book_valuer_per_share_4q_avg": 10.39,
            "equity": 680603,
            "current_ratio": 118.37,
            "debt_ratio": 72.61,
            "inventory_turnover_ratio": 0.72,
            "account_receivable_turnover_ratio": 1.38,
            "reinvestment_rate": null,
            "research_to_sale_ratio": 1.5,
            "price_fair": 43.17,
            "eps_avg_yearly": 1.23,
            "eps_latest_yearly": 0.04,
            "eps_growth_yearly": 47.82
        },
        "20222": {
            "year_quarter": 20222,
            "year": 2022,
            "quarter": 2,
            "eps": 0.11,
            "eps_growth_year": null,
            "eps_4q": -1.19,
            "eps_4q_growth_year": null,
            "roe": 0.94,
            "roe_4q": -13.31,
            "gross_profit": 64620,
            "gross_margin": 17.72,
            "gross_margin_4q_avg": 11.83,
            "net_income": 6370,
            "net_income_4q": null,
            "revenue": 364673,
            "revenue_4q": null,
            "common_shares": 581117,
            "book_valuer_per_share": 11.49,
            "book_valuer_per_share_4q_avg": 10.88,
            "equity": 673145,
            "current_ratio": 118.38,
            "debt_ratio": 73.55,
            "inventory_turnover_ratio": 0.68,
            "account_receivable_turnover_ratio": 1.1,
            "reinvestment_rate": null,
            "research_to_sale_ratio": 1.36,
            "price_fair": 33.6,
            "eps_avg_yearly": 0.96,
            "eps_latest_yearly": 0.04,
            "eps_growth_yearly": 71.57
        },
        "20223": {
            "year_quarter": 20223,
            "year": 2022,
            "quarter": 3,
            "eps": 0.09,
            "eps_growth_year": null,
            "eps_4q": -0.6,
            "eps_4q_growth_year": null,
            "roe": 0.7,
            "roe_4q": -6.4,
            "gross_profit": 61154,
            "gross_margin": 14.5,
            "gross_margin_4q_avg": 13.51,
            "net_income": 4730,
            "net_income_4q": null,
            "revenue": 421831,
            "revenue_4q": null,
            "common_shares": 581117,
            "book_valuer_per_share": 11.68,
            "book_valuer_per_share_4q_avg": 11.58,
            "equity": 683726,
            "current_ratio": 118.69,
            "debt_ratio": 74.13,
            "inventory_turnover_ratio": 0.77,
            "account_receivable_turnover_ratio": 1.19,
            "reinvestment_rate": null,
            "research_to_sale_ratio": 1.29,
            "price_fair": 22.4,
            "eps_avg_yearly": 0.64,
            "eps_latest_yearly": 0.36,
            "eps_growth_yearly": 76.71
        },
        "20224": {
            "year_quarter": 20224,
            "year": 2022,
            "quarter": 4,
            "eps": -0.47,
            "eps_growth_year": null,
            "eps_4q": -0.39,
            "eps_4q_growth_year": null,
            "roe": -4.19,
            "roe_4q": -3.6000000000000005,
            "gross_profit": 48666,
            "gross_margin": 14.25,
            "gross_margin_4q_avg": 14.76,
            "net_income": -28260,
            "net_income_4q": null,
            "revenue": 341503,
            "revenue_4q": null,
            "common_shares": 581117,
            "book_valuer_per_share": 11.38,
            "book_valuer_per_share_4q_avg": 11.54,
            "equity": 665017,
            "current_ratio": 115.4,
            "debt_ratio": 74.25,
            "inventory_turnover_ratio": 0.6,
            "account_receivable_turnover_ratio": 1.15,
            "reinvestment_rate": null,
            "research_to_sale_ratio": 1.38,
            "price_fair": 24.5,
            "eps_avg_yearly": 0.7,
            "eps_latest_yearly": 0.36,
            "eps_growth_yearly": 175.48
        },
        "20231": {
            "year_quarter": 20231,
            "year": 2023,
            "quarter": 1,
            "eps": -0.41,
            "eps_growth_year": null,
            "eps_4q": -0.67,
            "eps_4q_growth_year": null,
            "roe": -3.72,
            "roe_4q": -6.27,
            "gross_profit": 37985,
            "gross_margin": 13.59,
            "gross_margin_4q_avg": 15.02,
            "net_income": -24425,
            "net_income_4q": null,
            "revenue": 279416,
            "revenue_4q": null,
            "common_shares": 581117,
            "book_valuer_per_share": 11.01,
            "book_valuer_per_share_4q_avg": 11.39,
            "equity": 646964,
            "current_ratio": 112.8,
            "debt_ratio": 74.42,
            "inventory_turnover_ratio": 0.46,
            "account_receivable_turnover_ratio": 1.17,
            "reinvestment_rate": null,
            "research_to_sale_ratio": 1.92,
            "price_fair": 26.6,
            "eps_avg_yearly": 0.76,
            "eps_latest_yearly": 0.36,
            "eps_growth_yearly": 193.98
        },
        "20232": {
            "year_quarter": 20232,
            "year": 2023,
            "quarter": 2,
            "eps": 0,
            "eps_growth_year": -100,
            "eps_4q": -0.78,
            "eps_4q_growth_year": null,
            "roe": 0.07,
            "roe_4q": -7.140000000000001,
            "gross_profit": 56400,
            "gross_margin": 15.82,
            "gross_margin_4q_avg": 14.54,
            "net_income": 456,
            "net_income_4q": null,
            "revenue": 356607,
            "revenue_4q": null,
            "common_shares": 581117,
            "book_valuer_per_share": 11.06,
            "book_valuer_per_share_4q_avg": 11.28,
            "equity": 646718,
            "current_ratio": 100.97,
            "debt_ratio": 74.78,
            "inventory_turnover_ratio": 0.55,
            "account_receivable_turnover_ratio": 1.5,
            "reinvestment_rate": null,
            "research_to_sale_ratio": 1.32,
            "price_fair": 0.6,
            "eps_avg_yearly": 0.2,
            "eps_latest_yearly": 0.36,
            "eps_growth_yearly": -232.11
        },
        "20233": {
            "year_quarter": 20233,
            "year": 2023,
            "quarter": 3,
            "eps": 0.53,
            "eps_growth_year": 488.89,
            "eps_4q": -0.34,
            "eps_4q_growth_year": null,
            "roe": 4.6,
            "roe_4q": -3.2400000000000007,
            "gross_profit": 84526,
            "gross_margin": 19.12,
            "gross_margin_4q_avg": 15.7,
            "net_income": 30298,
            "net_income_4q": null,
            "revenue": 442143,
            "revenue_4q": null,
            "common_shares": 581117,
            "book_valuer_per_share": 11.48,
            "book_valuer_per_share_4q_avg": 11.23,
            "equity": 670722,
            "current_ratio": 97.57,
            "debt_ratio": 74.93,
            "inventory_turnover_ratio": 0.64,
            "account_receivable_turnover_ratio": 1.49,
            "reinvestment_rate": null,
            "research_to_sale_ratio": 1.24,
            "price_fair": 1.08,
            "eps_avg_yearly": 0.36,
            "eps_latest_yearly": 0.36,
            "eps_growth_yearly": -72.73
        },
        "20234": {
            "year_quarter": 20234,
            "year": 2023,
            "quarter": 4,
            "eps": 0.02,
            "eps_growth_year": null,
            "eps_4q": 0.15,
            "eps_4q_growth_year": null,
            "roe": 0.05,
            "roe_4q": 0.9999999999999996,
            "gross_profit": 78517,
            "gross_margin": 19.6,
            "gross_margin_4q_avg": 17.03,
            "net_income": 316,
            "net_income_4q": null,
            "revenue": 400682,
            "revenue_4q": null,
            "common_shares": 581117,
            "book_valuer_per_share": 11.65,
            "book_valuer_per_share_4q_avg": 11.3,
            "equity": 675455,
            "current_ratio": 100.24,
            "debt_ratio": 74.75,
            "inventory_turnover_ratio": 0.6,
            "account_receivable_turnover_ratio": 1.13,
            "reinvestment_rate": null,
            "research_to_sale_ratio": 1.3,
            "price_fair": 0.66,
            "eps_avg_yearly": 0.22,
            "eps_latest_yearly": 0.08,
            "eps_growth_yearly": -228.82
        }
    },
    "months": {
        "2001-06": {
            "month": "2001-06",
            "price": "8.55",
            "revenue": 134604
        },
        "2001-07": {
            "month": "2001-07",
            "price": "7.10",
            "revenue": 148610
        },
        "2001-08": {
            "month": "2001-08",
            "price": "6.67",
            "revenue": 168488
        },
        "2001-09": {
            "month": "2001-09",
            "price": "5.99",
            "revenue": 177200
        },
        "2001-10": {
            "month": "2001-10",
            "price": "5.26",
            "revenue": 174835
        },
        "2001-11": {
            "month": "2001-11",
            "price": "5.97",
            "revenue": 165957
        },
        "2001-12": {
            "month": "2001-12",
            "price": "6.33",
            "revenue": 156429
        },
        "2002-01": {
            "month": "2002-01",
            "price": "6.23",
            "revenue": 164939
        },
        "2002-02": {
            "month": "2002-02",
            "price": "6.65",
            "revenue": 124029
        },
        "2002-03": {
            "month": "2002-03",
            "price": "7.04",
            "revenue": 150834
        },
        "2002-04": {
            "month": "2002-04",
            "price": "7.88",
            "revenue": 175394
        },
        "2002-05": {
            "month": "2002-05",
            "price": "10.34",
            "revenue": 185162
        },
        "2002-06": {
            "month": "2002-06",
            "price": "9.32",
            "revenue": 180532
        },
        "2002-07": {
            "month": "2002-07",
            "price": "8.86",
            "revenue": 195586
        },
        "2002-08": {
            "month": "2002-08",
            "price": "7.57",
            "revenue": 208556
        },
        "2002-09": {
            "month": "2002-09",
            "price": "8.41",
            "revenue": 206309
        },
        "2002-10": {
            "month": "2002-10",
            "price": "10.18",
            "revenue": 211897
        },
        "2002-11": {
            "month": "2002-11",
            "price": "13.31",
            "revenue": 220996
        },
        "2002-12": {
            "month": "2002-12",
            "price": "17.04",
            "revenue": 232954
        },
        "2003-01": {
            "month": "2003-01",
            "price": "18.53",
            "revenue": 211609
        },
        "2003-02": {
            "month": "2003-02",
            "price": "17.47",
            "revenue": 187308
        },
        "2003-03": {
            "month": "2003-03",
            "price": "17.69",
            "revenue": 207908
        },
        "2003-04": {
            "month": "2003-04",
            "price": "17.32",
            "revenue": 226345
        },
        "2003-05": {
            "month": "2003-05",
            "price": "14.48",
            "revenue": 228168
        },
        "2003-06": {
            "month": "2003-06",
            "price": "14.98",
            "revenue": 214957
        },
        "2003-07": {
            "month": "2003-07",
            "price": "16.80",
            "revenue": 215824
        },
        "2003-08": {
            "month": "2003-08",
            "price": "17.33",
            "revenue": 183155
        },
        "2003-09": {
            "month": "2003-09",
            "price": "16.43",
            "revenue": 193315
        },
        "2003-10": {
            "month": "2003-10",
            "price": "16.11",
            "revenue": 159970
        },
        "2003-11": {
            "month": "2003-11",
            "price": "15.07",
            "revenue": 194301
        },
        "2003-12": {
            "month": "2003-12",
            "price": "14.02",
            "revenue": 235467
        },
        "2004-01": {
            "month": "2004-01",
            "price": "14.77",
            "revenue": 204134
        },
        "2004-02": {
            "month": "2004-02",
            "price": "15.41",
            "revenue": 235838
        },
        "2004-03": {
            "month": "2004-03",
            "price": "14.93",
            "revenue": 238672
        },
        "2004-04": {
            "month": "2004-04",
            "price": "13.73",
            "revenue": 244770
        },
        "2004-05": {
            "month": "2004-05",
            "price": "11.78",
            "revenue": 254434
        },
        "2004-06": {
            "month": "2004-06",
            "price": "11.13",
            "revenue": 248895
        },
        "2004-07": {
            "month": "2004-07",
            "price": "10.36",
            "revenue": 256194
        },
        "2004-08": {
            "month": "2004-08",
            "price": "10.96",
            "revenue": 254189
        },
        "2004-09": {
            "month": "2004-09",
            "price": "9.41",
            "revenue": 258414
        },
        "2004-10": {
            "month": "2004-10",
            "price": "9.31",
            "revenue": 276831
        },
        "2004-11": {
            "month": "2004-11",
            "price": "9.40",
            "revenue": 294377
        },
        "2004-12": {
            "month": "2004-12",
            "price": "10.73",
            "revenue": 276254
        },
        "2005-01": {
            "month": "2005-01",
            "price": "11.66",
            "revenue": 289379
        },
        "2005-02": {
            "month": "2005-02",
            "price": "11.43",
            "revenue": 216679
        },
        "2005-03": {
            "month": "2005-03",
            "price": "11.80",
            "revenue": 293506
        },
        "2005-04": {
            "month": "2005-04",
            "price": "11.61",
            "revenue": 268077
        },
        "2005-05": {
            "month": "2005-05",
            "price": "10.38",
            "revenue": 286048
        },
        "2005-06": {
            "month": "2005-06",
            "price": "10.13",
            "revenue": 261902
        },
        "2005-07": {
            "month": "2005-07",
            "price": "10.21",
            "revenue": 257195
        },
        "2005-08": {
            "month": "2005-08",
            "price": "9.81",
            "revenue": 243415
        },
        "2005-09": {
            "month": "2005-09",
            "price": "8.86",
            "revenue": 241315
        },
        "2005-10": {
            "month": "2005-10",
            "price": "8.64",
            "revenue": 283608
        },
        "2005-11": {
            "month": "2005-11",
            "price": "8.24",
            "revenue": 266912
        },
        "2005-12": {
            "month": "2005-12",
            "price": "8.07",
            "revenue": 249073
        },
        "2006-01": {
            "month": "2006-01",
            "price": "8.04",
            "revenue": 244950
        },
        "2006-02": {
            "month": "2006-02",
            "price": "7.92",
            "revenue": 237848
        },
        "2006-03": {
            "month": "2006-03",
            "price": "8.03",
            "revenue": 285851
        },
        "2006-04": {
            "month": "2006-04",
            "price": "8.34",
            "revenue": 245646
        },
        "2006-05": {
            "month": "2006-05",
            "price": "8.16",
            "revenue": 251711
        },
        "2006-06": {
            "month": "2006-06",
            "price": "7.81",
            "revenue": 295290
        },
        "2006-07": {
            "month": "2006-07",
            "price": "7.64",
            "revenue": 270571
        },
        "2006-08": {
            "month": "2006-08",
            "price": "7.58",
            "revenue": 275829
        },
        "2006-09": {
            "month": "2006-09",
            "price": "7.41",
            "revenue": 291290
        },
        "2006-10": {
            "month": "2006-10",
            "price": "7.73",
            "revenue": 289124
        },
        "2006-11": {
            "month": "2006-11",
            "price": "7.57",
            "revenue": 251160
        },
        "2006-12": {
            "month": "2006-12",
            "price": "7.75",
            "revenue": 214649
        },
        "2007-01": {
            "month": "2007-01",
            "price": "7.71",
            "revenue": 268507
        },
        "2007-02": {
            "month": "2007-02",
            "price": "7.57",
            "revenue": 232483
        },
        "2007-03": {
            "month": "2007-03",
            "price": "7.38",
            "revenue": 304871
        },
        "2007-04": {
            "month": "2007-04",
            "price": "8.03",
            "revenue": 275399
        },
        "2007-05": {
            "month": "2007-05",
            "price": "8.90",
            "revenue": 281210
        },
        "2007-06": {
            "month": "2007-06",
            "price": "9.09",
            "revenue": 294300
        },
        "2007-07": {
            "month": "2007-07",
            "price": "9.28",
            "revenue": 293724
        },
        "2007-08": {
            "month": "2007-08",
            "price": "9.20",
            "revenue": 289015
        },
        "2007-09": {
            "month": "2007-09",
            "price": "8.04",
            "revenue": 286739
        },
        "2007-10": {
            "month": "2007-10",
            "price": "7.54",
            "revenue": 295392
        },
        "2007-11": {
            "month": "2007-11",
            "price": "5.43",
            "revenue": 283581
        },
        "2007-12": {
            "month": "2007-12",
            "price": "4.70",
            "revenue": 290692
        },
        "2008-01": {
            "month": "2008-01",
            "price": "4.39",
            "revenue": 286578
        },
        "2008-02": {
            "month": "2008-02",
            "price": "3.93",
            "revenue": 244715
        },
        "2008-03": {
            "month": "2008-03",
            "price": "4.05",
            "revenue": 299839
        },
        "2008-04": {
            "month": "2008-04",
            "price": "4.60",
            "revenue": 293576
        },
        "2008-05": {
            "month": "2008-05",
            "price": "4.70",
            "revenue": 287468
        },
        "2008-06": {
            "month": "2008-06",
            "price": "4.29",
            "revenue": 293324
        },
        "2008-07": {
            "month": "2008-07",
            "price": "3.38",
            "revenue": 259355
        },
        "2008-08": {
            "month": "2008-08",
            "price": "3.93",
            "revenue": 268608
        },
        "2008-09": {
            "month": "2008-09",
            "price": "3.63",
            "revenue": 212997
        },
        "2008-10": {
            "month": "2008-10",
            "price": "4.51",
            "revenue": 184233
        },
        "2008-11": {
            "month": "2008-11",
            "price": "2.64",
            "revenue": 203772
        },
        "2008-12": {
            "month": "2008-12",
            "price": "2.65",
            "revenue": 217733
        },
        "2009-01": {
            "month": "2009-01",
            "price": "2.04",
            "revenue": 118280
        },
        "2009-02": {
            "month": "2009-02",
            "price": "2.10",
            "revenue": 138877
        },
        "2009-03": {
            "month": "2009-03",
            "price": "2.33",
            "revenue": 99929
        },
        "2009-04": {
            "month": "2009-04",
            "price": "3.42",
            "revenue": 89010
        },
        "2009-05": {
            "month": "2009-05",
            "price": "3.29",
            "revenue": 88873
        },
        "2009-06": {
            "month": "2009-06",
            "price": "3.19",
            "revenue": 111527
        },
        "2009-07": {
            "month": "2009-07",
            "price": "3.13",
            "revenue": 99967
        },
        "2009-08": {
            "month": "2009-08",
            "price": "3.10",
            "revenue": 101497
        },
        "2009-09": {
            "month": "2009-09",
            "price": "2.04",
            "revenue": 121679
        },
        "2009-10": {
            "month": "2009-10",
            "price": "2.26",
            "revenue": 150394
        },
        "2009-11": {
            "month": "2009-11",
            "price": "2.36",
            "revenue": 170163
        },
        "2009-12": {
            "month": "2009-12",
            "price": "2.52",
            "revenue": 164402
        },
        "2010-01": {
            "month": "2010-01",
            "price": "2.37",
            "revenue": 165884
        },
        "2010-02": {
            "month": "2010-02",
            "price": "2.78",
            "revenue": 130243
        },
        "2010-03": {
            "month": "2010-03",
            "price": "3.96",
            "revenue": 170946
        },
        "2010-04": {
            "month": "2010-04",
            "price": "5.08",
            "revenue": 154384
        },
        "2010-05": {
            "month": "2010-05",
            "price": "4.90",
            "revenue": 144956
        },
        "2010-06": {
            "month": "2010-06",
            "price": "4.76",
            "revenue": 137632
        },
        "2010-07": {
            "month": "2010-07",
            "price": "4.59",
            "revenue": 117084
        },
        "2010-08": {
            "month": "2010-08",
            "price": "4.49",
            "revenue": 123906
        },
        "2010-09": {
            "month": "2010-09",
            "price": "4.73",
            "revenue": 113088
        },
        "2010-10": {
            "month": "2010-10",
            "price": "5.34",
            "revenue": 116476
        },
        "2010-11": {
            "month": "2010-11",
            "price": "6.88",
            "revenue": 125200
        },
        "2010-12": {
            "month": "2010-12",
            "price": "6.53",
            "revenue": 116170
        },
        "2011-01": {
            "month": "2011-01",
            "price": "6.50",
            "revenue": 123377
        },
        "2011-02": {
            "month": "2011-02",
            "price": "6.82",
            "revenue": 105241
        },
        "2011-03": {
            "month": "2011-03",
            "price": "6.88",
            "revenue": 136163
        },
        "2011-04": {
            "month": "2011-04",
            "price": "6.98",
            "revenue": 110525
        },
        "2011-05": {
            "month": "2011-05",
            "price": "8.08",
            "revenue": 88443
        },
        "2011-06": {
            "month": "2011-06",
            "price": "7.39",
            "revenue": 105391
        },
        "2011-07": {
            "month": "2011-07",
            "price": "7.14",
            "revenue": 111970
        },
        "2011-08": {
            "month": "2011-08",
            "price": "7.13",
            "revenue": 103683
        },
        "2011-09": {
            "month": "2011-09",
            "price": "6.48",
            "revenue": 112926
        },
        "2011-10": {
            "month": "2011-10",
            "price": "6.54",
            "revenue": 134509
        },
        "2011-11": {
            "month": "2011-11",
            "price": "5.17",
            "revenue": 119978
        },
        "2011-12": {
            "month": "2011-12",
            "price": "4.61",
            "revenue": 134979
        },
        "2012-01": {
            "month": "2012-01",
            "price": "4.91",
            "revenue": 87127
        },
        "2012-02": {
            "month": "2012-02",
            "price": "5.34",
            "revenue": 112915
        },
        "2012-03": {
            "month": "2012-03",
            "price": "5.82",
            "revenue": 123508
        },
        "2012-04": {
            "month": "2012-04",
            "price": "6.74",
            "revenue": 112248
        },
        "2012-05": {
            "month": "2012-05",
            "price": "6.53",
            "revenue": 109092
        },
        "2012-06": {
            "month": "2012-06",
            "price": "6.32",
            "revenue": 106141
        },
        "2012-07": {
            "month": "2012-07",
            "price": "6.40",
            "revenue": 117991
        },
        "2012-08": {
            "month": "2012-08",
            "price": "6.33",
            "revenue": 104749
        },
        "2012-09": {
            "month": "2012-09",
            "price": "5.90",
            "revenue": 101516
        },
        "2012-10": {
            "month": "2012-10",
            "price": "5.78",
            "revenue": 106780
        },
        "2012-11": {
            "month": "2012-11",
            "price": "5.21",
            "revenue": 95115
        },
        "2012-12": {
            "month": "2012-12",
            "price": "5.26",
            "revenue": 99043
        },
        "2013-01": {
            "month": "2013-01",
            "price": "5.14",
            "revenue": 97721
        },
        "2013-02": {
            "month": "2013-02",
            "price": "5.13",
            "revenue": 84244
        },
        "2013-03": {
            "month": "2013-03",
            "price": "5.13",
            "revenue": 84455
        },
        "2013-04": {
            "month": "2013-04",
            "price": "5.07",
            "revenue": 89515
        },
        "2013-05": {
            "month": "2013-05",
            "price": "5.03",
            "revenue": 97138
        },
        "2013-06": {
            "month": "2013-06",
            "price": "4.84",
            "revenue": 66648
        },
        "2013-07": {
            "month": "2013-07",
            "price": "4.46",
            "revenue": 84606
        },
        "2013-08": {
            "month": "2013-08",
            "price": "4.46",
            "revenue": 65257
        },
        "2013-09": {
            "month": "2013-09",
            "price": "4.12",
            "revenue": 46274
        },
        "2013-10": {
            "month": "2013-10",
            "price": "5.04",
            "revenue": 54302
        },
        "2013-11": {
            "month": "2013-11",
            "price": "4.85",
            "revenue": 51810
        },
        "2013-12": {
            "month": "2013-12",
            "price": "4.31",
            "revenue": 78924
        },
        "2014-01": {
            "month": "2014-01",
            "price": "4.07",
            "revenue": 62540
        },
        "2014-02": {
            "month": "2014-02",
            "price": "4.28",
            "revenue": 52092
        },
        "2014-03": {
            "month": "2014-03",
            "price": "5.33",
            "revenue": 72793
        },
        "2014-04": {
            "month": "2014-04",
            "price": "6.06",
            "revenue": 69986
        },
        "2014-05": {
            "month": "2014-05",
            "price": "6.37",
            "revenue": 77831
        },
        "2014-06": {
            "month": "2014-06",
            "price": "6.06",
            "revenue": 75033
        },
        "2014-07": {
            "month": "2014-07",
            "price": "6.06",
            "revenue": 79886
        },
        "2014-08": {
            "month": "2014-08",
            "price": "6.18",
            "revenue": 70155
        },
        "2014-09": {
            "month": "2014-09",
            "price": "6.01",
            "revenue": 77567
        },
        "2014-10": {
            "month": "2014-10",
            "price": "5.76",
            "revenue": 74227
        },
        "2014-11": {
            "month": "2014-11",
            "price": "6.03",
            "revenue": 70542
        },
        "2014-12": {
            "month": "2014-12",
            "price": "5.74",
            "revenue": 71795
        },
        "2015-01": {
            "month": "2015-01",
            "price": "5.04",
            "revenue": 77093
        },
        "2015-02": {
            "month": "2015-02",
            "price": "5.13",
            "revenue": 49601
        },
        "2015-03": {
            "month": "2015-03",
            "price": "5.66",
            "revenue": 88667
        },
        "2015-04": {
            "month": "2015-04",
            "price": "5.32",
            "revenue": 71707
        },
        "2015-05": {
            "month": "2015-05",
            "price": "5.24",
            "revenue": 76843
        },
        "2015-06": {
            "month": "2015-06",
            "price": "5.13",
            "revenue": 193620
        },
        "2015-07": {
            "month": "2015-07",
            "price": "5.45",
            "revenue": 162304
        },
        "2015-08": {
            "month": "2015-08",
            "price": "5.77",
            "revenue": 157008
        },
        "2015-09": {
            "month": "2015-09",
            "price": "6.49",
            "revenue": 161949
        },
        "2015-10": {
            "month": "2015-10",
            "price": "8.05",
            "revenue": 204541
        },
        "2015-11": {
            "month": "2015-11",
            "price": "16.18",
            "revenue": 207852
        },
        "2015-12": {
            "month": "2015-12",
            "price": "26.75",
            "revenue": 221545
        },
        "2016-01": {
            "month": "2016-01",
            "price": "30.46",
            "revenue": 220665
        },
        "2016-02": {
            "month": "2016-02",
            "price": "29.82",
            "revenue": 116347
        },
        "2016-03": {
            "month": "2016-03",
            "price": "28.51",
            "revenue": 195364
        },
        "2016-04": {
            "month": "2016-04",
            "price": "44.86",
            "revenue": 142280
        },
        "2016-05": {
            "month": "2016-05",
            "price": "48.46",
            "revenue": 157622
        },
        "2016-06": {
            "month": "2016-06",
            "price": "51.66",
            "revenue": 181190
        },
        "2016-07": {
            "month": "2016-07",
            "price": "46.26",
            "revenue": 148219
        },
        "2016-08": {
            "month": "2016-08",
            "price": "48.50",
            "revenue": 176175
        },
        "2016-09": {
            "month": "2016-09",
            "price": "46.24",
            "revenue": 172620
        },
        "2016-10": {
            "month": "2016-10",
            "price": "47.17",
            "revenue": 174062
        },
        "2016-11": {
            "month": "2016-11",
            "price": "43.34",
            "revenue": 200159
        },
        "2016-12": {
            "month": "2016-12",
            "price": "41.42",
            "revenue": 228642
        },
        "2017-01": {
            "month": "2017-01",
            "price": "39.23",
            "revenue": 213178
        },
        "2017-02": {
            "month": "2017-02",
            "price": "38.29",
            "revenue": 245088
        },
        "2017-03": {
            "month": "2017-03",
            "price": "44.70",
            "revenue": 277319
        },
        "2017-04": {
            "month": "2017-04",
            "price": "47.58",
            "revenue": 248526
        },
        "2017-05": {
            "month": "2017-05",
            "price": "66.66",
            "revenue": 322406
        },
        "2017-06": {
            "month": "2017-06",
            "price": "85.89",
            "revenue": 240498
        },
        "2017-07": {
            "month": "2017-07",
            "price": "82.45",
            "revenue": 229363
        },
        "2017-08": {
            "month": "2017-08",
            "price": "107.53",
            "revenue": 206870
        },
        "2017-09": {
            "month": "2017-09",
            "price": "117.48",
            "revenue": 235324
        },
        "2017-10": {
            "month": "2017-10",
            "price": "105.18",
            "revenue": 207584
        },
        "2017-11": {
            "month": "2017-11",
            "price": "87.23",
            "revenue": 232336
        },
        "2017-12": {
            "month": "2017-12",
            "price": "84.38",
            "revenue": 198532
        },
        "2018-01": {
            "month": "2018-01",
            "price": "80.95",
            "revenue": 236231
        },
        "2018-02": {
            "month": "2018-02",
            "price": "79.02",
            "revenue": 176967
        },
        "2018-03": {
            "month": "2018-03",
            "price": "89.05",
            "revenue": 251239
        },
        "2018-04": {
            "month": "2018-04",
            "price": "81.66",
            "revenue": 227323
        },
        "2018-05": {
            "month": "2018-05",
            "price": "73.14",
            "revenue": 224156
        },
        "2018-06": {
            "month": "2018-06",
            "price": "71.36",
            "revenue": 242233
        },
        "2018-07": {
            "month": "2018-07",
            "price": "63.63",
            "revenue": 227359
        },
        "2018-08": {
            "month": "2018-08",
            "price": "62.80",
            "revenue": 176320
        },
        "2018-09": {
            "month": "2018-09",
            "price": "60.51",
            "revenue": 197240
        },
        "2018-10": {
            "month": "2018-10",
            "price": "58.69",
            "revenue": 164495
        },
        "2018-11": {
            "month": "2018-11",
            "price": "56.36",
            "revenue": 198753
        },
        "2018-12": {
            "month": "2018-12",
            "price": "54.00",
            "revenue": 193026
        },
        "2019-01": {
            "month": "2019-01",
            "price": "51.22",
            "revenue": 193699
        },
        "2019-02": {
            "month": "2019-02",
            "price": "52.21",
            "revenue": 142550
        },
        "2019-03": {
            "month": "2019-03",
            "price": "50.85",
            "revenue": 170269
        },
        "2019-04": {
            "month": "2019-04",
            "price": "48.50",
            "revenue": 159376
        },
        "2019-05": {
            "month": "2019-05",
            "price": "44.04",
            "revenue": 99946
        },
        "2019-06": {
            "month": "2019-06",
            "price": "47.05",
            "revenue": 113266
        },
        "2019-07": {
            "month": "2019-07",
            "price": "46.18",
            "revenue": 126480
        },
        "2019-08": {
            "month": "2019-08",
            "price": "45.55",
            "revenue": 103868
        },
        "2019-09": {
            "month": "2019-09",
            "price": "44.86",
            "revenue": 116183
        },
        "2019-10": {
            "month": "2019-10",
            "price": "53.03",
            "revenue": 123988
        },
        "2019-11": {
            "month": "2019-11",
            "price": "58.00",
            "revenue": 93152
        },
        "2019-12": {
            "month": "2019-12",
            "price": "58.04",
            "revenue": 94556
        },
        "2020-01": {
            "month": "2020-01",
            "price": "67.97",
            "revenue": 97920
        },
        "2020-02": {
            "month": "2020-02",
            "price": "58.47",
            "revenue": 51455
        },
        "2020-03": {
            "month": "2020-03",
            "price": "45.60",
            "revenue": 104524
        },
        "2020-04": {
            "month": "2020-04",
            "price": "47.34",
            "revenue": 65866
        },
        "2020-05": {
            "month": "2020-05",
            "price": "52.34",
            "revenue": 80596
        },
        "2020-06": {
            "month": "2020-06",
            "price": "52.90",
            "revenue": 96733
        },
        "2020-07": {
            "month": "2020-07",
            "price": "51.41",
            "revenue": 171778
        },
        "2020-08": {
            "month": "2020-08",
            "price": "52.72",
            "revenue": 169138
        },
        "2020-09": {
            "month": "2020-09",
            "price": "52.14",
            "revenue": 173653
        },
        "2020-10": {
            "month": "2020-10",
            "price": "50.81",
            "revenue": 144758
        },
        "2020-11": {
            "month": "2020-11",
            "price": "50.10",
            "revenue": 136504
        },
        "2020-12": {
            "month": "2020-12",
            "price": "47.74",
            "revenue": 158055
        },
        "2021-01": {
            "month": "2021-01",
            "price": "44.36",
            "revenue": 148094
        },
        "2021-02": {
            "month": "2021-02",
            "price": "42.64",
            "revenue": 146301
        },
        "2021-03": {
            "month": "2021-03",
            "price": "42.91",
            "revenue": 88992
        },
        "2021-04": {
            "month": "2021-04",
            "price": "48.68",
            "revenue": 104153
        },
        "2021-05": {
            "month": "2021-05",
            "price": "43.29",
            "revenue": 118560
        },
        "2021-06": {
            "month": "2021-06",
            "price": "41.88",
            "revenue": 104517
        },
        "2021-07": {
            "month": "2021-07",
            "price": "41.01",
            "revenue": 128852
        },
        "2021-08": {
            "month": "2021-08",
            "price": "39.72",
            "revenue": 132837
        },
        "2021-09": {
            "month": "2021-09",
            "price": "38.98",
            "revenue": 152285
        },
        "2021-10": {
            "month": "2021-10",
            "price": "40.66",
            "revenue": 132403
        },
        "2021-11": {
            "month": "2021-11",
            "price": "41.20",
            "revenue": 81431
        },
        "2021-12": {
            "month": "2021-12",
            "price": "39.95",
            "revenue": 81703
        },
        "2022-01": {
            "month": "2022-01",
            "price": "39.24",
            "revenue": 134359
        },
        "2022-02": {
            "month": "2022-02",
            "price": "38.90",
            "revenue": 82576
        },
        "2022-03": {
            "month": "2022-03",
            "price": "37.90",
            "revenue": 119427
        },
        "2022-04": {
            "month": "2022-04",
            "price": "37.41",
            "revenue": 139241
        },
        "2022-05": {
            "month": "2022-05",
            "price": "37.42",
            "revenue": 131150
        },
        "2022-06": {
            "month": "2022-06",
            "price": "38.40",
            "revenue": 112192
        },
        "2022-07": {
            "month": "2022-07",
            "price": "37.36",
            "revenue": 130531
        },
        "2022-08": {
            "month": "2022-08",
            "price": "39.52",
            "revenue": 125664
        },
        "2022-09": {
            "month": "2022-09",
            "price": "39.40",
            "revenue": 153380
        },
        "2022-10": {
            "month": "2022-10",
            "price": "38.03",
            "revenue": 134268
        },
        "2022-11": {
            "month": "2022-11",
            "price": "37.47",
            "revenue": 92151
        },
        "2022-12": {
            "month": "2022-12",
            "price": "37.13",
            "revenue": 120572
        },
        "2023-01": {
            "month": "2023-01",
            "price": "37.14",
            "revenue": 65549
        },
        "2023-02": {
            "month": "2023-02",
            "price": "37.14",
            "revenue": 119417
        },
        "2023-03": {
            "month": "2023-03",
            "price": "36.99",
            "revenue": 94147
        },
        "2023-04": {
            "month": "2023-04",
            "price": "37.01",
            "revenue": 105583
        },
        "2023-05": {
            "month": "2023-05",
            "price": "36.97",
            "revenue": 132012
        },
        "2023-06": {
            "month": "2023-06",
            "price": "36.99",
            "revenue": 120111
        },
        "2023-07": {
            "month": "2023-07",
            "price": "36.95",
            "revenue": 127258
        },
        "2023-08": {
            "month": "2023-08",
            "price": "36.88",
            "revenue": 138943
        },
        "2023-09": {
            "month": "2023-09",
            "price": "36.84",
            "revenue": 175577
        },
        "2023-10": {
            "month": "2023-10",
            "price": "36.80",
            "revenue": 137693
        },
        "2023-11": {
            "month": "2023-11",
            "price": "36.79",
            "revenue": 97560
        },
        "2023-12": {
            "month": "2023-12",
            "price": "36.97",
            "revenue": 170482
        }
    }
}
