{
    "summary": {
        "stock_name": "金雨",
        "stock_id": "4503",
        "category": "電機機械",
        "main_business": "自動販賣機<br>電動車輛產業-零組件",
        "website_url": "http://www.alona.com.tw",
        "ceo": "卓政輿",
        "pe_ratio": -69,
        "report_year_from": 2001,
        "report_year_to": 2023,
        "age": 23,
        "eps_negative_percentage": 74,
        "eps_growth_avg": {
            "last_all": -40.31,
            "last_2y": null,
            "last_4y": -63.98,
            "last_8y": -10.46,
            "last_12y": -28.37,
            "last_16y": -28.37,
            "last_20y": -40.31,
            "at_2006_last_3y": -100,
            "at_2007_last_3y": -100,
            "at_2008_last_3y": -100,
            "at_2009_last_3y": -100,
            "at_2010_last_3y": null,
            "at_2011_last_3y": null,
            "at_2012_last_3y": -100,
            "at_2013_last_3y": -100,
            "at_2014_last_3y": -100,
            "at_2015_last_3y": -100,
            "at_2016_last_3y": null,
            "at_2017_last_3y": 100,
            "at_2018_last_3y": 43.06,
            "at_2019_last_3y": 19.38,
            "at_2020_last_3y": -10.46,
            "at_2021_last_3y": -47.28,
            "at_2022_last_3y": -63.98,
            "at_2023_last_3y": -100,
            "at_2024_last_3y": -100,
            "at_2006_last_all": -100,
            "at_2007_last_all": -100,
            "at_2008_last_all": -100,
            "at_2009_last_all": -100,
            "at_2010_last_all": -100,
            "at_2011_last_all": -100,
            "at_2012_last_all": -100,
            "at_2013_last_all": -100,
            "at_2014_last_all": -100,
            "at_2015_last_all": -100,
            "at_2016_last_all": -100,
            "at_2017_last_all": -33.33,
            "at_2018_last_all": -28.47,
            "at_2019_last_all": -28.37,
            "at_2020_last_all": -40.31,
            "at_2021_last_all": -40.31,
            "at_2022_last_all": -40.31,
            "at_2023_last_all": -40.31,
            "at_2024_last_all": -40.31
        },
        "latest_eps": -0.89,
        "latest_price": 61.6,
        "latest_roe": -7.1,
        "latest_gross_margin": -6.2,
        "latest_equity": 915488,
        "latest_revenue": 79897,
        "latest_gross_profit": -4954,
        "latest_net_income": -12164,
        "latest_debt_ratio": 11.18,
        "latest_current_ratio": 701.83,
        "latest_account_receivable_turnover_ratio": 0.96,
        "latest_inventory_turnover_ratio": 1.09,
        "latest_reinvestment_rate": null,
        "latest_research_to_sale_ratio": 4.57
    },
    "eps_dividends": {
        "1996": {
            "cash": 0,
            "stock": 0.5,
            "eps": 0
        },
        "1997": {
            "cash": 0,
            "stock": 3,
            "eps": 0
        },
        "1998": {
            "cash": 0,
            "stock": 3,
            "eps": 0
        },
        "1999": {
            "cash": 0,
            "stock": 1,
            "eps": 0
        },
        "2000": {
            "cash": 0.5,
            "stock": 0.5,
            "eps": 0
        },
        "2001": {
            "cash": 0,
            "stock": 0,
            "eps": -1.12
        },
        "2002": {
            "cash": 0,
            "stock": 0,
            "eps": -2.35
        },
        "2003": {
            "cash": 0,
            "stock": 0,
            "eps": -2.17
        },
        "2004": {
            "cash": 0,
            "stock": 0,
            "eps": -0.17
        },
        "2005": {
            "cash": 0,
            "stock": 0,
            "eps": 0.03
        },
        "2006": {
            "cash": 0,
            "stock": 0,
            "eps": -2.09
        },
        "2007": {
            "cash": 0,
            "stock": 0,
            "eps": -1.81
        },
        "2008": {
            "cash": 0,
            "stock": 0,
            "eps": -1.54
        },
        "2009": {
            "cash": 0,
            "stock": 0,
            "eps": -0.27
        },
        "2010": {
            "cash": 0,
            "stock": 0,
            "eps": -0.66
        },
        "2011": {
            "cash": 0,
            "stock": 0,
            "eps": 0.29
        },
        "2012": {
            "cash": 0,
            "stock": 0,
            "eps": -0.07
        },
        "2013": {
            "cash": 0,
            "stock": 0,
            "eps": -0.63
        },
        "2014": {
            "cash": 0,
            "stock": 0,
            "eps": -0.61
        },
        "2015": {
            "cash": 0,
            "stock": 0,
            "eps": -0.07
        },
        "2016": {
            "cash": 0,
            "stock": 0,
            "eps": 0.37
        },
        "2017": {
            "cash": 0,
            "stock": 0,
            "eps": 1.08
        },
        "2018": {
            "cash": 0,
            "stock": 0,
            "eps": 0.93
        },
        "2019": {
            "cash": 0.5,
            "stock": 0,
            "eps": 0.67
        },
        "2020": {
            "cash": 0,
            "stock": 0,
            "eps": -0.3
        },
        "2021": {
            "cash": 0,
            "stock": 0,
            "eps": -0.85
        },
        "2022": {
            "cash": 0,
            "stock": 0,
            "eps": -0.87
        },
        "2023": {
            "cash": 0,
            "stock": 0,
            "eps": -0.77
        }
    },
    "dividends": {
        "1996-04-10": {
            "cash": 0,
            "stock": 0.5
        },
        "1997-05-08": {
            "cash": 0,
            "stock": 3
        },
        "1998-04-28": {
            "cash": 0,
            "stock": 3
        },
        "1999-06-15": {
            "cash": 0,
            "stock": 1
        },
        "2000-05-25": {
            "cash": 0.5,
            "stock": 0.5
        },
        "2019-11-08": {
            "cash": 0.5,
            "stock": 0
        }
    },
    "prices": {
        "200101": "10.28",
        "200102": "10.34",
        "200103": "12.91",
        "200104": "13.34",
        "200105": "11.21",
        "200106": "10.37",
        "200107": "10.15",
        "200108": "9.49",
        "200109": "10.40",
        "200110": "10.80",
        "200111": "10.13",
        "200112": "13.26",
        "200201": "12.11",
        "200202": "11.83",
        "200203": "11.95",
        "200204": "12.69",
        "200205": "12.77",
        "200206": "10.78",
        "200207": "9.53",
        "200208": "10.42",
        "200209": "10.09",
        "200210": "9.30",
        "200211": "7.42",
        "200212": "6.80",
        "200301": "6.52",
        "200302": "7.12",
        "200303": "6.90",
        "200304": "7.51",
        "200305": "8.31",
        "200306": "9.58",
        "200307": "9.46",
        "200308": "8.95",
        "200309": "8.25",
        "200310": "7.76",
        "200311": "7.30",
        "200312": "7.45",
        "200401": "9.69",
        "200402": "12.98",
        "200403": "11.95",
        "200404": "13.27",
        "200405": "12.13",
        "200406": "12.60",
        "200407": "9.87",
        "200408": "9.56",
        "200409": "9.29",
        "200410": "10.45",
        "200411": "9.43",
        "200412": "11.25",
        "200501": "12.86",
        "200502": "13.95",
        "200503": "15.48",
        "200504": "15.53",
        "200505": "15.68",
        "200506": "16.27",
        "200507": "22.30",
        "200508": "28.47",
        "200509": "30.13",
        "200510": "25.90",
        "200511": "12.38",
        "200512": "10.92",
        "200601": "8.97",
        "200602": "7.95",
        "200603": "7.24",
        "200604": "7.23",
        "200605": "6.39",
        "200606": "5.05",
        "200607": "6.08",
        "200608": "5.94",
        "200609": "4.97",
        "200610": "5.48",
        "200611": "6.71",
        "200612": "7.01",
        "200701": "6.80",
        "200702": "5.91",
        "200703": "6.15",
        "200704": "6.45",
        "200705": "5.90",
        "200706": "6.37",
        "200707": "7.43",
        "200708": "11.10",
        "200709": "11.71",
        "200710": "12.23",
        "200711": "10.18",
        "200712": "9.60",
        "200801": "8.02",
        "200802": "6.78",
        "200803": "6.92",
        "200804": "8.74",
        "200805": "7.67",
        "200806": "6.89",
        "200807": "5.67",
        "200808": "5.61",
        "200809": "4.08",
        "200810": "2.67",
        "200811": "2.32",
        "200812": "2.59",
        "200901": "2.46",
        "200902": "2.38",
        "200903": "2.49",
        "200904": "3.69",
        "200905": "3.38",
        "200906": "3.28",
        "200907": "3.38",
        "200908": "3.46",
        "200909": "5.16",
        "200910": "5.95",
        "200911": "5.81",
        "200912": "6.30",
        "201001": "7.49",
        "201002": "6.30",
        "201003": "6.91",
        "201004": "8.17",
        "201005": "7.93",
        "201006": "7.70",
        "201007": "8.36",
        "201008": "8.07",
        "201009": "6.89",
        "201010": "7.15",
        "201011": "6.99",
        "201012": "6.98",
        "201101": "7.66",
        "201102": "7.55",
        "201103": "7.35",
        "201104": "7.51",
        "201105": "7.51",
        "201106": "8.06",
        "201107": "8.21",
        "201108": "7.25",
        "201109": "7.52",
        "201110": "7.03",
        "201111": "6.76",
        "201112": "5.77",
        "201201": "5.82",
        "201202": "6.40",
        "201203": "6.97",
        "201204": "6.94",
        "201205": "6.59",
        "201206": "6.45",
        "201207": "6.42",
        "201208": "5.53",
        "201209": "6.06",
        "201210": "5.30",
        "201211": "5.07",
        "201212": "5.25",
        "201301": "5.19",
        "201302": "5.15",
        "201303": "5.60",
        "201304": "5.65",
        "201305": "5.88",
        "201306": "5.67",
        "201307": "5.71",
        "201308": "6.32",
        "201309": "8.86",
        "201310": "12.00",
        "201311": "11.95",
        "201312": "11.95",
        "201401": "11.32",
        "201402": "12.91",
        "201403": "15.62",
        "201404": "16.35",
        "201405": "14.85",
        "201406": "12.74",
        "201407": "11.45",
        "201408": "11.53",
        "201409": "11.76",
        "201410": "12.63",
        "201411": "12.44",
        "201412": "12.17",
        "201501": "15.35",
        "201502": "16.55",
        "201503": "16.60",
        "201504": "17.00",
        "201505": "15.25",
        "201506": "14.14",
        "201507": "13.57",
        "201508": "12.68",
        "201509": "13.30",
        "201510": "12.83",
        "201511": "12.69",
        "201512": "12.63",
        "201601": "12.47",
        "201602": "13.88",
        "201603": "15.27",
        "201604": "14.61",
        "201605": "14.29",
        "201606": "14.97",
        "201607": "14.40",
        "201608": "13.98",
        "201609": "20.55",
        "201610": "23.43",
        "201611": "22.62",
        "201612": "22.48",
        "201701": "22.35",
        "201702": "24.31",
        "201703": "29.50",
        "201704": "45.20",
        "201705": "56.15",
        "201706": "56.27",
        "201707": "53.80",
        "201708": "52.15",
        "201709": "45.55",
        "201710": "41.06",
        "201711": "41.53",
        "201712": "49.43",
        "201801": "47.26",
        "201802": "40.36",
        "201803": "38.07",
        "201804": "30.78",
        "201805": "28.22",
        "201806": "29.60",
        "201807": "30.31",
        "201808": "28.22",
        "201809": "27.25",
        "201810": "25.88",
        "201811": "22.24",
        "201812": "20.88",
        "201901": "22.67",
        "201902": "25.47",
        "201903": "25.71",
        "201904": "28.98",
        "201905": "27.65",
        "201906": "25.43",
        "201907": "26.01",
        "201908": "26.03",
        "201909": "25.89",
        "201910": "27.19",
        "201911": "26.58",
        "201912": "24.74",
        "202001": "23.69",
        "202002": "20.68",
        "202003": "17.21",
        "202004": "16.38",
        "202005": "16.20",
        "202006": "18.66",
        "202007": "20.79",
        "202008": "20.06",
        "202009": "17.70",
        "202010": "17.02",
        "202011": "16.40",
        "202012": "17.43",
        "202101": "16.76",
        "202102": "16.31",
        "202103": "17.02",
        "202104": "19.28",
        "202105": "17.68",
        "202106": "17.09",
        "202107": "16.57",
        "202108": "17.43",
        "202109": "23.30",
        "202110": "32.78",
        "202111": "28.78",
        "202112": "30.71",
        "202201": "28.50",
        "202202": "31.14",
        "202203": "28.32",
        "202204": "24.58",
        "202205": "26.75",
        "202206": "38.77",
        "202207": "38.81",
        "202208": "38.12",
        "202209": "38.50",
        "202210": "33.53",
        "202211": "35.33",
        "202212": "36.78",
        "202301": "37.61",
        "202302": "43.61",
        "202303": "46.43",
        "202304": "54.54",
        "202305": "60.02",
        "202306": "64.27",
        "202307": "73.46",
        "202308": "60.55",
        "202309": "51.66",
        "202310": "56.61",
        "202311": "52.20",
        "202312": "54.26"
    },
    "quarters": {
        "20011": {
            "year_quarter": 20011,
            "year": 2001,
            "quarter": 1,
            "eps": -0.41,
            "eps_growth_year": -152.56,
            "eps_4q": -1.89,
            "eps_4q_growth_year": null,
            "roe": -3.31,
            "roe_4q": -3.31,
            "gross_profit": 1229,
            "gross_margin": 2.57,
            "gross_margin_4q_avg": 2.57,
            "net_income": -20998,
            "net_income_4q": null,
            "revenue": 47786,
            "revenue_4q": null,
            "common_shares": 528282,
            "book_valuer_per_share": 12.7,
            "book_valuer_per_share_4q_avg": 12.7,
            "equity": 671046,
            "current_ratio": 142.5,
            "debt_ratio": 24.79,
            "inventory_turnover_ratio": 0.53,
            "account_receivable_turnover_ratio": null,
            "reinvestment_rate": null,
            "research_to_sale_ratio": null,
            "price_fair": 0,
            "eps_avg_yearly": 0,
            "eps_latest_yearly": 0,
            "eps_growth_yearly": 0
        },
        "20012": {
            "year_quarter": 20012,
            "year": 2001,
            "quarter": 2,
            "eps": -0.59,
            "eps_growth_year": null,
            "eps_4q": -1.34,
            "eps_4q_growth_year": null,
            "roe": -4.62,
            "roe_4q": -7.93,
            "gross_profit": 7835,
            "gross_margin": 16.69,
            "gross_margin_4q_avg": 9.63,
            "net_income": -30129,
            "net_income_4q": null,
            "revenue": 46958,
            "revenue_4q": null,
            "common_shares": 528282,
            "book_valuer_per_share": 12,
            "book_valuer_per_share_4q_avg": 12.35,
            "equity": 634049,
            "current_ratio": 123.84,
            "debt_ratio": 28.46,
            "inventory_turnover_ratio": 0.42,
            "account_receivable_turnover_ratio": null,
            "reinvestment_rate": null,
            "research_to_sale_ratio": null,
            "price_fair": 0,
            "eps_avg_yearly": 0,
            "eps_latest_yearly": 0,
            "eps_growth_yearly": 0
        },
        "20013": {
            "year_quarter": 20013,
            "year": 2001,
            "quarter": 3,
            "eps": -0.26,
            "eps_growth_year": null,
            "eps_4q": -1.2,
            "eps_4q_growth_year": null,
            "roe": -2.06,
            "roe_4q": -9.99,
            "gross_profit": 18503,
            "gross_margin": 17.09,
            "gross_margin_4q_avg": 12.12,
            "net_income": -12989,
            "net_income_4q": null,
            "revenue": 108272,
            "revenue_4q": null,
            "common_shares": 528282,
            "book_valuer_per_share": 11.86,
            "book_valuer_per_share_4q_avg": 12.19,
            "equity": 626408,
            "current_ratio": 115.48,
            "debt_ratio": 29.76,
            "inventory_turnover_ratio": 0.99,
            "account_receivable_turnover_ratio": null,
            "reinvestment_rate": null,
            "research_to_sale_ratio": null,
            "price_fair": 0,
            "eps_avg_yearly": 0,
            "eps_latest_yearly": 0,
            "eps_growth_yearly": 0
        },
        "20014": {
            "year_quarter": 20014,
            "year": 2001,
            "quarter": 4,
            "eps": 0.14,
            "eps_growth_year": 1300,
            "eps_4q": -1.14,
            "eps_4q_growth_year": null,
            "roe": 1.19,
            "roe_4q": -8.8,
            "gross_profit": 16779,
            "gross_margin": 25.63,
            "gross_margin_4q_avg": 15.5,
            "net_income": 7031,
            "net_income_4q": null,
            "revenue": 65470,
            "revenue_4q": null,
            "common_shares": 528282,
            "book_valuer_per_share": 10.57,
            "book_valuer_per_share_4q_avg": 11.78,
            "equity": 558719,
            "current_ratio": 86.49,
            "debt_ratio": 40.13,
            "inventory_turnover_ratio": 0.59,
            "account_receivable_turnover_ratio": null,
            "reinvestment_rate": null,
            "research_to_sale_ratio": null,
            "price_fair": 0,
            "eps_avg_yearly": 0,
            "eps_latest_yearly": 0,
            "eps_growth_yearly": 0
        },
        "20021": {
            "year_quarter": 20021,
            "year": 2002,
            "quarter": 1,
            "eps": -0.74,
            "eps_growth_year": null,
            "eps_4q": -1.53,
            "eps_4q_growth_year": null,
            "roe": -6.21,
            "roe_4q": -11.7,
            "gross_profit": 7013,
            "gross_margin": 9.41,
            "gross_margin_4q_avg": 17.21,
            "net_income": -33915,
            "net_income_4q": null,
            "revenue": 74512,
            "revenue_4q": null,
            "common_shares": 528282,
            "book_valuer_per_share": 10.1,
            "book_valuer_per_share_4q_avg": 11.13,
            "equity": 533694,
            "current_ratio": 133.9,
            "debt_ratio": 42.63,
            "inventory_turnover_ratio": 0.76,
            "account_receivable_turnover_ratio": null,
            "reinvestment_rate": null,
            "research_to_sale_ratio": null,
            "price_fair": 0,
            "eps_avg_yearly": 0,
            "eps_latest_yearly": 0,
            "eps_growth_yearly": 0
        },
        "20022": {
            "year_quarter": 20022,
            "year": 2002,
            "quarter": 2,
            "eps": -0.1,
            "eps_growth_year": null,
            "eps_4q": -0.84,
            "eps_4q_growth_year": null,
            "roe": -0.84,
            "roe_4q": -7.92,
            "gross_profit": 16673,
            "gross_margin": 16.94,
            "gross_margin_4q_avg": 17.27,
            "net_income": -4617,
            "net_income_4q": null,
            "revenue": 98403,
            "revenue_4q": null,
            "common_shares": 528282,
            "book_valuer_per_share": 10.59,
            "book_valuer_per_share_4q_avg": 10.78,
            "equity": 559397,
            "current_ratio": 195.81,
            "debt_ratio": 35.6,
            "inventory_turnover_ratio": 0.9,
            "account_receivable_turnover_ratio": null,
            "reinvestment_rate": null,
            "research_to_sale_ratio": null,
            "price_fair": 0,
            "eps_avg_yearly": 0,
            "eps_latest_yearly": 0,
            "eps_growth_yearly": 0
        },
        "20023": {
            "year_quarter": 20023,
            "year": 2002,
            "quarter": 3,
            "eps": -0.46,
            "eps_growth_year": null,
            "eps_4q": -1,
            "eps_4q_growth_year": null,
            "roe": -3.85,
            "roe_4q": -9.71,
            "gross_profit": 8867,
            "gross_margin": 7.46,
            "gross_margin_4q_avg": 14.86,
            "net_income": -21136,
            "net_income_4q": null,
            "revenue": 118878,
            "revenue_4q": null,
            "common_shares": 528282,
            "book_valuer_per_share": 10.22,
            "book_valuer_per_share_4q_avg": 10.37,
            "equity": 539699,
            "current_ratio": 192.17,
            "debt_ratio": 35.87,
            "inventory_turnover_ratio": 1.15,
            "account_receivable_turnover_ratio": null,
            "reinvestment_rate": null,
            "research_to_sale_ratio": null,
            "price_fair": 0,
            "eps_avg_yearly": 0,
            "eps_latest_yearly": 0,
            "eps_growth_yearly": 0
        },
        "20024": {
            "year_quarter": 20024,
            "year": 2002,
            "quarter": 4,
            "eps": -1.05,
            "eps_growth_year": -850,
            "eps_4q": -2.34,
            "eps_4q_growth_year": null,
            "roe": -9.45,
            "roe_4q": -20.349999999999998,
            "gross_profit": 2519,
            "gross_margin": 3.01,
            "gross_margin_4q_avg": 9.21,
            "net_income": -48692,
            "net_income_4q": null,
            "revenue": 83698,
            "revenue_4q": null,
            "common_shares": 528282,
            "book_valuer_per_share": 9.29,
            "book_valuer_per_share_4q_avg": 10.05,
            "equity": 490779,
            "current_ratio": 130.9,
            "debt_ratio": 37.25,
            "inventory_turnover_ratio": 0.79,
            "account_receivable_turnover_ratio": null,
            "reinvestment_rate": null,
            "research_to_sale_ratio": null,
            "price_fair": 0,
            "eps_avg_yearly": 0,
            "eps_latest_yearly": 0,
            "eps_growth_yearly": 0
        },
        "20031": {
            "year_quarter": 20031,
            "year": 2003,
            "quarter": 1,
            "eps": -0.52,
            "eps_growth_year": null,
            "eps_4q": -2.13,
            "eps_4q_growth_year": null,
            "roe": -5,
            "roe_4q": -19.14,
            "gross_profit": 596,
            "gross_margin": 0.5,
            "gross_margin_4q_avg": 6.98,
            "net_income": -23975,
            "net_income_4q": null,
            "revenue": 118028,
            "revenue_4q": null,
            "common_shares": 528282,
            "book_valuer_per_share": 8.87,
            "book_valuer_per_share_4q_avg": 9.74,
            "equity": 468331,
            "current_ratio": 176.48,
            "debt_ratio": 39.84,
            "inventory_turnover_ratio": 1.04,
            "account_receivable_turnover_ratio": null,
            "reinvestment_rate": null,
            "research_to_sale_ratio": null,
            "price_fair": 0,
            "eps_avg_yearly": 0,
            "eps_latest_yearly": 0,
            "eps_growth_yearly": 0
        },
        "20032": {
            "year_quarter": 20032,
            "year": 2003,
            "quarter": 2,
            "eps": -0.83,
            "eps_growth_year": null,
            "eps_4q": -2.5,
            "eps_4q_growth_year": null,
            "roe": -8.57,
            "roe_4q": -26.87,
            "gross_profit": 6630,
            "gross_margin": 3.33,
            "gross_margin_4q_avg": 3.58,
            "net_income": -38519,
            "net_income_4q": null,
            "revenue": 198842,
            "revenue_4q": null,
            "common_shares": 528282,
            "book_valuer_per_share": 8.14,
            "book_valuer_per_share_4q_avg": 9.13,
            "equity": 430125,
            "current_ratio": 154.68,
            "debt_ratio": 45.3,
            "inventory_turnover_ratio": 1.49,
            "account_receivable_turnover_ratio": null,
            "reinvestment_rate": null,
            "research_to_sale_ratio": null,
            "price_fair": 0,
            "eps_avg_yearly": 0,
            "eps_latest_yearly": 0,
            "eps_growth_yearly": 0
        },
        "20033": {
            "year_quarter": 20033,
            "year": 2003,
            "quarter": 3,
            "eps": -0.23,
            "eps_growth_year": null,
            "eps_4q": -2.31,
            "eps_4q_growth_year": null,
            "roe": -2.52,
            "roe_4q": -25.54,
            "gross_profit": 8370,
            "gross_margin": 3.92,
            "gross_margin_4q_avg": 2.69,
            "net_income": -10646,
            "net_income_4q": null,
            "revenue": 213283,
            "revenue_4q": null,
            "common_shares": 528282,
            "book_valuer_per_share": 7.86,
            "book_valuer_per_share_4q_avg": 8.54,
            "equity": 415356,
            "current_ratio": 146.8,
            "debt_ratio": 48.52,
            "inventory_turnover_ratio": 1.44,
            "account_receivable_turnover_ratio": null,
            "reinvestment_rate": null,
            "research_to_sale_ratio": null,
            "price_fair": 0,
            "eps_avg_yearly": 0,
            "eps_latest_yearly": 0,
            "eps_growth_yearly": 0
        },
        "20034": {
            "year_quarter": 20034,
            "year": 2003,
            "quarter": 4,
            "eps": -0.59,
            "eps_growth_year": null,
            "eps_4q": -1.99,
            "eps_4q_growth_year": null,
            "roe": -6.98,
            "roe_4q": -23.07,
            "gross_profit": 2878,
            "gross_margin": 1.55,
            "gross_margin_4q_avg": 2.33,
            "net_income": -30504,
            "net_income_4q": null,
            "revenue": 185580,
            "revenue_4q": null,
            "common_shares": 528282,
            "book_valuer_per_share": 8.69,
            "book_valuer_per_share_4q_avg": 8.39,
            "equity": 459137,
            "current_ratio": 131.08,
            "debt_ratio": 42.85,
            "inventory_turnover_ratio": 1.26,
            "account_receivable_turnover_ratio": null,
            "reinvestment_rate": null,
            "research_to_sale_ratio": null,
            "price_fair": 0,
            "eps_avg_yearly": 0,
            "eps_latest_yearly": 0,
            "eps_growth_yearly": 0
        },
        "20041": {
            "year_quarter": 20041,
            "year": 2004,
            "quarter": 1,
            "eps": 0.07,
            "eps_growth_year": null,
            "eps_4q": -1.42,
            "eps_4q_growth_year": null,
            "roe": 0.81,
            "roe_4q": -17.259999999999998,
            "gross_profit": 28140,
            "gross_margin": 14.18,
            "gross_margin_4q_avg": 5.75,
            "net_income": 3752,
            "net_income_4q": null,
            "revenue": 198505,
            "revenue_4q": null,
            "common_shares": 528282,
            "book_valuer_per_share": 8.8,
            "book_valuer_per_share_4q_avg": 8.37,
            "equity": 465091,
            "current_ratio": 123.92,
            "debt_ratio": 43.1,
            "inventory_turnover_ratio": 1.21,
            "account_receivable_turnover_ratio": null,
            "reinvestment_rate": null,
            "research_to_sale_ratio": null,
            "price_fair": 0,
            "eps_avg_yearly": 0,
            "eps_latest_yearly": 0,
            "eps_growth_yearly": 0
        },
        "20042": {
            "year_quarter": 20042,
            "year": 2004,
            "quarter": 2,
            "eps": 0.32,
            "eps_growth_year": null,
            "eps_4q": -0.36,
            "eps_4q_growth_year": null,
            "roe": 3.35,
            "roe_4q": -5.34,
            "gross_profit": 37227,
            "gross_margin": 14.16,
            "gross_margin_4q_avg": 8.45,
            "net_income": 17501,
            "net_income_4q": null,
            "revenue": 262965,
            "revenue_4q": null,
            "common_shares": 628282,
            "book_valuer_per_share": 9.25,
            "book_valuer_per_share_4q_avg": 8.65,
            "equity": 581180,
            "current_ratio": 201.23,
            "debt_ratio": 30.57,
            "inventory_turnover_ratio": 1.46,
            "account_receivable_turnover_ratio": null,
            "reinvestment_rate": null,
            "research_to_sale_ratio": null,
            "price_fair": 44.8,
            "eps_avg_yearly": 1.28,
            "eps_latest_yearly": 1.28,
            "eps_growth_yearly": 1428.57
        },
        "20043": {
            "year_quarter": 20043,
            "year": 2004,
            "quarter": 3,
            "eps": -0.06,
            "eps_growth_year": null,
            "eps_4q": -0.2,
            "eps_4q_growth_year": null,
            "roe": -0.56,
            "roe_4q": -3.3800000000000003,
            "gross_profit": 26742,
            "gross_margin": 10.93,
            "gross_margin_4q_avg": 10.21,
            "net_income": -3222,
            "net_income_4q": null,
            "revenue": 244654,
            "revenue_4q": null,
            "common_shares": 628282,
            "book_valuer_per_share": 9.2,
            "book_valuer_per_share_4q_avg": 8.99,
            "equity": 578039,
            "current_ratio": 176.13,
            "debt_ratio": 31.68,
            "inventory_turnover_ratio": 1.31,
            "account_receivable_turnover_ratio": null,
            "reinvestment_rate": null,
            "research_to_sale_ratio": null,
            "price_fair": 44.8,
            "eps_avg_yearly": 1.28,
            "eps_latest_yearly": 1.28,
            "eps_growth_yearly": 1428.57
        },
        "20044": {
            "year_quarter": 20044,
            "year": 2004,
            "quarter": 4,
            "eps": -0.5,
            "eps_growth_year": null,
            "eps_4q": -0.2,
            "eps_4q_growth_year": null,
            "roe": -5.27,
            "roe_4q": -1.67,
            "gross_profit": 25221,
            "gross_margin": 15.64,
            "gross_margin_4q_avg": 13.73,
            "net_income": -29612,
            "net_income_4q": null,
            "revenue": 161247,
            "revenue_4q": null,
            "common_shares": 628282,
            "book_valuer_per_share": 8.7,
            "book_valuer_per_share_4q_avg": 8.99,
            "equity": 546784,
            "current_ratio": 135.27,
            "debt_ratio": 37.09,
            "inventory_turnover_ratio": 0.93,
            "account_receivable_turnover_ratio": null,
            "reinvestment_rate": null,
            "research_to_sale_ratio": null,
            "price_fair": 44.8,
            "eps_avg_yearly": 1.28,
            "eps_latest_yearly": 1.28,
            "eps_growth_yearly": 1428.57
        },
        "20051": {
            "year_quarter": 20051,
            "year": 2005,
            "quarter": 1,
            "eps": 0.02,
            "eps_growth_year": -71.43,
            "eps_4q": -0.18,
            "eps_4q_growth_year": null,
            "roe": 0.28,
            "roe_4q": -2.199999999999999,
            "gross_profit": 28413,
            "gross_margin": 12.62,
            "gross_margin_4q_avg": 13.34,
            "net_income": 1521,
            "net_income_4q": null,
            "revenue": 225075,
            "revenue_4q": null,
            "common_shares": 622222,
            "book_valuer_per_share": 8.81,
            "book_valuer_per_share_4q_avg": 8.99,
            "equity": 548265,
            "current_ratio": 154.06,
            "debt_ratio": 39.45,
            "inventory_turnover_ratio": 1.4,
            "account_receivable_turnover_ratio": null,
            "reinvestment_rate": null,
            "research_to_sale_ratio": null,
            "price_fair": 44.8,
            "eps_avg_yearly": 1.28,
            "eps_latest_yearly": 1.28,
            "eps_growth_yearly": 1428.57
        },
        "20052": {
            "year_quarter": 20052,
            "year": 2005,
            "quarter": 2,
            "eps": 0.5,
            "eps_growth_year": 56.25,
            "eps_4q": -0,
            "eps_4q_growth_year": null,
            "roe": 5.53,
            "roe_4q": -0.01999999999999913,
            "gross_profit": 42826,
            "gross_margin": 14.51,
            "gross_margin_4q_avg": 13.43,
            "net_income": 31250,
            "net_income_4q": null,
            "revenue": 295107,
            "revenue_4q": null,
            "common_shares": 622222,
            "book_valuer_per_share": 9.35,
            "book_valuer_per_share_4q_avg": 9.02,
            "equity": 582034,
            "current_ratio": 131.47,
            "debt_ratio": 42.79,
            "inventory_turnover_ratio": 1.73,
            "account_receivable_turnover_ratio": null,
            "reinvestment_rate": null,
            "research_to_sale_ratio": null,
            "price_fair": 57.4,
            "eps_avg_yearly": 1.64,
            "eps_latest_yearly": 2,
            "eps_growth_yearly": 5514.29
        },
        "20053": {
            "year_quarter": 20053,
            "year": 2005,
            "quarter": 3,
            "eps": 0.15,
            "eps_growth_year": null,
            "eps_4q": 0.2,
            "eps_4q_growth_year": null,
            "roe": 1.56,
            "roe_4q": 2.1000000000000005,
            "gross_profit": 41522,
            "gross_margin": 17.07,
            "gross_margin_4q_avg": 14.96,
            "net_income": 9185,
            "net_income_4q": null,
            "revenue": 243245,
            "revenue_4q": null,
            "common_shares": 622222,
            "book_valuer_per_share": 9.54,
            "book_valuer_per_share_4q_avg": 9.1,
            "equity": 593571,
            "current_ratio": 131.67,
            "debt_ratio": 41.53,
            "inventory_turnover_ratio": 1.35,
            "account_receivable_turnover_ratio": null,
            "reinvestment_rate": null,
            "research_to_sale_ratio": null,
            "price_fair": 45.27,
            "eps_avg_yearly": 1.29,
            "eps_latest_yearly": 0.6,
            "eps_growth_yearly": 3582.86
        },
        "20054": {
            "year_quarter": 20054,
            "year": 2005,
            "quarter": 4,
            "eps": -0.64,
            "eps_growth_year": null,
            "eps_4q": 0.04,
            "eps_4q_growth_year": null,
            "roe": -6.85,
            "roe_4q": 0.5200000000000011,
            "gross_profit": 15728,
            "gross_margin": 7.26,
            "gross_margin_4q_avg": 12.87,
            "net_income": -39663,
            "net_income_4q": null,
            "revenue": 216507,
            "revenue_4q": null,
            "common_shares": 622222,
            "book_valuer_per_share": 9.07,
            "book_valuer_per_share_4q_avg": 9.19,
            "equity": 564422,
            "current_ratio": 115.14,
            "debt_ratio": 43.25,
            "inventory_turnover_ratio": 1.22,
            "account_receivable_turnover_ratio": null,
            "reinvestment_rate": null,
            "research_to_sale_ratio": null,
            "price_fair": 45.27,
            "eps_avg_yearly": 1.29,
            "eps_latest_yearly": 0.6,
            "eps_growth_yearly": 3582.86
        },
        "20061": {
            "year_quarter": 20061,
            "year": 2006,
            "quarter": 1,
            "eps": -0.28,
            "eps_growth_year": -1500,
            "eps_4q": -0.27,
            "eps_4q_growth_year": null,
            "roe": -3.09,
            "roe_4q": -2.8499999999999988,
            "gross_profit": 6003,
            "gross_margin": 5.89,
            "gross_margin_4q_avg": 11.18,
            "net_income": -17225,
            "net_income_4q": null,
            "revenue": 101950,
            "revenue_4q": null,
            "common_shares": 622222,
            "book_valuer_per_share": 8.83,
            "book_valuer_per_share_4q_avg": 9.2,
            "equity": 549177,
            "current_ratio": 117.26,
            "debt_ratio": 40.83,
            "inventory_turnover_ratio": 0.55,
            "account_receivable_turnover_ratio": null,
            "reinvestment_rate": null,
            "research_to_sale_ratio": null,
            "price_fair": 45.27,
            "eps_avg_yearly": 1.29,
            "eps_latest_yearly": 0.6,
            "eps_growth_yearly": 3582.86
        },
        "20062": {
            "year_quarter": 20062,
            "year": 2006,
            "quarter": 2,
            "eps": -0.64,
            "eps_growth_year": -228,
            "eps_4q": -1.41,
            "eps_4q_growth_year": null,
            "roe": -7.56,
            "roe_4q": -15.94,
            "gross_profit": 12818,
            "gross_margin": 12.33,
            "gross_margin_4q_avg": 10.64,
            "net_income": -39975,
            "net_income_4q": null,
            "revenue": 103984,
            "revenue_4q": null,
            "common_shares": 622222,
            "book_valuer_per_share": 8.16,
            "book_valuer_per_share_4q_avg": 8.9,
            "equity": 507901,
            "current_ratio": 105.74,
            "debt_ratio": 42.26,
            "inventory_turnover_ratio": 0.53,
            "account_receivable_turnover_ratio": null,
            "reinvestment_rate": null,
            "research_to_sale_ratio": null,
            "price_fair": 45.27,
            "eps_avg_yearly": 1.29,
            "eps_latest_yearly": 0.6,
            "eps_growth_yearly": 3582.86
        },
        "20063": {
            "year_quarter": 20063,
            "year": 2006,
            "quarter": 3,
            "eps": -0.41,
            "eps_growth_year": -373.33,
            "eps_4q": -1.97,
            "eps_4q_growth_year": -1075.81,
            "roe": -5.15,
            "roe_4q": -22.65,
            "gross_profit": 4515,
            "gross_margin": 4.01,
            "gross_margin_4q_avg": 7.37,
            "net_income": -25537,
            "net_income_4q": null,
            "revenue": 112662,
            "revenue_4q": null,
            "common_shares": 622222,
            "book_valuer_per_share": 7.76,
            "book_valuer_per_share_4q_avg": 8.46,
            "equity": 483011,
            "current_ratio": 95.71,
            "debt_ratio": 43.34,
            "inventory_turnover_ratio": 0.66,
            "account_receivable_turnover_ratio": null,
            "reinvestment_rate": null,
            "research_to_sale_ratio": null,
            "price_fair": 45.27,
            "eps_avg_yearly": 1.29,
            "eps_latest_yearly": 0.6,
            "eps_growth_yearly": 3582.86
        },
        "20064": {
            "year_quarter": 20064,
            "year": 2006,
            "quarter": 4,
            "eps": -0.76,
            "eps_growth_year": null,
            "eps_4q": -2.09,
            "eps_4q_growth_year": -5325,
            "roe": -10.24,
            "roe_4q": -26.04,
            "gross_profit": 6022,
            "gross_margin": 4.66,
            "gross_margin_4q_avg": 6.72,
            "net_income": -47047,
            "net_income_4q": null,
            "revenue": 129289,
            "revenue_4q": null,
            "common_shares": 622222,
            "book_valuer_per_share": 7.01,
            "book_valuer_per_share_4q_avg": 7.94,
            "equity": 435964,
            "current_ratio": 112.78,
            "debt_ratio": 42.83,
            "inventory_turnover_ratio": 0.88,
            "account_receivable_turnover_ratio": null,
            "reinvestment_rate": null,
            "research_to_sale_ratio": null,
            "price_fair": 45.27,
            "eps_avg_yearly": 1.29,
            "eps_latest_yearly": 0.6,
            "eps_growth_yearly": 3582.86
        },
        "20071": {
            "year_quarter": 20071,
            "year": 2007,
            "quarter": 1,
            "eps": -0.28,
            "eps_growth_year": null,
            "eps_4q": -2.06,
            "eps_4q_growth_year": null,
            "roe": -4.14,
            "roe_4q": -27.09,
            "gross_profit": 6618,
            "gross_margin": 5.7,
            "gross_margin_4q_avg": 6.68,
            "net_income": -17672,
            "net_income_4q": null,
            "revenue": 116189,
            "revenue_4q": null,
            "common_shares": 622222,
            "book_valuer_per_share": 6.72,
            "book_valuer_per_share_4q_avg": 7.41,
            "equity": 418292,
            "current_ratio": 104.45,
            "debt_ratio": 42.5,
            "inventory_turnover_ratio": 0.9,
            "account_receivable_turnover_ratio": null,
            "reinvestment_rate": null,
            "research_to_sale_ratio": null,
            "price_fair": 45.27,
            "eps_avg_yearly": 1.29,
            "eps_latest_yearly": 0.6,
            "eps_growth_yearly": 3582.86
        },
        "20072": {
            "year_quarter": 20072,
            "year": 2007,
            "quarter": 2,
            "eps": -0.81,
            "eps_growth_year": null,
            "eps_4q": -2.27,
            "eps_4q_growth_year": null,
            "roe": -12.91,
            "roe_4q": -32.44,
            "gross_profit": 2268,
            "gross_margin": 3.28,
            "gross_margin_4q_avg": 4.41,
            "net_income": -50710,
            "net_income_4q": null,
            "revenue": 69050,
            "revenue_4q": null,
            "common_shares": 622222,
            "book_valuer_per_share": 5.91,
            "book_valuer_per_share_4q_avg": 6.85,
            "equity": 367582,
            "current_ratio": 102.73,
            "debt_ratio": 45.56,
            "inventory_turnover_ratio": 0.53,
            "account_receivable_turnover_ratio": null,
            "reinvestment_rate": null,
            "research_to_sale_ratio": null,
            "price_fair": 45.27,
            "eps_avg_yearly": 1.29,
            "eps_latest_yearly": 0.6,
            "eps_growth_yearly": 3582.86
        },
        "20073": {
            "year_quarter": 20073,
            "year": 2007,
            "quarter": 3,
            "eps": -0.37,
            "eps_growth_year": null,
            "eps_4q": -1.93,
            "eps_4q_growth_year": null,
            "roe": -6.25,
            "roe_4q": -33.54,
            "gross_profit": -1979,
            "gross_margin": -2.75,
            "gross_margin_4q_avg": 2.72,
            "net_income": -24095,
            "net_income_4q": null,
            "revenue": 72038,
            "revenue_4q": null,
            "common_shares": 722222,
            "book_valuer_per_share": 5.59,
            "book_valuer_per_share_4q_avg": 6.31,
            "equity": 403487,
            "current_ratio": 130.41,
            "debt_ratio": 38.55,
            "inventory_turnover_ratio": 0.64,
            "account_receivable_turnover_ratio": null,
            "reinvestment_rate": null,
            "research_to_sale_ratio": null,
            "price_fair": 45.27,
            "eps_avg_yearly": 1.29,
            "eps_latest_yearly": 0.6,
            "eps_growth_yearly": 3582.86
        },
        "20074": {
            "year_quarter": 20074,
            "year": 2007,
            "quarter": 4,
            "eps": -0.35,
            "eps_growth_year": null,
            "eps_4q": -1.75,
            "eps_4q_growth_year": null,
            "roe": -5.95,
            "roe_4q": -29.25,
            "gross_profit": 3609,
            "gross_margin": 16.7,
            "gross_margin_4q_avg": 5.73,
            "net_income": -23318,
            "net_income_4q": null,
            "revenue": 21614,
            "revenue_4q": null,
            "common_shares": 722221,
            "book_valuer_per_share": 5.26,
            "book_valuer_per_share_4q_avg": 5.87,
            "equity": 380168,
            "current_ratio": 114.12,
            "debt_ratio": 40.1,
            "inventory_turnover_ratio": 0.18,
            "account_receivable_turnover_ratio": null,
            "reinvestment_rate": null,
            "research_to_sale_ratio": null,
            "price_fair": 45.27,
            "eps_avg_yearly": 1.29,
            "eps_latest_yearly": 0.6,
            "eps_growth_yearly": 3582.86
        },
        "20081": {
            "year_quarter": 20081,
            "year": 2008,
            "quarter": 1,
            "eps": -0.23,
            "eps_growth_year": null,
            "eps_4q": -1.57,
            "eps_4q_growth_year": null,
            "roe": -4.52,
            "roe_4q": -29.63,
            "gross_profit": -3473,
            "gross_margin": -6.16,
            "gross_margin_4q_avg": 2.77,
            "net_income": -16820,
            "net_income_4q": null,
            "revenue": 56382,
            "revenue_4q": null,
            "common_shares": 722222,
            "book_valuer_per_share": 5.03,
            "book_valuer_per_share_4q_avg": 5.45,
            "equity": 363349,
            "current_ratio": 103.19,
            "debt_ratio": 42.31,
            "inventory_turnover_ratio": 0.6,
            "account_receivable_turnover_ratio": null,
            "reinvestment_rate": null,
            "research_to_sale_ratio": null,
            "price_fair": 45.27,
            "eps_avg_yearly": 1.29,
            "eps_latest_yearly": 0.6,
            "eps_growth_yearly": 3582.86
        },
        "20082": {
            "year_quarter": 20082,
            "year": 2008,
            "quarter": 2,
            "eps": -0.34,
            "eps_growth_year": null,
            "eps_4q": -1.39,
            "eps_4q_growth_year": null,
            "roe": -5.9,
            "roe_4q": -22.62,
            "gross_profit": -10176,
            "gross_margin": -30.49,
            "gross_margin_4q_avg": -5.68,
            "net_income": -20836,
            "net_income_4q": null,
            "revenue": 33370,
            "revenue_4q": null,
            "common_shares": 613888,
            "book_valuer_per_share": 5.58,
            "book_valuer_per_share_4q_avg": 5.37,
            "equity": 342512,
            "current_ratio": 109.68,
            "debt_ratio": 45.09,
            "inventory_turnover_ratio": 0.38,
            "account_receivable_turnover_ratio": null,
            "reinvestment_rate": null,
            "research_to_sale_ratio": null,
            "price_fair": 45.5,
            "eps_avg_yearly": 1.3,
            "eps_latest_yearly": 0.6,
            "eps_growth_yearly": 4660
        },
        "20083": {
            "year_quarter": 20083,
            "year": 2008,
            "quarter": 3,
            "eps": -0.55,
            "eps_growth_year": null,
            "eps_4q": -1.54,
            "eps_4q_growth_year": null,
            "roe": -10.39,
            "roe_4q": -26.759999999999998,
            "gross_profit": 4491,
            "gross_margin": 5.81,
            "gross_margin_4q_avg": -3.54,
            "net_income": -33819,
            "net_income_4q": null,
            "revenue": 77345,
            "revenue_4q": null,
            "common_shares": 613888,
            "book_valuer_per_share": 5.03,
            "book_valuer_per_share_4q_avg": 5.23,
            "equity": 308693,
            "current_ratio": 107.62,
            "debt_ratio": 44.76,
            "inventory_turnover_ratio": 0.64,
            "account_receivable_turnover_ratio": null,
            "reinvestment_rate": null,
            "research_to_sale_ratio": null,
            "price_fair": 45.5,
            "eps_avg_yearly": 1.3,
            "eps_latest_yearly": 0.6,
            "eps_growth_yearly": 4660
        },
        "20084": {
            "year_quarter": 20084,
            "year": 2008,
            "quarter": 4,
            "eps": -0.42,
            "eps_growth_year": null,
            "eps_4q": -1.58,
            "eps_4q_growth_year": null,
            "roe": -8.63,
            "roe_4q": -29.44,
            "gross_profit": -4566,
            "gross_margin": -12.05,
            "gross_margin_4q_avg": -10.72,
            "net_income": -25545,
            "net_income_4q": null,
            "revenue": 37891,
            "revenue_4q": null,
            "common_shares": 613888,
            "book_valuer_per_share": 4.61,
            "book_valuer_per_share_4q_avg": 5.06,
            "equity": 283148,
            "current_ratio": 100.02,
            "debt_ratio": 47.81,
            "inventory_turnover_ratio": 0.45,
            "account_receivable_turnover_ratio": 2.18,
            "reinvestment_rate": null,
            "research_to_sale_ratio": null,
            "price_fair": 45.5,
            "eps_avg_yearly": 1.3,
            "eps_latest_yearly": 0.6,
            "eps_growth_yearly": 4660
        },
        "20091": {
            "year_quarter": 20091,
            "year": 2009,
            "quarter": 1,
            "eps": -0.08,
            "eps_growth_year": null,
            "eps_4q": -1.53,
            "eps_4q_growth_year": null,
            "roe": -1.63,
            "roe_4q": -26.550000000000004,
            "gross_profit": 7515,
            "gross_margin": 19.72,
            "gross_margin_4q_avg": -4.25,
            "net_income": -4575,
            "net_income_4q": null,
            "revenue": 38115,
            "revenue_4q": null,
            "common_shares": 552500,
            "book_valuer_per_share": 5.04,
            "book_valuer_per_share_4q_avg": 5.07,
            "equity": 278574,
            "current_ratio": 99.46,
            "debt_ratio": 47.97,
            "inventory_turnover_ratio": 0.34,
            "account_receivable_turnover_ratio": 1.03,
            "reinvestment_rate": null,
            "research_to_sale_ratio": null,
            "price_fair": 45.5,
            "eps_avg_yearly": 1.3,
            "eps_latest_yearly": 0.6,
            "eps_growth_yearly": 4660
        },
        "20092": {
            "year_quarter": 20092,
            "year": 2009,
            "quarter": 2,
            "eps": -0.69,
            "eps_growth_year": null,
            "eps_4q": -2.43,
            "eps_4q_growth_year": null,
            "roe": -9.54,
            "roe_4q": -30.189999999999998,
            "gross_profit": -4535,
            "gross_margin": -20.69,
            "gross_margin_4q_avg": -1.8,
            "net_income": -25354,
            "net_income_4q": null,
            "revenue": 21922,
            "revenue_4q": null,
            "common_shares": 367633,
            "book_valuer_per_share": 6.89,
            "book_valuer_per_share_4q_avg": 5.39,
            "equity": 253219,
            "current_ratio": 97.03,
            "debt_ratio": 50.27,
            "inventory_turnover_ratio": 0.3,
            "account_receivable_turnover_ratio": 0.66,
            "reinvestment_rate": null,
            "research_to_sale_ratio": null,
            "price_fair": 1.8,
            "eps_avg_yearly": 0.6,
            "eps_latest_yearly": 0.6,
            "eps_growth_yearly": -280
        },
        "20093": {
            "year_quarter": 20093,
            "year": 2009,
            "quarter": 3,
            "eps": -0.05,
            "eps_growth_year": null,
            "eps_4q": -1.56,
            "eps_4q_growth_year": null,
            "roe": -0.76,
            "roe_4q": -20.560000000000002,
            "gross_profit": 9158,
            "gross_margin": 19.63,
            "gross_margin_4q_avg": 1.65,
            "net_income": -1925,
            "net_income_4q": null,
            "revenue": 46646,
            "revenue_4q": null,
            "common_shares": 367633,
            "book_valuer_per_share": 6.84,
            "book_valuer_per_share_4q_avg": 5.85,
            "equity": 251294,
            "current_ratio": 96.35,
            "debt_ratio": 51.46,
            "inventory_turnover_ratio": 0.41,
            "account_receivable_turnover_ratio": 1.38,
            "reinvestment_rate": null,
            "research_to_sale_ratio": null,
            "price_fair": 0,
            "eps_avg_yearly": 0,
            "eps_latest_yearly": 0,
            "eps_growth_yearly": 0
        },
        "20094": {
            "year_quarter": 20094,
            "year": 2009,
            "quarter": 4,
            "eps": 0.55,
            "eps_growth_year": null,
            "eps_4q": -0.32,
            "eps_4q_growth_year": null,
            "roe": 7.71,
            "roe_4q": -4.219999999999999,
            "gross_profit": 33669,
            "gross_margin": 40.51,
            "gross_margin_4q_avg": 14.79,
            "net_income": 20148,
            "net_income_4q": null,
            "revenue": 83103,
            "revenue_4q": null,
            "common_shares": 367633,
            "book_valuer_per_share": 7.38,
            "book_valuer_per_share_4q_avg": 6.54,
            "equity": 271442,
            "current_ratio": 110.67,
            "debt_ratio": 48.82,
            "inventory_turnover_ratio": 0.56,
            "account_receivable_turnover_ratio": 2.25,
            "reinvestment_rate": null,
            "research_to_sale_ratio": null,
            "price_fair": 0,
            "eps_avg_yearly": 0,
            "eps_latest_yearly": 0,
            "eps_growth_yearly": 0
        },
        "20101": {
            "year_quarter": 20101,
            "year": 2010,
            "quarter": 1,
            "eps": 0,
            "eps_growth_year": null,
            "eps_4q": -0.2,
            "eps_4q_growth_year": null,
            "roe": -0.06,
            "roe_4q": -2.6499999999999986,
            "gross_profit": 14169,
            "gross_margin": 21.69,
            "gross_margin_4q_avg": 15.29,
            "net_income": -155,
            "net_income_4q": null,
            "revenue": 65319,
            "revenue_4q": null,
            "common_shares": 367633,
            "book_valuer_per_share": 7.38,
            "book_valuer_per_share_4q_avg": 7.12,
            "equity": 271287,
            "current_ratio": 111.47,
            "debt_ratio": 45.12,
            "inventory_turnover_ratio": 0.67,
            "account_receivable_turnover_ratio": 1.11,
            "reinvestment_rate": null,
            "research_to_sale_ratio": 5.32,
            "price_fair": 0,
            "eps_avg_yearly": 0,
            "eps_latest_yearly": 0,
            "eps_growth_yearly": 0
        },
        "20102": {
            "year_quarter": 20102,
            "year": 2010,
            "quarter": 2,
            "eps": -0.49,
            "eps_growth_year": null,
            "eps_4q": -0,
            "eps_4q_growth_year": null,
            "roe": -6.93,
            "roe_4q": -0.03999999999999937,
            "gross_profit": 3650,
            "gross_margin": 6.98,
            "gross_margin_4q_avg": 22.2,
            "net_income": -18163,
            "net_income_4q": null,
            "revenue": 52277,
            "revenue_4q": null,
            "common_shares": 367633,
            "book_valuer_per_share": 6.89,
            "book_valuer_per_share_4q_avg": 7.12,
            "equity": 253124,
            "current_ratio": 100.37,
            "debt_ratio": 47.91,
            "inventory_turnover_ratio": 0.67,
            "account_receivable_turnover_ratio": 1.19,
            "reinvestment_rate": null,
            "research_to_sale_ratio": 5.18,
            "price_fair": 0,
            "eps_avg_yearly": 0,
            "eps_latest_yearly": 0,
            "eps_growth_yearly": 0
        },
        "20103": {
            "year_quarter": 20103,
            "year": 2010,
            "quarter": 3,
            "eps": -0.07,
            "eps_growth_year": null,
            "eps_4q": -0.02,
            "eps_4q_growth_year": null,
            "roe": -1.07,
            "roe_4q": -0.35000000000000053,
            "gross_profit": 8110,
            "gross_margin": 14.58,
            "gross_margin_4q_avg": 20.94,
            "net_income": -2694,
            "net_income_4q": null,
            "revenue": 55630,
            "revenue_4q": null,
            "common_shares": 367633,
            "book_valuer_per_share": 6.81,
            "book_valuer_per_share_4q_avg": 7.12,
            "equity": 250430,
            "current_ratio": 88.83,
            "debt_ratio": 48.48,
            "inventory_turnover_ratio": 0.61,
            "account_receivable_turnover_ratio": 1.3,
            "reinvestment_rate": null,
            "research_to_sale_ratio": 5.04,
            "price_fair": 0,
            "eps_avg_yearly": 0,
            "eps_latest_yearly": 0,
            "eps_growth_yearly": 0
        },
        "20104": {
            "year_quarter": 20104,
            "year": 2010,
            "quarter": 4,
            "eps": -0.1,
            "eps_growth_year": -118.93,
            "eps_4q": -0.68,
            "eps_4q_growth_year": null,
            "roe": -1.54,
            "roe_4q": -9.6,
            "gross_profit": 8561,
            "gross_margin": 11.12,
            "gross_margin_4q_avg": 13.59,
            "net_income": -3828,
            "net_income_4q": null,
            "revenue": 76961,
            "revenue_4q": null,
            "common_shares": 367633,
            "book_valuer_per_share": 6.71,
            "book_valuer_per_share_4q_avg": 6.95,
            "equity": 246602,
            "current_ratio": 86.64,
            "debt_ratio": 50.82,
            "inventory_turnover_ratio": 0.9,
            "account_receivable_turnover_ratio": 1.58,
            "reinvestment_rate": null,
            "research_to_sale_ratio": 3.48,
            "price_fair": 0,
            "eps_avg_yearly": 0,
            "eps_latest_yearly": 0,
            "eps_growth_yearly": 0
        },
        "20111": {
            "year_quarter": 20111,
            "year": 2011,
            "quarter": 1,
            "eps": 0.11,
            "eps_growth_year": null,
            "eps_4q": -0.57,
            "eps_4q_growth_year": null,
            "roe": 1.56,
            "roe_4q": -7.9799999999999995,
            "gross_profit": 16698,
            "gross_margin": 21.05,
            "gross_margin_4q_avg": 13.43,
            "net_income": 3882,
            "net_income_4q": null,
            "revenue": 79312,
            "revenue_4q": null,
            "common_shares": 367633,
            "book_valuer_per_share": 6.81,
            "book_valuer_per_share_4q_avg": 6.81,
            "equity": 250484,
            "current_ratio": 88.65,
            "debt_ratio": 50.42,
            "inventory_turnover_ratio": 0.8,
            "account_receivable_turnover_ratio": 1.4,
            "reinvestment_rate": null,
            "research_to_sale_ratio": 4.19,
            "price_fair": 0,
            "eps_avg_yearly": 0,
            "eps_latest_yearly": 0,
            "eps_growth_yearly": 0
        },
        "20112": {
            "year_quarter": 20112,
            "year": 2011,
            "quarter": 2,
            "eps": 0.43,
            "eps_growth_year": null,
            "eps_4q": 0.36,
            "eps_4q_growth_year": null,
            "roe": 6.14,
            "roe_4q": 5.089999999999999,
            "gross_profit": 34930,
            "gross_margin": 31.82,
            "gross_margin_4q_avg": 19.64,
            "net_income": 15863,
            "net_income_4q": null,
            "revenue": 109757,
            "revenue_4q": null,
            "common_shares": 367633,
            "book_valuer_per_share": 7.24,
            "book_valuer_per_share_4q_avg": 6.89,
            "equity": 266347,
            "current_ratio": 100.15,
            "debt_ratio": 47,
            "inventory_turnover_ratio": 0.98,
            "account_receivable_turnover_ratio": 1.56,
            "reinvestment_rate": null,
            "research_to_sale_ratio": 2.43,
            "price_fair": 60.2,
            "eps_avg_yearly": 1.72,
            "eps_latest_yearly": 1.72,
            "eps_growth_yearly": 1163.64
        },
        "20113": {
            "year_quarter": 20113,
            "year": 2011,
            "quarter": 3,
            "eps": 0.06,
            "eps_growth_year": null,
            "eps_4q": 0.49,
            "eps_4q_growth_year": null,
            "roe": 0.77,
            "roe_4q": 6.930000000000001,
            "gross_profit": 11465,
            "gross_margin": 15.95,
            "gross_margin_4q_avg": 19.99,
            "net_income": 2055,
            "net_income_4q": null,
            "revenue": 71871,
            "revenue_4q": null,
            "common_shares": 367633,
            "book_valuer_per_share": 7.3,
            "book_valuer_per_share_4q_avg": 7.02,
            "equity": 268402,
            "current_ratio": 99.7,
            "debt_ratio": 39.87,
            "inventory_turnover_ratio": 1.13,
            "account_receivable_turnover_ratio": 1.06,
            "reinvestment_rate": null,
            "research_to_sale_ratio": 4.79,
            "price_fair": 34.3,
            "eps_avg_yearly": 0.98,
            "eps_latest_yearly": 0.24,
            "eps_growth_yearly": 409.73
        },
        "20114": {
            "year_quarter": 20114,
            "year": 2011,
            "quarter": 4,
            "eps": -0.31,
            "eps_growth_year": null,
            "eps_4q": 0.28,
            "eps_4q_growth_year": null,
            "roe": -4.38,
            "roe_4q": 4.09,
            "gross_profit": 4153,
            "gross_margin": 15.93,
            "gross_margin_4q_avg": 21.19,
            "net_income": -11449,
            "net_income_4q": null,
            "revenue": 26077,
            "revenue_4q": null,
            "common_shares": 367633,
            "book_valuer_per_share": 6.93,
            "book_valuer_per_share_4q_avg": 7.07,
            "equity": 254650,
            "current_ratio": 93.83,
            "debt_ratio": 38.49,
            "inventory_turnover_ratio": 0.53,
            "account_receivable_turnover_ratio": 0.83,
            "reinvestment_rate": null,
            "research_to_sale_ratio": 14.43,
            "price_fair": 34.3,
            "eps_avg_yearly": 0.98,
            "eps_latest_yearly": 0.24,
            "eps_growth_yearly": 409.73
        },
        "20121": {
            "year_quarter": 20121,
            "year": 2012,
            "quarter": 1,
            "eps": -0.34,
            "eps_growth_year": -409.09,
            "eps_4q": -0.16,
            "eps_4q_growth_year": null,
            "roe": -4.98,
            "roe_4q": -2.45,
            "gross_profit": -4472,
            "gross_margin": -20.33,
            "gross_margin_4q_avg": 10.84,
            "net_income": -12376,
            "net_income_4q": null,
            "revenue": 21999,
            "revenue_4q": null,
            "common_shares": 367633,
            "book_valuer_per_share": 6.59,
            "book_valuer_per_share_4q_avg": 7.02,
            "equity": 242275,
            "current_ratio": 84.48,
            "debt_ratio": 42.02,
            "inventory_turnover_ratio": 0.52,
            "account_receivable_turnover_ratio": 1.69,
            "reinvestment_rate": null,
            "research_to_sale_ratio": 19.65,
            "price_fair": 34.3,
            "eps_avg_yearly": 0.98,
            "eps_latest_yearly": 0.24,
            "eps_growth_yearly": 409.73
        },
        "20122": {
            "year_quarter": 20122,
            "year": 2012,
            "quarter": 2,
            "eps": -0.1,
            "eps_growth_year": -122.36,
            "eps_4q": -0.69,
            "eps_4q_growth_year": -291.46,
            "roe": -1.47,
            "roe_4q": -10.06,
            "gross_profit": 9124,
            "gross_margin": 18,
            "gross_margin_4q_avg": 7.39,
            "net_income": -3547,
            "net_income_4q": null,
            "revenue": 50689,
            "revenue_4q": null,
            "common_shares": 367633,
            "book_valuer_per_share": 6.49,
            "book_valuer_per_share_4q_avg": 6.83,
            "equity": 238727,
            "current_ratio": 83.44,
            "debt_ratio": 42.67,
            "inventory_turnover_ratio": 0.81,
            "account_receivable_turnover_ratio": 3.16,
            "reinvestment_rate": null,
            "research_to_sale_ratio": 9.27,
            "price_fair": 34.3,
            "eps_avg_yearly": 0.98,
            "eps_latest_yearly": 0.24,
            "eps_growth_yearly": 409.73
        },
        "20123": {
            "year_quarter": 20123,
            "year": 2012,
            "quarter": 3,
            "eps": -0.23,
            "eps_growth_year": -508.86,
            "eps_4q": -0.97,
            "eps_4q_growth_year": -299.05,
            "roe": -3.58,
            "roe_4q": -14.41,
            "gross_profit": 3076,
            "gross_margin": 9.07,
            "gross_margin_4q_avg": 5.67,
            "net_income": -8402,
            "net_income_4q": null,
            "revenue": 33921,
            "revenue_4q": null,
            "common_shares": 367633,
            "book_valuer_per_share": 6.27,
            "book_valuer_per_share_4q_avg": 6.57,
            "equity": 230326,
            "current_ratio": 77.02,
            "debt_ratio": 43.52,
            "inventory_turnover_ratio": 0.67,
            "account_receivable_turnover_ratio": 1.84,
            "reinvestment_rate": null,
            "research_to_sale_ratio": 13.64,
            "price_fair": 34.3,
            "eps_avg_yearly": 0.98,
            "eps_latest_yearly": 0.24,
            "eps_growth_yearly": 409.73
        },
        "20124": {
            "year_quarter": 20124,
            "year": 2012,
            "quarter": 4,
            "eps": 0.6,
            "eps_growth_year": null,
            "eps_4q": -0.06,
            "eps_4q_growth_year": -121.69,
            "roe": 9.06,
            "roe_4q": -0.9699999999999998,
            "gross_profit": 13068,
            "gross_margin": 24.84,
            "gross_margin_4q_avg": 7.9,
            "net_income": 22080,
            "net_income_4q": null,
            "revenue": 52609,
            "revenue_4q": null,
            "common_shares": 367633,
            "book_valuer_per_share": 6.99,
            "book_valuer_per_share_4q_avg": 6.59,
            "equity": 256833,
            "current_ratio": 91.9,
            "debt_ratio": 40.65,
            "inventory_turnover_ratio": 0.93,
            "account_receivable_turnover_ratio": 1.61,
            "reinvestment_rate": null,
            "research_to_sale_ratio": 6.42,
            "price_fair": 34.3,
            "eps_avg_yearly": 0.98,
            "eps_latest_yearly": 0.24,
            "eps_growth_yearly": 409.73
        },
        "20131": {
            "year_quarter": 20131,
            "year": 2013,
            "quarter": 1,
            "eps": -0.22,
            "eps_growth_year": null,
            "eps_4q": 0.05,
            "eps_4q_growth_year": null,
            "roe": -3.32,
            "roe_4q": 0.6900000000000002,
            "gross_profit": 874,
            "gross_margin": 3.57,
            "gross_margin_4q_avg": 13.87,
            "net_income": -8138,
            "net_income_4q": null,
            "revenue": 24507,
            "revenue_4q": null,
            "common_shares": 367633,
            "book_valuer_per_share": 6.37,
            "book_valuer_per_share_4q_avg": 6.53,
            "equity": 234058,
            "current_ratio": 84.57,
            "debt_ratio": 43.38,
            "inventory_turnover_ratio": 0.57,
            "account_receivable_turnover_ratio": 0.66,
            "reinvestment_rate": null,
            "research_to_sale_ratio": 15.51,
            "price_fair": 34.3,
            "eps_avg_yearly": 0.98,
            "eps_latest_yearly": 0.24,
            "eps_growth_yearly": 409.73
        },
        "20132": {
            "year_quarter": 20132,
            "year": 2013,
            "quarter": 2,
            "eps": 0.04,
            "eps_growth_year": null,
            "eps_4q": 0.19,
            "eps_4q_growth_year": null,
            "roe": 0.56,
            "roe_4q": 2.7200000000000006,
            "gross_profit": -1382,
            "gross_margin": -5.05,
            "gross_margin_4q_avg": 8.11,
            "net_income": 1320,
            "net_income_4q": null,
            "revenue": 27375,
            "revenue_4q": null,
            "common_shares": 367633,
            "book_valuer_per_share": 6.4,
            "book_valuer_per_share_4q_avg": 6.51,
            "equity": 235378,
            "current_ratio": 149.42,
            "debt_ratio": 42.67,
            "inventory_turnover_ratio": 0.62,
            "account_receivable_turnover_ratio": 1.02,
            "reinvestment_rate": null,
            "research_to_sale_ratio": 13.86,
            "price_fair": 34.3,
            "eps_avg_yearly": 0.98,
            "eps_latest_yearly": 0.24,
            "eps_growth_yearly": 409.73
        },
        "20133": {
            "year_quarter": 20133,
            "year": 2013,
            "quarter": 3,
            "eps": -0.14,
            "eps_growth_year": null,
            "eps_4q": 0.27,
            "eps_4q_growth_year": null,
            "roe": -2.22,
            "roe_4q": 4.08,
            "gross_profit": 1906,
            "gross_margin": 5.88,
            "gross_margin_4q_avg": 7.31,
            "net_income": -5167,
            "net_income_4q": null,
            "revenue": 32398,
            "revenue_4q": null,
            "common_shares": 367633,
            "book_valuer_per_share": 6.26,
            "book_valuer_per_share_4q_avg": 6.51,
            "equity": 230212,
            "current_ratio": 215.63,
            "debt_ratio": 32.45,
            "inventory_turnover_ratio": 0.66,
            "account_receivable_turnover_ratio": 1.34,
            "reinvestment_rate": null,
            "research_to_sale_ratio": 12.78,
            "price_fair": 34.3,
            "eps_avg_yearly": 0.98,
            "eps_latest_yearly": 0.24,
            "eps_growth_yearly": 409.73
        },
        "20134": {
            "year_quarter": 20134,
            "year": 2013,
            "quarter": 4,
            "eps": -0.31,
            "eps_growth_year": -151.95,
            "eps_4q": -0.64,
            "eps_4q_growth_year": null,
            "roe": -5.14,
            "roe_4q": -10.12,
            "gross_profit": 3648,
            "gross_margin": 14.33,
            "gross_margin_4q_avg": 4.68,
            "net_income": -11470,
            "net_income_4q": null,
            "revenue": 25462,
            "revenue_4q": null,
            "common_shares": 367633,
            "book_valuer_per_share": 5.88,
            "book_valuer_per_share_4q_avg": 6.23,
            "equity": 216115,
            "current_ratio": 175.17,
            "debt_ratio": 36.18,
            "inventory_turnover_ratio": 0.44,
            "account_receivable_turnover_ratio": 1.52,
            "reinvestment_rate": null,
            "research_to_sale_ratio": 18.33,
            "price_fair": 34.3,
            "eps_avg_yearly": 0.98,
            "eps_latest_yearly": 0.24,
            "eps_growth_yearly": 409.73
        },
        "20141": {
            "year_quarter": 20141,
            "year": 2014,
            "quarter": 1,
            "eps": -0.23,
            "eps_growth_year": null,
            "eps_4q": -0.65,
            "eps_4q_growth_year": -1296.83,
            "roe": -4.03,
            "roe_4q": -10.83,
            "gross_profit": 3300,
            "gross_margin": 8.93,
            "gross_margin_4q_avg": 6.02,
            "net_income": -8536,
            "net_income_4q": null,
            "revenue": 36966,
            "revenue_4q": null,
            "common_shares": 367633,
            "book_valuer_per_share": 5.65,
            "book_valuer_per_share_4q_avg": 6.05,
            "equity": 207592,
            "current_ratio": 133.96,
            "debt_ratio": 43.08,
            "inventory_turnover_ratio": 0.58,
            "account_receivable_turnover_ratio": 1.6,
            "reinvestment_rate": null,
            "research_to_sale_ratio": 13.07,
            "price_fair": 34.3,
            "eps_avg_yearly": 0.98,
            "eps_latest_yearly": 0.24,
            "eps_growth_yearly": 409.73
        },
        "20142": {
            "year_quarter": 20142,
            "year": 2014,
            "quarter": 2,
            "eps": -0.11,
            "eps_growth_year": -375,
            "eps_4q": -0.79,
            "eps_4q_growth_year": -524.56,
            "roe": -1.92,
            "roe_4q": -13.31,
            "gross_profit": 8599,
            "gross_margin": 16.75,
            "gross_margin_4q_avg": 11.47,
            "net_income": -3952,
            "net_income_4q": null,
            "revenue": 51347,
            "revenue_4q": null,
            "common_shares": 367633,
            "book_valuer_per_share": 5.54,
            "book_valuer_per_share_4q_avg": 5.83,
            "equity": 203498,
            "current_ratio": 126.08,
            "debt_ratio": 46.56,
            "inventory_turnover_ratio": 0.73,
            "account_receivable_turnover_ratio": 1.06,
            "reinvestment_rate": null,
            "research_to_sale_ratio": 9.96,
            "price_fair": 34.3,
            "eps_avg_yearly": 0.98,
            "eps_latest_yearly": 0.24,
            "eps_growth_yearly": 409.73
        },
        "20143": {
            "year_quarter": 20143,
            "year": 2014,
            "quarter": 3,
            "eps": -0.11,
            "eps_growth_year": null,
            "eps_4q": -0.77,
            "eps_4q_growth_year": -379.24,
            "roe": -2.1,
            "roe_4q": -13.190000000000001,
            "gross_profit": 8195,
            "gross_margin": 17.68,
            "gross_margin_4q_avg": 14.42,
            "net_income": -4231,
            "net_income_4q": null,
            "revenue": 46355,
            "revenue_4q": null,
            "common_shares": 367633,
            "book_valuer_per_share": 5.42,
            "book_valuer_per_share_4q_avg": 5.62,
            "equity": 199410,
            "current_ratio": 135.05,
            "debt_ratio": 41.66,
            "inventory_turnover_ratio": 0.66,
            "account_receivable_turnover_ratio": 1.06,
            "reinvestment_rate": null,
            "research_to_sale_ratio": 8.73,
            "price_fair": 34.3,
            "eps_avg_yearly": 0.98,
            "eps_latest_yearly": 0.24,
            "eps_growth_yearly": 409.73
        },
        "20144": {
            "year_quarter": 20144,
            "year": 2014,
            "quarter": 4,
            "eps": -0.16,
            "eps_growth_year": null,
            "eps_4q": -0.62,
            "eps_4q_growth_year": null,
            "roe": -3.04,
            "roe_4q": -11.09,
            "gross_profit": 4452,
            "gross_margin": 9.52,
            "gross_margin_4q_avg": 13.22,
            "net_income": -5966,
            "net_income_4q": null,
            "revenue": 46780,
            "revenue_4q": null,
            "common_shares": 367633,
            "book_valuer_per_share": 5.27,
            "book_valuer_per_share_4q_avg": 5.47,
            "equity": 193625,
            "current_ratio": 116.9,
            "debt_ratio": 50.71,
            "inventory_turnover_ratio": 0.74,
            "account_receivable_turnover_ratio": 1.43,
            "reinvestment_rate": null,
            "research_to_sale_ratio": 5.52,
            "price_fair": 34.3,
            "eps_avg_yearly": 0.98,
            "eps_latest_yearly": 0.24,
            "eps_growth_yearly": 409.73
        },
        "20151": {
            "year_quarter": 20151,
            "year": 2015,
            "quarter": 1,
            "eps": -0.03,
            "eps_growth_year": null,
            "eps_4q": -0.41,
            "eps_4q_growth_year": null,
            "roe": -0.57,
            "roe_4q": -7.63,
            "gross_profit": 13884,
            "gross_margin": 24.73,
            "gross_margin_4q_avg": 17.17,
            "net_income": -1092,
            "net_income_4q": null,
            "revenue": 56148,
            "revenue_4q": null,
            "common_shares": 367633,
            "book_valuer_per_share": 5.23,
            "book_valuer_per_share_4q_avg": 5.37,
            "equity": 192383,
            "current_ratio": 117.31,
            "debt_ratio": 51.32,
            "inventory_turnover_ratio": 0.71,
            "account_receivable_turnover_ratio": 1.25,
            "reinvestment_rate": null,
            "research_to_sale_ratio": 9.57,
            "price_fair": 34.3,
            "eps_avg_yearly": 0.98,
            "eps_latest_yearly": 0.24,
            "eps_growth_yearly": 409.73
        },
        "20152": {
            "year_quarter": 20152,
            "year": 2015,
            "quarter": 2,
            "eps": 0.03,
            "eps_growth_year": null,
            "eps_4q": -0.27,
            "eps_4q_growth_year": null,
            "roe": 0.61,
            "roe_4q": -5.1,
            "gross_profit": 13815,
            "gross_margin": 26.36,
            "gross_margin_4q_avg": 19.57,
            "net_income": 1183,
            "net_income_4q": null,
            "revenue": 52405,
            "revenue_4q": null,
            "common_shares": 367633,
            "book_valuer_per_share": 5.26,
            "book_valuer_per_share_4q_avg": 5.3,
            "equity": 193357,
            "current_ratio": 118.51,
            "debt_ratio": 51.41,
            "inventory_turnover_ratio": 0.62,
            "account_receivable_turnover_ratio": 0.93,
            "reinvestment_rate": null,
            "research_to_sale_ratio": 4.72,
            "price_fair": 0.72,
            "eps_avg_yearly": 0.24,
            "eps_latest_yearly": 0.24,
            "eps_growth_yearly": -344.19
        },
        "20153": {
            "year_quarter": 20153,
            "year": 2015,
            "quarter": 3,
            "eps": 0.04,
            "eps_growth_year": null,
            "eps_4q": -0.1,
            "eps_4q_growth_year": null,
            "roe": 0.75,
            "roe_4q": -2.25,
            "gross_profit": 14414,
            "gross_margin": 43.31,
            "gross_margin_4q_avg": 25.98,
            "net_income": 1614,
            "net_income_4q": null,
            "revenue": 33278,
            "revenue_4q": null,
            "common_shares": 407633,
            "book_valuer_per_share": 5.86,
            "book_valuer_per_share_4q_avg": 5.41,
            "equity": 238844,
            "current_ratio": 188.62,
            "debt_ratio": 36.57,
            "inventory_turnover_ratio": 0.29,
            "account_receivable_turnover_ratio": 0.7,
            "reinvestment_rate": null,
            "research_to_sale_ratio": 12.71,
            "price_fair": 5.6,
            "eps_avg_yearly": 0.16,
            "eps_latest_yearly": 0.16,
            "eps_growth_yearly": 133.33
        },
        "20154": {
            "year_quarter": 20154,
            "year": 2015,
            "quarter": 4,
            "eps": -0.11,
            "eps_growth_year": null,
            "eps_4q": -0.06,
            "eps_4q_growth_year": null,
            "roe": -1.81,
            "roe_4q": -1.02,
            "gross_profit": 9466,
            "gross_margin": 13.91,
            "gross_margin_4q_avg": 27.08,
            "net_income": -4347,
            "net_income_4q": null,
            "revenue": 68070,
            "revenue_4q": null,
            "common_shares": 407633,
            "book_valuer_per_share": 5.91,
            "book_valuer_per_share_4q_avg": 5.57,
            "equity": 240933,
            "current_ratio": 167.48,
            "debt_ratio": 38.88,
            "inventory_turnover_ratio": 0.93,
            "account_receivable_turnover_ratio": 1.35,
            "reinvestment_rate": null,
            "research_to_sale_ratio": 4.71,
            "price_fair": 5.6,
            "eps_avg_yearly": 0.16,
            "eps_latest_yearly": 0.16,
            "eps_growth_yearly": 133.33
        },
        "20161": {
            "year_quarter": 20161,
            "year": 2016,
            "quarter": 1,
            "eps": 0.16,
            "eps_growth_year": null,
            "eps_4q": 0.12,
            "eps_4q_growth_year": null,
            "roe": 2.7,
            "roe_4q": 2.25,
            "gross_profit": 15352,
            "gross_margin": 29.63,
            "gross_margin_4q_avg": 28.3,
            "net_income": 6603,
            "net_income_4q": null,
            "revenue": 51817,
            "revenue_4q": null,
            "common_shares": 407633,
            "book_valuer_per_share": 6.07,
            "book_valuer_per_share_4q_avg": 5.78,
            "equity": 247490,
            "current_ratio": 174.66,
            "debt_ratio": 37.83,
            "inventory_turnover_ratio": 0.59,
            "account_receivable_turnover_ratio": 0.77,
            "reinvestment_rate": null,
            "research_to_sale_ratio": 5.02,
            "price_fair": 5.6,
            "eps_avg_yearly": 0.16,
            "eps_latest_yearly": 0.16,
            "eps_growth_yearly": 133.33
        },
        "20162": {
            "year_quarter": 20162,
            "year": 2016,
            "quarter": 2,
            "eps": 0.18,
            "eps_growth_year": 500,
            "eps_4q": 0.23,
            "eps_4q_growth_year": null,
            "roe": 2.24,
            "roe_4q": 3.8800000000000003,
            "gross_profit": 14033,
            "gross_margin": 20.51,
            "gross_margin_4q_avg": 26.84,
            "net_income": 5616,
            "net_income_4q": null,
            "revenue": 68413,
            "revenue_4q": null,
            "common_shares": 407633,
            "book_valuer_per_share": 6.21,
            "book_valuer_per_share_4q_avg": 6.01,
            "equity": 253010,
            "current_ratio": 181.36,
            "debt_ratio": 36.48,
            "inventory_turnover_ratio": 0.81,
            "account_receivable_turnover_ratio": 0.94,
            "reinvestment_rate": null,
            "research_to_sale_ratio": 4.08,
            "price_fair": 15.4,
            "eps_avg_yearly": 0.44,
            "eps_latest_yearly": 0.72,
            "eps_growth_yearly": 91.67
        },
        "20163": {
            "year_quarter": 20163,
            "year": 2016,
            "quarter": 3,
            "eps": 0,
            "eps_growth_year": -100,
            "eps_4q": 0.26,
            "eps_4q_growth_year": null,
            "roe": 0.06,
            "roe_4q": 3.19,
            "gross_profit": 9464,
            "gross_margin": 13.76,
            "gross_margin_4q_avg": 19.45,
            "net_income": 159,
            "net_income_4q": null,
            "revenue": 68789,
            "revenue_4q": null,
            "common_shares": 307633,
            "book_valuer_per_share": 8.22,
            "book_valuer_per_share_4q_avg": 6.6,
            "equity": 252969,
            "current_ratio": 191.25,
            "debt_ratio": 35.13,
            "inventory_turnover_ratio": 0.82,
            "account_receivable_turnover_ratio": 1.03,
            "reinvestment_rate": null,
            "research_to_sale_ratio": 3.09,
            "price_fair": 15.4,
            "eps_avg_yearly": 0.44,
            "eps_latest_yearly": 0.72,
            "eps_growth_yearly": 91.67
        },
        "20164": {
            "year_quarter": 20164,
            "year": 2016,
            "quarter": 4,
            "eps": 0.03,
            "eps_growth_year": null,
            "eps_4q": 0.43,
            "eps_4q_growth_year": null,
            "roe": 0.3,
            "roe_4q": 5.300000000000001,
            "gross_profit": 12563,
            "gross_margin": 19.9,
            "gross_margin_4q_avg": 20.95,
            "net_income": 771,
            "net_income_4q": null,
            "revenue": 63141,
            "revenue_4q": null,
            "common_shares": 307633,
            "book_valuer_per_share": 8.25,
            "book_valuer_per_share_4q_avg": 7.19,
            "equity": 253656,
            "current_ratio": 189.2,
            "debt_ratio": 35.28,
            "inventory_turnover_ratio": 0.65,
            "account_receivable_turnover_ratio": 1.04,
            "reinvestment_rate": null,
            "research_to_sale_ratio": 3.62,
            "price_fair": 15.4,
            "eps_avg_yearly": 0.44,
            "eps_latest_yearly": 0.72,
            "eps_growth_yearly": 91.67
        },
        "20171": {
            "year_quarter": 20171,
            "year": 2017,
            "quarter": 1,
            "eps": 0.31,
            "eps_growth_year": 93.75,
            "eps_4q": 0.41,
            "eps_4q_growth_year": 228.6,
            "roe": 2.78,
            "roe_4q": 5.38,
            "gross_profit": 23258,
            "gross_margin": 28.03,
            "gross_margin_4q_avg": 20.55,
            "net_income": 9447,
            "net_income_4q": null,
            "revenue": 82978,
            "revenue_4q": null,
            "common_shares": 392633,
            "book_valuer_per_share": 10.85,
            "book_valuer_per_share_4q_avg": 8.38,
            "equity": 426174,
            "current_ratio": 363.77,
            "debt_ratio": 22.09,
            "inventory_turnover_ratio": 0.66,
            "account_receivable_turnover_ratio": 1.14,
            "reinvestment_rate": null,
            "research_to_sale_ratio": 1.05,
            "price_fair": 24.73,
            "eps_avg_yearly": 0.71,
            "eps_latest_yearly": 1.24,
            "eps_growth_yearly": 1305.56
        },
        "20172": {
            "year_quarter": 20172,
            "year": 2017,
            "quarter": 2,
            "eps": 0.34,
            "eps_growth_year": 88.89,
            "eps_4q": 0.61,
            "eps_4q_growth_year": 161.42,
            "roe": 3.12,
            "roe_4q": 6.26,
            "gross_profit": 23168,
            "gross_margin": 24.19,
            "gross_margin_4q_avg": 21.47,
            "net_income": 13509,
            "net_income_4q": null,
            "revenue": 95768,
            "revenue_4q": null,
            "common_shares": 392633,
            "book_valuer_per_share": 11.21,
            "book_valuer_per_share_4q_avg": 9.63,
            "equity": 439957,
            "current_ratio": 648.21,
            "debt_ratio": 14.96,
            "inventory_turnover_ratio": 0.75,
            "account_receivable_turnover_ratio": 1.08,
            "reinvestment_rate": null,
            "research_to_sale_ratio": 1.69,
            "price_fair": 30.45,
            "eps_avg_yearly": 0.87,
            "eps_latest_yearly": 1.36,
            "eps_growth_yearly": 988.84
        },
        "20173": {
            "year_quarter": 20173,
            "year": 2017,
            "quarter": 3,
            "eps": 0.35,
            "eps_growth_year": null,
            "eps_4q": 0.96,
            "eps_4q_growth_year": 266.45,
            "roe": 3.1,
            "roe_4q": 9.3,
            "gross_profit": 23708,
            "gross_margin": 26.58,
            "gross_margin_4q_avg": 24.68,
            "net_income": 13834,
            "net_income_4q": null,
            "revenue": 89207,
            "revenue_4q": null,
            "common_shares": 392633,
            "book_valuer_per_share": 11.56,
            "book_valuer_per_share_4q_avg": 10.47,
            "equity": 453972,
            "current_ratio": 1026.84,
            "debt_ratio": 11.74,
            "inventory_turnover_ratio": 0.76,
            "account_receivable_turnover_ratio": 0.93,
            "reinvestment_rate": -139.11,
            "research_to_sale_ratio": 1.97,
            "price_fair": 34.16,
            "eps_avg_yearly": 0.98,
            "eps_latest_yearly": 1.4,
            "eps_growth_yearly": 793.43
        },
        "20174": {
            "year_quarter": 20174,
            "year": 2017,
            "quarter": 4,
            "eps": 0.08,
            "eps_growth_year": 237.19,
            "eps_4q": 1.02,
            "eps_4q_growth_year": 138.99,
            "roe": 0.73,
            "roe_4q": 9.73,
            "gross_profit": 13383,
            "gross_margin": 17.26,
            "gross_margin_4q_avg": 24.02,
            "net_income": 3318,
            "net_income_4q": null,
            "revenue": 77556,
            "revenue_4q": null,
            "common_shares": 392633,
            "book_valuer_per_share": 11.66,
            "book_valuer_per_share_4q_avg": 11.32,
            "equity": 457948,
            "current_ratio": 631.05,
            "debt_ratio": 15.1,
            "inventory_turnover_ratio": 0.84,
            "account_receivable_turnover_ratio": 0.85,
            "reinvestment_rate": -40.87,
            "research_to_sale_ratio": 2.73,
            "price_fair": 30.33,
            "eps_avg_yearly": 0.87,
            "eps_latest_yearly": 0.32,
            "eps_growth_yearly": 609.76
        },
        "20181": {
            "year_quarter": 20181,
            "year": 2018,
            "quarter": 1,
            "eps": 0.18,
            "eps_growth_year": -41.94,
            "eps_4q": 0.96,
            "eps_4q_growth_year": 135.38,
            "roe": 1.52,
            "roe_4q": 8.469999999999999,
            "gross_profit": 20667,
            "gross_margin": 23.37,
            "gross_margin_4q_avg": 22.85,
            "net_income": 6984,
            "net_income_4q": null,
            "revenue": 88429,
            "revenue_4q": null,
            "common_shares": 392633,
            "book_valuer_per_share": 5.9,
            "book_valuer_per_share_4q_avg": 10.08,
            "equity": 463514,
            "current_ratio": 481.21,
            "debt_ratio": 15.85,
            "inventory_turnover_ratio": 0.99,
            "account_receivable_turnover_ratio": 0.84,
            "reinvestment_rate": -27.05,
            "research_to_sale_ratio": 2.29,
            "price_fair": 29.6,
            "eps_avg_yearly": 0.85,
            "eps_latest_yearly": 0.72,
            "eps_growth_yearly": 594.08
        },
        "20182": {
            "year_quarter": 20182,
            "year": 2018,
            "quarter": 2,
            "eps": 0.4,
            "eps_growth_year": 17.65,
            "eps_4q": 1.01,
            "eps_4q_growth_year": 66.43,
            "roe": 3.31,
            "roe_4q": 8.66,
            "gross_profit": 20155,
            "gross_margin": 24.47,
            "gross_margin_4q_avg": 22.92,
            "net_income": 15618,
            "net_income_4q": null,
            "revenue": 82358,
            "revenue_4q": null,
            "common_shares": 392633,
            "book_valuer_per_share": 12.25,
            "book_valuer_per_share_4q_avg": 10.34,
            "equity": 481125,
            "current_ratio": 350.42,
            "debt_ratio": 20.13,
            "inventory_turnover_ratio": 0.92,
            "account_receivable_turnover_ratio": 0.61,
            "reinvestment_rate": -17.32,
            "research_to_sale_ratio": 3.58,
            "price_fair": 32.9,
            "eps_avg_yearly": 0.94,
            "eps_latest_yearly": 1.6,
            "eps_growth_yearly": 580.93
        },
        "20183": {
            "year_quarter": 20183,
            "year": 2018,
            "quarter": 3,
            "eps": 0.13,
            "eps_growth_year": -62.86,
            "eps_4q": 0.79,
            "eps_4q_growth_year": -17.27,
            "roe": 1.07,
            "roe_4q": 6.630000000000001,
            "gross_profit": 15679,
            "gross_margin": 21.36,
            "gross_margin_4q_avg": 21.62,
            "net_income": 5153,
            "net_income_4q": null,
            "revenue": 73416,
            "revenue_4q": null,
            "common_shares": 392633,
            "book_valuer_per_share": 12.38,
            "book_valuer_per_share_4q_avg": 10.55,
            "equity": 486096,
            "current_ratio": 331.97,
            "debt_ratio": 20.28,
            "inventory_turnover_ratio": 0.8,
            "account_receivable_turnover_ratio": 0.54,
            "reinvestment_rate": -12.1,
            "research_to_sale_ratio": 3.43,
            "price_fair": 31.27,
            "eps_avg_yearly": 0.89,
            "eps_latest_yearly": 0.52,
            "eps_growth_yearly": 486.38
        },
        "20184": {
            "year_quarter": 20184,
            "year": 2018,
            "quarter": 4,
            "eps": 0.22,
            "eps_growth_year": 161.24,
            "eps_4q": 0.93,
            "eps_4q_growth_year": -9.19,
            "roe": 1.76,
            "roe_4q": 7.66,
            "gross_profit": 19744,
            "gross_margin": 24.55,
            "gross_margin_4q_avg": 23.44,
            "net_income": 8668,
            "net_income_4q": null,
            "revenue": 80422,
            "revenue_4q": null,
            "common_shares": 392633,
            "book_valuer_per_share": 12.64,
            "book_valuer_per_share_4q_avg": 10.79,
            "equity": 496417,
            "current_ratio": 320.73,
            "debt_ratio": 18.95,
            "inventory_turnover_ratio": 0.78,
            "account_receivable_turnover_ratio": 0.72,
            "reinvestment_rate": -6,
            "research_to_sale_ratio": 2.42,
            "price_fair": 31.22,
            "eps_avg_yearly": 0.89,
            "eps_latest_yearly": 0.88,
            "eps_growth_yearly": 465.44
        },
        "20191": {
            "year_quarter": 20191,
            "year": 2019,
            "quarter": 1,
            "eps": 0.24,
            "eps_growth_year": 33.33,
            "eps_4q": 0.99,
            "eps_4q_growth_year": 2.88,
            "roe": 1.85,
            "roe_4q": 7.99,
            "gross_profit": 19417,
            "gross_margin": 20.66,
            "gross_margin_4q_avg": 22.76,
            "net_income": 9292,
            "net_income_4q": null,
            "revenue": 93983,
            "revenue_4q": null,
            "common_shares": 392633,
            "book_valuer_per_share": 12.9,
            "book_valuer_per_share_4q_avg": 12.54,
            "equity": 506472,
            "current_ratio": 311.04,
            "debt_ratio": 19.92,
            "inventory_turnover_ratio": 1.07,
            "account_receivable_turnover_ratio": 0.81,
            "reinvestment_rate": 18.93,
            "research_to_sale_ratio": 2.93,
            "price_fair": 31.44,
            "eps_avg_yearly": 0.9,
            "eps_latest_yearly": 0.96,
            "eps_growth_yearly": 426.43
        },
        "20192": {
            "year_quarter": 20192,
            "year": 2019,
            "quarter": 2,
            "eps": 0.21,
            "eps_growth_year": -47.5,
            "eps_4q": 0.79,
            "eps_4q_growth_year": -21.59,
            "roe": 1.61,
            "roe_4q": 6.29,
            "gross_profit": 17432,
            "gross_margin": 17.09,
            "gross_margin_4q_avg": 20.92,
            "net_income": 8057,
            "net_income_4q": null,
            "revenue": 101997,
            "revenue_4q": null,
            "common_shares": 392633,
            "book_valuer_per_share": 12.59,
            "book_valuer_per_share_4q_avg": 12.63,
            "equity": 494501,
            "current_ratio": 183.25,
            "debt_ratio": 33.34,
            "inventory_turnover_ratio": 1.12,
            "account_receivable_turnover_ratio": 0.67,
            "reinvestment_rate": 38.97,
            "research_to_sale_ratio": 2.36,
            "price_fair": 31.27,
            "eps_avg_yearly": 0.89,
            "eps_latest_yearly": 0.84,
            "eps_growth_yearly": 386.73
        },
        "20193": {
            "year_quarter": 20193,
            "year": 2019,
            "quarter": 3,
            "eps": 0.11,
            "eps_growth_year": -15.38,
            "eps_4q": 0.77,
            "eps_4q_growth_year": -2.39,
            "roe": 0.87,
            "roe_4q": 6.09,
            "gross_profit": 15170,
            "gross_margin": 14.58,
            "gross_margin_4q_avg": 19.22,
            "net_income": 4312,
            "net_income_4q": null,
            "revenue": 104039,
            "revenue_4q": null,
            "common_shares": 392633,
            "book_valuer_per_share": 12.69,
            "book_valuer_per_share_4q_avg": 12.71,
            "equity": 498405,
            "current_ratio": 205.35,
            "debt_ratio": 27.89,
            "inventory_turnover_ratio": 1.1,
            "account_receivable_turnover_ratio": 0.66,
            "reinvestment_rate": 104.84,
            "research_to_sale_ratio": 2.04,
            "price_fair": 32.08,
            "eps_avg_yearly": 0.92,
            "eps_latest_yearly": 0.44,
            "eps_growth_yearly": 359.74
        },
        "20194": {
            "year_quarter": 20194,
            "year": 2019,
            "quarter": 4,
            "eps": 0.11,
            "eps_growth_year": -47.95,
            "eps_4q": 0.67,
            "eps_4q_growth_year": -28.14,
            "roe": 0.9,
            "roe_4q": 5.23,
            "gross_profit": 23532,
            "gross_margin": 23.44,
            "gross_margin_4q_avg": 18.94,
            "net_income": 4512,
            "net_income_4q": null,
            "revenue": 100377,
            "revenue_4q": null,
            "common_shares": 392633,
            "book_valuer_per_share": 12.7,
            "book_valuer_per_share_4q_avg": 12.72,
            "equity": 498764,
            "current_ratio": 202.92,
            "debt_ratio": 27.1,
            "inventory_turnover_ratio": 1.17,
            "account_receivable_turnover_ratio": 0.71,
            "reinvestment_rate": 107.8,
            "research_to_sale_ratio": 2.14,
            "price_fair": 30.8,
            "eps_avg_yearly": 0.88,
            "eps_latest_yearly": 0.44,
            "eps_growth_yearly": 332.07
        },
        "20201": {
            "year_quarter": 20201,
            "year": 2020,
            "quarter": 1,
            "eps": 0.09,
            "eps_growth_year": -62.5,
            "eps_4q": 0.52,
            "eps_4q_growth_year": -47.65,
            "roe": 0.68,
            "roe_4q": 4.0600000000000005,
            "gross_profit": 16685,
            "gross_margin": 26.75,
            "gross_margin_4q_avg": 20.47,
            "net_income": 3396,
            "net_income_4q": null,
            "revenue": 62377,
            "revenue_4q": null,
            "common_shares": 392633,
            "book_valuer_per_share": 12.82,
            "book_valuer_per_share_4q_avg": 12.7,
            "equity": 503280,
            "current_ratio": 210.25,
            "debt_ratio": 26.15,
            "inventory_turnover_ratio": 0.64,
            "account_receivable_turnover_ratio": 0.5,
            "reinvestment_rate": 115.08,
            "research_to_sale_ratio": 3.57,
            "price_fair": 29.5,
            "eps_avg_yearly": 0.84,
            "eps_latest_yearly": 0.36,
            "eps_growth_yearly": 303.16
        },
        "20202": {
            "year_quarter": 20202,
            "year": 2020,
            "quarter": 2,
            "eps": 0.13,
            "eps_growth_year": -38.1,
            "eps_4q": 0.44,
            "eps_4q_growth_year": -44.42,
            "roe": 1.01,
            "roe_4q": 3.46,
            "gross_profit": 10835,
            "gross_margin": 19.52,
            "gross_margin_4q_avg": 21.07,
            "net_income": 5105,
            "net_income_4q": null,
            "revenue": 55521,
            "revenue_4q": null,
            "common_shares": 392633,
            "book_valuer_per_share": 12.87,
            "book_valuer_per_share_4q_avg": 12.77,
            "equity": 505342,
            "current_ratio": 236.15,
            "debt_ratio": 22.71,
            "inventory_turnover_ratio": 0.59,
            "account_receivable_turnover_ratio": 0.7,
            "reinvestment_rate": 126.97,
            "research_to_sale_ratio": 3.76,
            "price_fair": 29,
            "eps_avg_yearly": 0.83,
            "eps_latest_yearly": 0.52,
            "eps_growth_yearly": 312.28
        },
        "20203": {
            "year_quarter": 20203,
            "year": 2020,
            "quarter": 3,
            "eps": -0.28,
            "eps_growth_year": -354.55,
            "eps_4q": 0.05,
            "eps_4q_growth_year": -93.07,
            "roe": -2.19,
            "roe_4q": 0.40000000000000013,
            "gross_profit": -1063,
            "gross_margin": -2.2,
            "gross_margin_4q_avg": 16.88,
            "net_income": -10912,
            "net_income_4q": null,
            "revenue": 48385,
            "revenue_4q": null,
            "common_shares": 392633,
            "book_valuer_per_share": 12.53,
            "book_valuer_per_share_4q_avg": 12.73,
            "equity": 492041,
            "current_ratio": 245.23,
            "debt_ratio": 21.11,
            "inventory_turnover_ratio": 0.79,
            "account_receivable_turnover_ratio": 0.99,
            "reinvestment_rate": 81.26,
            "research_to_sale_ratio": 4.15,
            "price_fair": 29,
            "eps_avg_yearly": 0.83,
            "eps_latest_yearly": 0.52,
            "eps_growth_yearly": 312.28
        },
        "20204": {
            "year_quarter": 20204,
            "year": 2020,
            "quarter": 4,
            "eps": -0.24,
            "eps_growth_year": -309.95,
            "eps_4q": -0.3,
            "eps_4q_growth_year": -145.41,
            "roe": -1.95,
            "roe_4q": -2.4499999999999997,
            "gross_profit": -4190,
            "gross_margin": -12.12,
            "gross_margin_4q_avg": 7.99,
            "net_income": -9473,
            "net_income_4q": null,
            "revenue": 34571,
            "revenue_4q": null,
            "common_shares": 392633,
            "book_valuer_per_share": 12.25,
            "book_valuer_per_share_4q_avg": 12.62,
            "equity": 480881,
            "current_ratio": 210.64,
            "debt_ratio": 23.31,
            "inventory_turnover_ratio": 0.67,
            "account_receivable_turnover_ratio": 0.7,
            "reinvestment_rate": 96.37,
            "research_to_sale_ratio": 4.43,
            "price_fair": 29,
            "eps_avg_yearly": 0.83,
            "eps_latest_yearly": 0.52,
            "eps_growth_yearly": 312.28
        },
        "20211": {
            "year_quarter": 20211,
            "year": 2021,
            "quarter": 1,
            "eps": -0.12,
            "eps_growth_year": -233.33,
            "eps_4q": -0.51,
            "eps_4q_growth_year": -198.35,
            "roe": -0.97,
            "roe_4q": -4.1,
            "gross_profit": 7944,
            "gross_margin": 21.91,
            "gross_margin_4q_avg": 6.78,
            "net_income": -4663,
            "net_income_4q": null,
            "revenue": 36262,
            "revenue_4q": null,
            "common_shares": 392633,
            "book_valuer_per_share": 12.13,
            "book_valuer_per_share_4q_avg": 12.45,
            "equity": 476402,
            "current_ratio": 179.75,
            "debt_ratio": 27.65,
            "inventory_turnover_ratio": 0.43,
            "account_receivable_turnover_ratio": 0.74,
            "reinvestment_rate": 117.01,
            "research_to_sale_ratio": 4.23,
            "price_fair": 27.89,
            "eps_avg_yearly": 0.8,
            "eps_latest_yearly": 0.52,
            "eps_growth_yearly": 49.13
        },
        "20212": {
            "year_quarter": 20212,
            "year": 2021,
            "quarter": 2,
            "eps": -0.2,
            "eps_growth_year": -253.85,
            "eps_4q": -0.83,
            "eps_4q_growth_year": -289.14,
            "roe": -1.64,
            "roe_4q": -6.75,
            "gross_profit": 2718,
            "gross_margin": 9.81,
            "gross_margin_4q_avg": 4.35,
            "net_income": -7720,
            "net_income_4q": null,
            "revenue": 27707,
            "revenue_4q": null,
            "common_shares": 392633,
            "book_valuer_per_share": 11.86,
            "book_valuer_per_share_4q_avg": 12.19,
            "equity": 465493,
            "current_ratio": 169.15,
            "debt_ratio": 28.91,
            "inventory_turnover_ratio": 0.32,
            "account_receivable_turnover_ratio": 0.71,
            "reinvestment_rate": 156.34,
            "research_to_sale_ratio": 7.47,
            "price_fair": 26.25,
            "eps_avg_yearly": 0.75,
            "eps_latest_yearly": 0.52,
            "eps_growth_yearly": 50
        },
        "20213": {
            "year_quarter": 20213,
            "year": 2021,
            "quarter": 3,
            "eps": -0.21,
            "eps_growth_year": null,
            "eps_4q": -0.77,
            "eps_4q_growth_year": -1541.63,
            "roe": -1.83,
            "roe_4q": -6.39,
            "gross_profit": -2489,
            "gross_margin": -8.71,
            "gross_margin_4q_avg": 2.72,
            "net_income": -8433,
            "net_income_4q": null,
            "revenue": 28592,
            "revenue_4q": null,
            "common_shares": 392633,
            "book_valuer_per_share": 11.64,
            "book_valuer_per_share_4q_avg": 11.97,
            "equity": 457016,
            "current_ratio": 155.66,
            "debt_ratio": 30.92,
            "inventory_turnover_ratio": 0.35,
            "account_receivable_turnover_ratio": 1,
            "reinvestment_rate": 271.55,
            "research_to_sale_ratio": 5.78,
            "price_fair": 24.18,
            "eps_avg_yearly": 0.69,
            "eps_latest_yearly": 0.52,
            "eps_growth_yearly": 53.47
        },
        "20214": {
            "year_quarter": 20214,
            "year": 2021,
            "quarter": 4,
            "eps": -0.32,
            "eps_growth_year": null,
            "eps_4q": -0.85,
            "eps_4q_growth_year": null,
            "roe": -2.75,
            "roe_4q": -7.1899999999999995,
            "gross_profit": -5511,
            "gross_margin": -13.19,
            "gross_margin_4q_avg": 2.46,
            "net_income": -12376,
            "net_income_4q": null,
            "revenue": 41779,
            "revenue_4q": null,
            "common_shares": 392633,
            "book_valuer_per_share": 11.32,
            "book_valuer_per_share_4q_avg": 11.74,
            "equity": 444387,
            "current_ratio": 148,
            "debt_ratio": 36.48,
            "inventory_turnover_ratio": 0.5,
            "account_receivable_turnover_ratio": 1.2,
            "reinvestment_rate": 490.41,
            "research_to_sale_ratio": 6.31,
            "price_fair": 25.48,
            "eps_avg_yearly": 0.73,
            "eps_latest_yearly": 0.52,
            "eps_growth_yearly": 89.67
        },
        "20221": {
            "year_quarter": 20221,
            "year": 2022,
            "quarter": 1,
            "eps": -0.36,
            "eps_growth_year": null,
            "eps_4q": -1.09,
            "eps_4q_growth_year": null,
            "roe": -3.24,
            "roe_4q": -9.46,
            "gross_profit": -8924,
            "gross_margin": -30.72,
            "gross_margin_4q_avg": -10.7,
            "net_income": -14254,
            "net_income_4q": null,
            "revenue": 29047,
            "revenue_4q": null,
            "common_shares": 392633,
            "book_valuer_per_share": 11.07,
            "book_valuer_per_share_4q_avg": 11.47,
            "equity": 434634,
            "current_ratio": 133.56,
            "debt_ratio": 39.41,
            "inventory_turnover_ratio": 0.38,
            "account_receivable_turnover_ratio": 0.95,
            "reinvestment_rate": null,
            "research_to_sale_ratio": 9.46,
            "price_fair": 25.51,
            "eps_avg_yearly": 0.73,
            "eps_latest_yearly": 0.52,
            "eps_growth_yearly": 44.08
        },
        "20222": {
            "year_quarter": 20222,
            "year": 2022,
            "quarter": 2,
            "eps": -0.2,
            "eps_growth_year": null,
            "eps_4q": -0.91,
            "eps_4q_growth_year": null,
            "roe": -1.65,
            "roe_4q": -9.47,
            "gross_profit": -2191,
            "gross_margin": -5.61,
            "gross_margin_4q_avg": -14.56,
            "net_income": -8517,
            "net_income_4q": null,
            "revenue": 39052,
            "revenue_4q": null,
            "common_shares": 478633,
            "book_valuer_per_share": 12.55,
            "book_valuer_per_share_4q_avg": 11.65,
            "equity": 600756,
            "current_ratio": 479.49,
            "debt_ratio": 14.72,
            "inventory_turnover_ratio": 0.41,
            "account_receivable_turnover_ratio": 1.79,
            "reinvestment_rate": null,
            "research_to_sale_ratio": 5.73,
            "price_fair": 1.86,
            "eps_avg_yearly": 0.62,
            "eps_latest_yearly": 0.52,
            "eps_growth_yearly": -11.52
        },
        "20223": {
            "year_quarter": 20223,
            "year": 2022,
            "quarter": 3,
            "eps": -0.15,
            "eps_growth_year": null,
            "eps_4q": -0.88,
            "eps_4q_growth_year": null,
            "roe": -1.16,
            "roe_4q": -8.8,
            "gross_profit": -6690,
            "gross_margin": -13.06,
            "gross_margin_4q_avg": -15.65,
            "net_income": -6992,
            "net_income_4q": null,
            "revenue": 51210,
            "revenue_4q": null,
            "common_shares": 478633,
            "book_valuer_per_share": 12.6,
            "book_valuer_per_share_4q_avg": 11.89,
            "equity": 602950,
            "current_ratio": 360.85,
            "debt_ratio": 18.05,
            "inventory_turnover_ratio": 0.58,
            "account_receivable_turnover_ratio": 1.49,
            "reinvestment_rate": null,
            "research_to_sale_ratio": 4.06,
            "price_fair": 22.2,
            "eps_avg_yearly": 0.63,
            "eps_latest_yearly": 0.52,
            "eps_growth_yearly": 25.41
        },
        "20224": {
            "year_quarter": 20224,
            "year": 2022,
            "quarter": 4,
            "eps": -0.16,
            "eps_growth_year": null,
            "eps_4q": -0.78,
            "eps_4q_growth_year": null,
            "roe": -1.28,
            "roe_4q": -7.33,
            "gross_profit": -2248,
            "gross_margin": -4.01,
            "gross_margin_4q_avg": -13.35,
            "net_income": -7640,
            "net_income_4q": null,
            "revenue": 56034,
            "revenue_4q": null,
            "common_shares": 478633,
            "book_valuer_per_share": 12.37,
            "book_valuer_per_share_4q_avg": 12.15,
            "equity": 591908,
            "current_ratio": 266.3,
            "debt_ratio": 22.05,
            "inventory_turnover_ratio": 0.61,
            "account_receivable_turnover_ratio": 1.14,
            "reinvestment_rate": null,
            "research_to_sale_ratio": 3.6,
            "price_fair": 1.78,
            "eps_avg_yearly": 0.59,
            "eps_latest_yearly": 0.52,
            "eps_growth_yearly": -16.51
        },
        "20231": {
            "year_quarter": 20231,
            "year": 2023,
            "quarter": 1,
            "eps": -0.29,
            "eps_growth_year": null,
            "eps_4q": -0.67,
            "eps_4q_growth_year": null,
            "roe": -2.24,
            "roe_4q": -6.33,
            "gross_profit": -7392,
            "gross_margin": -16.75,
            "gross_margin_4q_avg": -9.86,
            "net_income": -17040,
            "net_income_4q": null,
            "revenue": 44127,
            "revenue_4q": null,
            "common_shares": 603133,
            "book_valuer_per_share": 15.43,
            "book_valuer_per_share_4q_avg": 13.24,
            "equity": 930731,
            "current_ratio": 1399.6,
            "debt_ratio": 7.75,
            "inventory_turnover_ratio": 0.58,
            "account_receivable_turnover_ratio": 0.88,
            "reinvestment_rate": null,
            "research_to_sale_ratio": 4.39,
            "price_fair": 1.56,
            "eps_avg_yearly": 0.52,
            "eps_latest_yearly": 0.52,
            "eps_growth_yearly": -27.09
        },
        "20232": {
            "year_quarter": 20232,
            "year": 2023,
            "quarter": 2,
            "eps": -0.28,
            "eps_growth_year": null,
            "eps_4q": -0.81,
            "eps_4q_growth_year": null,
            "roe": -1.84,
            "roe_4q": -6.5200000000000005,
            "gross_profit": -10313,
            "gross_margin": -18.41,
            "gross_margin_4q_avg": -13.06,
            "net_income": -17027,
            "net_income_4q": null,
            "revenue": 56019,
            "revenue_4q": null,
            "common_shares": 603133,
            "book_valuer_per_share": 15.2,
            "book_valuer_per_share_4q_avg": 13.9,
            "equity": 921569,
            "current_ratio": 811.54,
            "debt_ratio": 10.17,
            "inventory_turnover_ratio": 0.82,
            "account_receivable_turnover_ratio": 1.04,
            "reinvestment_rate": null,
            "research_to_sale_ratio": 4.49,
            "price_fair": 1.32,
            "eps_avg_yearly": 0.44,
            "eps_latest_yearly": 0.52,
            "eps_growth_yearly": -21.36
        },
        "20233": {
            "year_quarter": 20233,
            "year": 2023,
            "quarter": 3,
            "eps": -0.2,
            "eps_growth_year": null,
            "eps_4q": -0.89,
            "eps_4q_growth_year": null,
            "roe": -1.32,
            "roe_4q": -6.680000000000001,
            "gross_profit": -4954,
            "gross_margin": -6.2,
            "gross_margin_4q_avg": -11.34,
            "net_income": -12164,
            "net_income_4q": null,
            "revenue": 79897,
            "revenue_4q": null,
            "common_shares": 603133,
            "book_valuer_per_share": 15.1,
            "book_valuer_per_share_4q_avg": 14.53,
            "equity": 915488,
            "current_ratio": 701.83,
            "debt_ratio": 11.18,
            "inventory_turnover_ratio": 1.09,
            "account_receivable_turnover_ratio": 0.96,
            "reinvestment_rate": null,
            "research_to_sale_ratio": 4.57,
            "price_fair": 15.4,
            "eps_avg_yearly": 0.44,
            "eps_latest_yearly": 0.52,
            "eps_growth_yearly": 35.02
        }
    },
    "months": {
        "2001-06": {
            "month": "2001-06",
            "price": "10.37",
            "revenue": 15178
        },
        "2001-07": {
            "month": "2001-07",
            "price": "10.15",
            "revenue": 15951
        },
        "2001-08": {
            "month": "2001-08",
            "price": "9.49",
            "revenue": 27144
        },
        "2001-09": {
            "month": "2001-09",
            "price": "10.40",
            "revenue": 65090
        },
        "2001-10": {
            "month": "2001-10",
            "price": "10.80",
            "revenue": 17589
        },
        "2001-11": {
            "month": "2001-11",
            "price": "10.13",
            "revenue": 25542
        },
        "2001-12": {
            "month": "2001-12",
            "price": "13.26",
            "revenue": 19255
        },
        "2002-01": {
            "month": "2002-01",
            "price": "12.11",
            "revenue": 23141
        },
        "2002-02": {
            "month": "2002-02",
            "price": "11.83",
            "revenue": 22609
        },
        "2002-03": {
            "month": "2002-03",
            "price": "11.95",
            "revenue": 32464
        },
        "2002-04": {
            "month": "2002-04",
            "price": "12.69",
            "revenue": 43476
        },
        "2002-05": {
            "month": "2002-05",
            "price": "12.77",
            "revenue": 28666
        },
        "2002-06": {
            "month": "2002-06",
            "price": "10.78",
            "revenue": 26261
        },
        "2002-07": {
            "month": "2002-07",
            "price": "9.53",
            "revenue": 54680
        },
        "2002-08": {
            "month": "2002-08",
            "price": "10.42",
            "revenue": 26909
        },
        "2002-09": {
            "month": "2002-09",
            "price": "10.09",
            "revenue": 34957
        },
        "2002-10": {
            "month": "2002-10",
            "price": "9.30",
            "revenue": 29138
        },
        "2002-11": {
            "month": "2002-11",
            "price": "7.42",
            "revenue": 31397
        },
        "2002-12": {
            "month": "2002-12",
            "price": "6.80",
            "revenue": 25495
        },
        "2003-01": {
            "month": "2003-01",
            "price": "6.52",
            "revenue": 39134
        },
        "2003-02": {
            "month": "2003-02",
            "price": "7.12",
            "revenue": 37688
        },
        "2003-03": {
            "month": "2003-03",
            "price": "6.90",
            "revenue": 41206
        },
        "2003-04": {
            "month": "2003-04",
            "price": "7.51",
            "revenue": 46505
        },
        "2003-05": {
            "month": "2003-05",
            "price": "8.31",
            "revenue": 85588
        },
        "2003-06": {
            "month": "2003-06",
            "price": "9.58",
            "revenue": 66749
        },
        "2003-07": {
            "month": "2003-07",
            "price": "9.46",
            "revenue": 86872
        },
        "2003-08": {
            "month": "2003-08",
            "price": "8.95",
            "revenue": 71886
        },
        "2003-09": {
            "month": "2003-09",
            "price": "8.25",
            "revenue": 54526
        },
        "2003-10": {
            "month": "2003-10",
            "price": "7.76",
            "revenue": 58129
        },
        "2003-11": {
            "month": "2003-11",
            "price": "7.30",
            "revenue": 47199
        },
        "2003-12": {
            "month": "2003-12",
            "price": "7.45",
            "revenue": 80239
        },
        "2004-01": {
            "month": "2004-01",
            "price": "9.69",
            "revenue": 51337
        },
        "2004-02": {
            "month": "2004-02",
            "price": "12.98",
            "revenue": 71601
        },
        "2004-03": {
            "month": "2004-03",
            "price": "11.95",
            "revenue": 75567
        },
        "2004-04": {
            "month": "2004-04",
            "price": "13.27",
            "revenue": 90470
        },
        "2004-05": {
            "month": "2004-05",
            "price": "12.13",
            "revenue": 102278
        },
        "2004-06": {
            "month": "2004-06",
            "price": "12.60",
            "revenue": 70216
        },
        "2004-07": {
            "month": "2004-07",
            "price": "9.87",
            "revenue": 82529
        },
        "2004-08": {
            "month": "2004-08",
            "price": "9.56",
            "revenue": 81590
        },
        "2004-09": {
            "month": "2004-09",
            "price": "9.29",
            "revenue": 80536
        },
        "2004-10": {
            "month": "2004-10",
            "price": "10.45",
            "revenue": 42358
        },
        "2004-11": {
            "month": "2004-11",
            "price": "9.43",
            "revenue": 57366
        },
        "2004-12": {
            "month": "2004-12",
            "price": "11.25",
            "revenue": 61523
        },
        "2005-01": {
            "month": "2005-01",
            "price": "12.86",
            "revenue": 82858
        },
        "2005-02": {
            "month": "2005-02",
            "price": "13.95",
            "revenue": 75437
        },
        "2005-03": {
            "month": "2005-03",
            "price": "15.48",
            "revenue": 66780
        },
        "2005-04": {
            "month": "2005-04",
            "price": "15.53",
            "revenue": 92604
        },
        "2005-05": {
            "month": "2005-05",
            "price": "15.68",
            "revenue": 94068
        },
        "2005-06": {
            "month": "2005-06",
            "price": "16.27",
            "revenue": 108435
        },
        "2005-07": {
            "month": "2005-07",
            "price": "22.30",
            "revenue": 60445
        },
        "2005-08": {
            "month": "2005-08",
            "price": "28.47",
            "revenue": 91706
        },
        "2005-09": {
            "month": "2005-09",
            "price": "30.13",
            "revenue": 91094
        },
        "2005-10": {
            "month": "2005-10",
            "price": "25.90",
            "revenue": 72027
        },
        "2005-11": {
            "month": "2005-11",
            "price": "12.38",
            "revenue": 90206
        },
        "2005-12": {
            "month": "2005-12",
            "price": "10.92",
            "revenue": 54274
        },
        "2006-01": {
            "month": "2006-01",
            "price": "8.97",
            "revenue": 11783
        },
        "2006-02": {
            "month": "2006-02",
            "price": "7.95",
            "revenue": 35310
        },
        "2006-03": {
            "month": "2006-03",
            "price": "7.24",
            "revenue": 54857
        },
        "2006-04": {
            "month": "2006-04",
            "price": "7.23",
            "revenue": 19615
        },
        "2006-05": {
            "month": "2006-05",
            "price": "6.39",
            "revenue": 30972
        },
        "2006-06": {
            "month": "2006-06",
            "price": "5.05",
            "revenue": 53397
        },
        "2006-07": {
            "month": "2006-07",
            "price": "6.08",
            "revenue": 40058
        },
        "2006-08": {
            "month": "2006-08",
            "price": "5.94",
            "revenue": 36565
        },
        "2006-09": {
            "month": "2006-09",
            "price": "4.97",
            "revenue": 36038
        },
        "2006-10": {
            "month": "2006-10",
            "price": "5.48",
            "revenue": 30784
        },
        "2006-11": {
            "month": "2006-11",
            "price": "6.71",
            "revenue": 37901
        },
        "2006-12": {
            "month": "2006-12",
            "price": "7.01",
            "revenue": 60603
        },
        "2007-01": {
            "month": "2007-01",
            "price": "6.80",
            "revenue": 53265
        },
        "2007-02": {
            "month": "2007-02",
            "price": "5.91",
            "revenue": 24403
        },
        "2007-03": {
            "month": "2007-03",
            "price": "6.15",
            "revenue": 38519
        },
        "2007-04": {
            "month": "2007-04",
            "price": "6.45",
            "revenue": 31132
        },
        "2007-05": {
            "month": "2007-05",
            "price": "5.90",
            "revenue": 24156
        },
        "2007-06": {
            "month": "2007-06",
            "price": "6.37",
            "revenue": 34547
        },
        "2007-07": {
            "month": "2007-07",
            "price": "7.43",
            "revenue": 21101
        },
        "2007-08": {
            "month": "2007-08",
            "price": "11.10",
            "revenue": 20368
        },
        "2007-09": {
            "month": "2007-09",
            "price": "11.71",
            "revenue": 9784
        },
        "2007-10": {
            "month": "2007-10",
            "price": "12.23",
            "revenue": 4542
        },
        "2007-11": {
            "month": "2007-11",
            "price": "10.18",
            "revenue": 6242
        },
        "2007-12": {
            "month": "2007-12",
            "price": "9.60",
            "revenue": 10831
        },
        "2008-01": {
            "month": "2008-01",
            "price": "8.02",
            "revenue": 20369
        },
        "2008-02": {
            "month": "2008-02",
            "price": "6.78",
            "revenue": 10378
        },
        "2008-03": {
            "month": "2008-03",
            "price": "6.92",
            "revenue": 25635
        },
        "2008-04": {
            "month": "2008-04",
            "price": "8.74",
            "revenue": 5064
        },
        "2008-05": {
            "month": "2008-05",
            "price": "7.67",
            "revenue": 11481
        },
        "2008-06": {
            "month": "2008-06",
            "price": "6.89",
            "revenue": 16825
        },
        "2008-07": {
            "month": "2008-07",
            "price": "5.67",
            "revenue": 30115
        },
        "2008-08": {
            "month": "2008-08",
            "price": "5.61",
            "revenue": 30102
        },
        "2008-09": {
            "month": "2008-09",
            "price": "4.08",
            "revenue": 17127
        },
        "2008-10": {
            "month": "2008-10",
            "price": "2.67",
            "revenue": 10778
        },
        "2008-11": {
            "month": "2008-11",
            "price": "2.32",
            "revenue": 16738
        },
        "2008-12": {
            "month": "2008-12",
            "price": "2.59",
            "revenue": 10376
        },
        "2009-01": {
            "month": "2009-01",
            "price": "2.46",
            "revenue": 3006
        },
        "2009-02": {
            "month": "2009-02",
            "price": "2.38",
            "revenue": 24013
        },
        "2009-03": {
            "month": "2009-03",
            "price": "2.49",
            "revenue": 11096
        },
        "2009-04": {
            "month": "2009-04",
            "price": "3.69",
            "revenue": 1431
        },
        "2009-05": {
            "month": "2009-05",
            "price": "3.38",
            "revenue": 7161
        },
        "2009-06": {
            "month": "2009-06",
            "price": "3.28",
            "revenue": 13329
        },
        "2009-07": {
            "month": "2009-07",
            "price": "3.38",
            "revenue": 9815
        },
        "2009-08": {
            "month": "2009-08",
            "price": "3.46",
            "revenue": 16227
        },
        "2009-09": {
            "month": "2009-09",
            "price": "5.16",
            "revenue": 20605
        },
        "2009-10": {
            "month": "2009-10",
            "price": "5.95",
            "revenue": 23146
        },
        "2009-11": {
            "month": "2009-11",
            "price": "5.81",
            "revenue": 24460
        },
        "2009-12": {
            "month": "2009-12",
            "price": "6.30",
            "revenue": 35497
        },
        "2010-01": {
            "month": "2010-01",
            "price": "7.49",
            "revenue": 30630
        },
        "2010-02": {
            "month": "2010-02",
            "price": "6.30",
            "revenue": 14308
        },
        "2010-03": {
            "month": "2010-03",
            "price": "6.91",
            "revenue": 20381
        },
        "2010-04": {
            "month": "2010-04",
            "price": "8.17",
            "revenue": 9078
        },
        "2010-05": {
            "month": "2010-05",
            "price": "7.93",
            "revenue": 18000
        },
        "2010-06": {
            "month": "2010-06",
            "price": "7.70",
            "revenue": 25199
        },
        "2010-07": {
            "month": "2010-07",
            "price": "8.36",
            "revenue": 16310
        },
        "2010-08": {
            "month": "2010-08",
            "price": "8.07",
            "revenue": 15722
        },
        "2010-09": {
            "month": "2010-09",
            "price": "6.89",
            "revenue": 23598
        },
        "2010-10": {
            "month": "2010-10",
            "price": "7.15",
            "revenue": 14528
        },
        "2010-11": {
            "month": "2010-11",
            "price": "6.99",
            "revenue": 19160
        },
        "2010-12": {
            "month": "2010-12",
            "price": "6.98",
            "revenue": 43274
        },
        "2011-01": {
            "month": "2011-01",
            "price": "7.66",
            "revenue": 23033
        },
        "2011-02": {
            "month": "2011-02",
            "price": "7.55",
            "revenue": 25225
        },
        "2011-03": {
            "month": "2011-03",
            "price": "7.35",
            "revenue": 31054
        },
        "2011-04": {
            "month": "2011-04",
            "price": "7.51",
            "revenue": 33064
        },
        "2011-05": {
            "month": "2011-05",
            "price": "7.51",
            "revenue": 41894
        },
        "2011-06": {
            "month": "2011-06",
            "price": "8.06",
            "revenue": 34800
        },
        "2011-07": {
            "month": "2011-07",
            "price": "8.21",
            "revenue": 25026
        },
        "2011-08": {
            "month": "2011-08",
            "price": "7.25",
            "revenue": 31108
        },
        "2011-09": {
            "month": "2011-09",
            "price": "7.52",
            "revenue": 15736
        },
        "2011-10": {
            "month": "2011-10",
            "price": "7.03",
            "revenue": 12749
        },
        "2011-11": {
            "month": "2011-11",
            "price": "6.76",
            "revenue": 7596
        },
        "2011-12": {
            "month": "2011-12",
            "price": "5.77",
            "revenue": 5732
        },
        "2012-01": {
            "month": "2012-01",
            "price": "5.82",
            "revenue": 4179
        },
        "2012-02": {
            "month": "2012-02",
            "price": "6.40",
            "revenue": 5540
        },
        "2012-03": {
            "month": "2012-03",
            "price": "6.97",
            "revenue": 12281
        },
        "2012-04": {
            "month": "2012-04",
            "price": "6.94",
            "revenue": 25223
        },
        "2012-05": {
            "month": "2012-05",
            "price": "6.59",
            "revenue": 6908
        },
        "2012-06": {
            "month": "2012-06",
            "price": "6.45",
            "revenue": 18558
        },
        "2012-07": {
            "month": "2012-07",
            "price": "6.42",
            "revenue": 8045
        },
        "2012-08": {
            "month": "2012-08",
            "price": "5.53",
            "revenue": 8666
        },
        "2012-09": {
            "month": "2012-09",
            "price": "6.06",
            "revenue": 17209
        },
        "2012-10": {
            "month": "2012-10",
            "price": "5.30",
            "revenue": 9122
        },
        "2012-11": {
            "month": "2012-11",
            "price": "5.07",
            "revenue": 13440
        },
        "2012-12": {
            "month": "2012-12",
            "price": "5.25",
            "revenue": 30048
        },
        "2013-01": {
            "month": "2013-01",
            "price": "5.19",
            "revenue": 10392
        },
        "2013-02": {
            "month": "2013-02",
            "price": "5.15",
            "revenue": 10096
        },
        "2013-03": {
            "month": "2013-03",
            "price": "5.60",
            "revenue": 4019
        },
        "2013-04": {
            "month": "2013-04",
            "price": "5.65",
            "revenue": 9254
        },
        "2013-05": {
            "month": "2013-05",
            "price": "5.88",
            "revenue": 16387
        },
        "2013-06": {
            "month": "2013-06",
            "price": "5.67",
            "revenue": 1734
        },
        "2013-07": {
            "month": "2013-07",
            "price": "5.71",
            "revenue": 11289
        },
        "2013-08": {
            "month": "2013-08",
            "price": "6.32",
            "revenue": 12081
        },
        "2013-09": {
            "month": "2013-09",
            "price": "8.86",
            "revenue": 9028
        },
        "2013-10": {
            "month": "2013-10",
            "price": "12.00",
            "revenue": 13705
        },
        "2013-11": {
            "month": "2013-11",
            "price": "11.95",
            "revenue": 4490
        },
        "2013-12": {
            "month": "2013-12",
            "price": "11.95",
            "revenue": 10377
        },
        "2014-01": {
            "month": "2014-01",
            "price": "11.32",
            "revenue": 11836
        },
        "2014-02": {
            "month": "2014-02",
            "price": "12.91",
            "revenue": 11910
        },
        "2014-03": {
            "month": "2014-03",
            "price": "15.62",
            "revenue": 13219
        },
        "2014-04": {
            "month": "2014-04",
            "price": "16.35",
            "revenue": 14970
        },
        "2014-05": {
            "month": "2014-05",
            "price": "14.85",
            "revenue": 12640
        },
        "2014-06": {
            "month": "2014-06",
            "price": "12.74",
            "revenue": 23737
        },
        "2014-07": {
            "month": "2014-07",
            "price": "11.45",
            "revenue": 10647
        },
        "2014-08": {
            "month": "2014-08",
            "price": "11.53",
            "revenue": 12420
        },
        "2014-09": {
            "month": "2014-09",
            "price": "11.76",
            "revenue": 23292
        },
        "2014-10": {
            "month": "2014-10",
            "price": "12.63",
            "revenue": 14389
        },
        "2014-11": {
            "month": "2014-11",
            "price": "12.44",
            "revenue": 6400
        },
        "2014-12": {
            "month": "2014-12",
            "price": "12.17",
            "revenue": 25980
        },
        "2015-01": {
            "month": "2015-01",
            "price": "15.35",
            "revenue": 9735
        },
        "2015-02": {
            "month": "2015-02",
            "price": "16.55",
            "revenue": 4558
        },
        "2015-03": {
            "month": "2015-03",
            "price": "16.60",
            "revenue": 41853
        },
        "2015-04": {
            "month": "2015-04",
            "price": "17.00",
            "revenue": 6713
        },
        "2015-05": {
            "month": "2015-05",
            "price": "15.25",
            "revenue": 18302
        },
        "2015-06": {
            "month": "2015-06",
            "price": "14.14",
            "revenue": 27386
        },
        "2015-07": {
            "month": "2015-07",
            "price": "13.57",
            "revenue": 7847
        },
        "2015-08": {
            "month": "2015-08",
            "price": "12.68",
            "revenue": 6763
        },
        "2015-09": {
            "month": "2015-09",
            "price": "13.30",
            "revenue": 18615
        },
        "2015-10": {
            "month": "2015-10",
            "price": "12.83",
            "revenue": 18528
        },
        "2015-11": {
            "month": "2015-11",
            "price": "12.69",
            "revenue": 21184
        },
        "2015-12": {
            "month": "2015-12",
            "price": "12.63",
            "revenue": 27804
        },
        "2016-01": {
            "month": "2016-01",
            "price": "12.47",
            "revenue": 17891
        },
        "2016-02": {
            "month": "2016-02",
            "price": "13.88",
            "revenue": 12871
        },
        "2016-03": {
            "month": "2016-03",
            "price": "15.27",
            "revenue": 22129
        },
        "2016-04": {
            "month": "2016-04",
            "price": "14.61",
            "revenue": 17444
        },
        "2016-05": {
            "month": "2016-05",
            "price": "14.29",
            "revenue": 23228
        },
        "2016-06": {
            "month": "2016-06",
            "price": "14.97",
            "revenue": 27738
        },
        "2016-07": {
            "month": "2016-07",
            "price": "14.40",
            "revenue": 23230
        },
        "2016-08": {
            "month": "2016-08",
            "price": "13.98",
            "revenue": 23828
        },
        "2016-09": {
            "month": "2016-09",
            "price": "20.55",
            "revenue": 21288
        },
        "2016-10": {
            "month": "2016-10",
            "price": "23.43",
            "revenue": 21226
        },
        "2016-11": {
            "month": "2016-11",
            "price": "22.62",
            "revenue": 21669
        },
        "2016-12": {
            "month": "2016-12",
            "price": "22.48",
            "revenue": 20547
        },
        "2017-01": {
            "month": "2017-01",
            "price": "22.35",
            "revenue": 30239
        },
        "2017-02": {
            "month": "2017-02",
            "price": "24.31",
            "revenue": 21158
        },
        "2017-03": {
            "month": "2017-03",
            "price": "29.50",
            "revenue": 31578
        },
        "2017-04": {
            "month": "2017-04",
            "price": "45.20",
            "revenue": 31675
        },
        "2017-05": {
            "month": "2017-05",
            "price": "56.15",
            "revenue": 31936
        },
        "2017-06": {
            "month": "2017-06",
            "price": "56.27",
            "revenue": 32181
        },
        "2017-07": {
            "month": "2017-07",
            "price": "53.80",
            "revenue": 34421
        },
        "2017-08": {
            "month": "2017-08",
            "price": "52.15",
            "revenue": 30252
        },
        "2017-09": {
            "month": "2017-09",
            "price": "45.55",
            "revenue": 24420
        },
        "2017-10": {
            "month": "2017-10",
            "price": "41.06",
            "revenue": 24597
        },
        "2017-11": {
            "month": "2017-11",
            "price": "41.53",
            "revenue": 24421
        },
        "2017-12": {
            "month": "2017-12",
            "price": "49.43",
            "revenue": 28503
        },
        "2018-01": {
            "month": "2018-01",
            "price": "47.26",
            "revenue": 31195
        },
        "2018-02": {
            "month": "2018-02",
            "price": "40.36",
            "revenue": 25520
        },
        "2018-03": {
            "month": "2018-03",
            "price": "38.07",
            "revenue": 31809
        },
        "2018-04": {
            "month": "2018-04",
            "price": "30.78",
            "revenue": 30503
        },
        "2018-05": {
            "month": "2018-05",
            "price": "28.22",
            "revenue": 20900
        },
        "2018-06": {
            "month": "2018-06",
            "price": "29.60",
            "revenue": 30956
        },
        "2018-07": {
            "month": "2018-07",
            "price": "30.31",
            "revenue": 22193
        },
        "2018-08": {
            "month": "2018-08",
            "price": "28.22",
            "revenue": 25043
        },
        "2018-09": {
            "month": "2018-09",
            "price": "27.25",
            "revenue": 26165
        },
        "2018-10": {
            "month": "2018-10",
            "price": "25.88",
            "revenue": 19129
        },
        "2018-11": {
            "month": "2018-11",
            "price": "22.24",
            "revenue": 30408
        },
        "2018-12": {
            "month": "2018-12",
            "price": "20.88",
            "revenue": 30886
        },
        "2019-01": {
            "month": "2019-01",
            "price": "22.67",
            "revenue": 31663
        },
        "2019-02": {
            "month": "2019-02",
            "price": "25.47",
            "revenue": 29538
        },
        "2019-03": {
            "month": "2019-03",
            "price": "25.71",
            "revenue": 32753
        },
        "2019-04": {
            "month": "2019-04",
            "price": "28.98",
            "revenue": 33749
        },
        "2019-05": {
            "month": "2019-05",
            "price": "27.65",
            "revenue": 34012
        },
        "2019-06": {
            "month": "2019-06",
            "price": "25.43",
            "revenue": 34107
        },
        "2019-07": {
            "month": "2019-07",
            "price": "26.01",
            "revenue": 34275
        },
        "2019-08": {
            "month": "2019-08",
            "price": "26.03",
            "revenue": 34636
        },
        "2019-09": {
            "month": "2019-09",
            "price": "25.89",
            "revenue": 35029
        },
        "2019-10": {
            "month": "2019-10",
            "price": "27.19",
            "revenue": 35077
        },
        "2019-11": {
            "month": "2019-11",
            "price": "26.58",
            "revenue": 35016
        },
        "2019-12": {
            "month": "2019-12",
            "price": "24.74",
            "revenue": 30540
        },
        "2020-01": {
            "month": "2020-01",
            "price": "23.69",
            "revenue": 20226
        },
        "2020-02": {
            "month": "2020-02",
            "price": "20.68",
            "revenue": 22791
        },
        "2020-03": {
            "month": "2020-03",
            "price": "17.21",
            "revenue": 19345
        },
        "2020-04": {
            "month": "2020-04",
            "price": "16.38",
            "revenue": 17237
        },
        "2020-05": {
            "month": "2020-05",
            "price": "16.20",
            "revenue": 20246
        },
        "2020-06": {
            "month": "2020-06",
            "price": "18.66",
            "revenue": 18037
        },
        "2020-07": {
            "month": "2020-07",
            "price": "20.79",
            "revenue": 16917
        },
        "2020-08": {
            "month": "2020-08",
            "price": "20.06",
            "revenue": 17467
        },
        "2020-09": {
            "month": "2020-09",
            "price": "17.70",
            "revenue": 14001
        },
        "2020-10": {
            "month": "2020-10",
            "price": "17.02",
            "revenue": 4369
        },
        "2020-11": {
            "month": "2020-11",
            "price": "16.40",
            "revenue": 16924
        },
        "2020-12": {
            "month": "2020-12",
            "price": "17.43",
            "revenue": 13278
        },
        "2021-01": {
            "month": "2021-01",
            "price": "16.76",
            "revenue": 14424
        },
        "2021-02": {
            "month": "2021-02",
            "price": "16.31",
            "revenue": 7642
        },
        "2021-03": {
            "month": "2021-03",
            "price": "17.02",
            "revenue": 14196
        },
        "2021-04": {
            "month": "2021-04",
            "price": "19.28",
            "revenue": 6241
        },
        "2021-05": {
            "month": "2021-05",
            "price": "17.68",
            "revenue": 10423
        },
        "2021-06": {
            "month": "2021-06",
            "price": "17.09",
            "revenue": 11044
        },
        "2021-07": {
            "month": "2021-07",
            "price": "16.57",
            "revenue": 6570
        },
        "2021-08": {
            "month": "2021-08",
            "price": "17.43",
            "revenue": 10111
        },
        "2021-09": {
            "month": "2021-09",
            "price": "23.30",
            "revenue": 11911
        },
        "2021-10": {
            "month": "2021-10",
            "price": "32.78",
            "revenue": 11017
        },
        "2021-11": {
            "month": "2021-11",
            "price": "28.78",
            "revenue": 17374
        },
        "2021-12": {
            "month": "2021-12",
            "price": "30.71",
            "revenue": 11431
        },
        "2022-01": {
            "month": "2022-01",
            "price": "28.50",
            "revenue": 14765
        },
        "2022-02": {
            "month": "2022-02",
            "price": "31.14",
            "revenue": 7943
        },
        "2022-03": {
            "month": "2022-03",
            "price": "28.32",
            "revenue": 8296
        },
        "2022-04": {
            "month": "2022-04",
            "price": "24.58",
            "revenue": 11416
        },
        "2022-05": {
            "month": "2022-05",
            "price": "26.75",
            "revenue": 13467
        },
        "2022-06": {
            "month": "2022-06",
            "price": "38.77",
            "revenue": 14169
        },
        "2022-07": {
            "month": "2022-07",
            "price": "38.81",
            "revenue": 15522
        },
        "2022-08": {
            "month": "2022-08",
            "price": "38.12",
            "revenue": 17167
        },
        "2022-09": {
            "month": "2022-09",
            "price": "38.50",
            "revenue": 18521
        },
        "2022-10": {
            "month": "2022-10",
            "price": "33.53",
            "revenue": 20016
        },
        "2022-11": {
            "month": "2022-11",
            "price": "35.33",
            "revenue": 19339
        },
        "2022-12": {
            "month": "2022-12",
            "price": "36.78",
            "revenue": 16679
        },
        "2023-01": {
            "month": "2023-01",
            "price": "37.61",
            "revenue": 15605
        },
        "2023-02": {
            "month": "2023-02",
            "price": "43.61",
            "revenue": 13510
        },
        "2023-03": {
            "month": "2023-03",
            "price": "46.43",
            "revenue": 15012
        },
        "2023-04": {
            "month": "2023-04",
            "price": "54.54",
            "revenue": 19273
        },
        "2023-05": {
            "month": "2023-05",
            "price": "60.02",
            "revenue": 14898
        },
        "2023-06": {
            "month": "2023-06",
            "price": "64.27",
            "revenue": 21848
        },
        "2023-07": {
            "month": "2023-07",
            "price": "73.46",
            "revenue": 27219
        },
        "2023-08": {
            "month": "2023-08",
            "price": "60.55",
            "revenue": 21990
        },
        "2023-09": {
            "month": "2023-09",
            "price": "51.66",
            "revenue": 30688
        },
        "2023-10": {
            "month": "2023-10",
            "price": "56.61",
            "revenue": 31860
        },
        "2023-11": {
            "month": "2023-11",
            "price": "52.20",
            "revenue": 32460
        },
        "2023-12": {
            "month": "2023-12",
            "price": "54.26",
            "revenue": 30389
        }
    }
}
