{
    "summary": {
        "stock_name": "崇友",
        "stock_id": "4506",
        "category": "電機機械",
        "main_business": "客、貨、病床用電梯，電扶梯及維修保養。<br>發電機。",
        "website_url": "http://www.gfc.com.tw",
        "ceo": "游本立",
        "pe_ratio": 17,
        "report_year_from": 2001,
        "report_year_to": 2023,
        "age": 22,
        "eps_negative_percentage": 0,
        "eps_growth_avg": {
            "last_all": 17.2,
            "last_2y": 7.58,
            "last_4y": 2.48,
            "last_8y": 14.26,
            "last_12y": 20.23,
            "last_16y": 17.77,
            "last_20y": 17.2,
            "at_2006_last_3y": 33.71,
            "at_2007_last_3y": 14.31,
            "at_2008_last_3y": 15.43,
            "at_2009_last_3y": 9.78,
            "at_2010_last_3y": 31.68,
            "at_2011_last_3y": 30.41,
            "at_2012_last_3y": 51.69,
            "at_2013_last_3y": 33.67,
            "at_2014_last_3y": 15.04,
            "at_2015_last_3y": 19.83,
            "at_2016_last_3y": 21.17,
            "at_2017_last_3y": 28.99,
            "at_2018_last_3y": 21.25,
            "at_2019_last_3y": 13.65,
            "at_2020_last_3y": 8.26,
            "at_2021_last_3y": 0.88,
            "at_2022_last_3y": 7.2,
            "at_2023_last_3y": 7.2,
            "at_2006_last_all": 12.09,
            "at_2007_last_all": 13.81,
            "at_2008_last_all": 2.95,
            "at_2009_last_all": 12.26,
            "at_2010_last_all": 20.8,
            "at_2011_last_all": 20.45,
            "at_2012_last_all": 20.68,
            "at_2013_last_all": 19.4,
            "at_2014_last_all": 19.02,
            "at_2015_last_all": 20.27,
            "at_2016_last_all": 20.81,
            "at_2017_last_all": 21.79,
            "at_2018_last_all": 19.55,
            "at_2019_last_all": 18.8,
            "at_2020_last_all": 18.17,
            "at_2021_last_all": 17.61,
            "at_2022_last_all": 17.2,
            "at_2023_last_all": 17.2
        },
        "latest_eps": 4.62,
        "latest_price": 80.5,
        "latest_roe": 16.1,
        "latest_gross_margin": 34.36,
        "latest_equity": 5194269,
        "latest_revenue": 1148769,
        "latest_gross_profit": 394772,
        "latest_net_income": 240113,
        "latest_debt_ratio": 42.27,
        "latest_current_ratio": 169.52,
        "latest_account_receivable_turnover_ratio": 1.14,
        "latest_inventory_turnover_ratio": 0.32,
        "latest_reinvestment_rate": -0.31,
        "latest_research_to_sale_ratio": 1.02
    },
    "eps_dividends": {
        "1995": {
            "cash": 0,
            "stock": 6.5,
            "eps": 0
        },
        "1996": {
            "cash": 2,
            "stock": 2,
            "eps": 0
        },
        "1997": {
            "cash": 1.5,
            "stock": 2,
            "eps": 0
        },
        "1998": {
            "cash": 1.5,
            "stock": 1,
            "eps": 0
        },
        "1999": {
            "cash": 1,
            "stock": 1,
            "eps": 0
        },
        "2000": {
            "cash": 0.6,
            "stock": 0.6,
            "eps": 0
        },
        "2001": {
            "cash": 1.09,
            "stock": 0,
            "eps": 1.21
        },
        "2002": {
            "cash": 1,
            "stock": 0,
            "eps": 0.31
        },
        "2003": {
            "cash": 0.3,
            "stock": 0,
            "eps": 0.63
        },
        "2004": {
            "cash": 0.6,
            "stock": 0,
            "eps": 0.21
        },
        "2005": {
            "cash": 0.5,
            "stock": 0,
            "eps": 0.66
        },
        "2006": {
            "cash": 0.6,
            "stock": 0,
            "eps": 0.67
        },
        "2007": {
            "cash": 0.6,
            "stock": 0,
            "eps": 0.82
        },
        "2008": {
            "cash": 1,
            "stock": 0,
            "eps": 0.31
        },
        "2009": {
            "cash": 0.5,
            "stock": 0,
            "eps": 0.55
        },
        "2010": {
            "cash": 0.5,
            "stock": 0,
            "eps": 1.04
        },
        "2011": {
            "cash": 1,
            "stock": 0,
            "eps": 1.22
        },
        "2012": {
            "cash": 1,
            "stock": 0,
            "eps": 1.5
        },
        "2013": {
            "cash": 1,
            "stock": 0,
            "eps": 1.58
        },
        "2014": {
            "cash": 1,
            "stock": 0,
            "eps": 1.81
        },
        "2015": {
            "cash": 1.5,
            "stock": 0,
            "eps": 2.47
        },
        "2016": {
            "cash": 1.7,
            "stock": 0,
            "eps": 3.17
        },
        "2017": {
            "cash": 2.2,
            "stock": 0,
            "eps": 4.33
        },
        "2018": {
            "cash": 3.1,
            "stock": 0,
            "eps": 3.62
        },
        "2019": {
            "cash": 2.6,
            "stock": 0,
            "eps": 3.84
        },
        "2020": {
            "cash": 2.7,
            "stock": 0,
            "eps": 4.1
        },
        "2021": {
            "cash": 3,
            "stock": 0,
            "eps": 4.39
        },
        "2022": {
            "cash": 3.2,
            "stock": 0,
            "eps": 4.78
        },
        "2023": {
            "cash": 3.4,
            "stock": 0,
            "eps": 1.36
        }
    },
    "dividends": {
        "1995-04-25": {
            "cash": 0,
            "stock": 6.5
        },
        "1996-06-12": {
            "cash": 2,
            "stock": 2
        },
        "1997-06-12": {
            "cash": 1.5,
            "stock": 2
        },
        "1998-05-17": {
            "cash": 1.5,
            "stock": 1
        },
        "1999-05-28": {
            "cash": 1,
            "stock": 1
        },
        "2000-06-27": {
            "cash": 0.6,
            "stock": 0.6
        },
        "2001-05-22": {
            "cash": 1.09,
            "stock": 0
        },
        "2002-06-25": {
            "cash": 1,
            "stock": 0
        },
        "2003-06-24": {
            "cash": 0.3,
            "stock": 0
        },
        "2004-03-05": {
            "cash": 0.6,
            "stock": 0
        },
        "2005-03-29": {
            "cash": 0.5,
            "stock": 0
        },
        "2006-03-30": {
            "cash": 0.6,
            "stock": 0
        },
        "2007-03-27": {
            "cash": 0.6,
            "stock": 0
        },
        "2008-03-27": {
            "cash": 1,
            "stock": 0
        },
        "2009-03-27": {
            "cash": 0.5,
            "stock": 0
        },
        "2010-03-25": {
            "cash": 0.5,
            "stock": 0
        },
        "2011-03-30": {
            "cash": 1,
            "stock": 0
        },
        "2012-06-22": {
            "cash": 1,
            "stock": 0
        },
        "2013-06-19": {
            "cash": 1,
            "stock": 0
        },
        "2014-08-08": {
            "cash": 1,
            "stock": 0
        },
        "2015-08-07": {
            "cash": 1.5,
            "stock": 0
        },
        "2016-08-12": {
            "cash": 1.7,
            "stock": 0
        },
        "2017-08-09": {
            "cash": 2.2,
            "stock": 0
        },
        "2018-08-09": {
            "cash": 3.1,
            "stock": 0
        },
        "2019-08-09": {
            "cash": 2.6,
            "stock": 0
        },
        "2020-08-10": {
            "cash": 2.7,
            "stock": 0
        },
        "2021-09-15": {
            "cash": 3,
            "stock": 0
        },
        "2022-08-12": {
            "cash": 3.2,
            "stock": 0
        },
        "2023-03-24": {
            "cash": 3.4,
            "stock": 0
        }
    },
    "prices": {
        "200101": "9.45",
        "200102": "10.45",
        "200103": "11.04",
        "200104": "10.22",
        "200105": "9.27",
        "200106": "9.29",
        "200107": "9.33",
        "200108": "9.37",
        "200109": "8.96",
        "200110": "8.10",
        "200111": "8.15",
        "200112": "10.28",
        "200201": "10.86",
        "200202": "10.73",
        "200203": "10.69",
        "200204": "13.73",
        "200205": "15.12",
        "200206": "14.38",
        "200207": "13.12",
        "200208": "12.16",
        "200209": "12.08",
        "200210": "12.27",
        "200211": "12.67",
        "200212": "13.05",
        "200301": "13.06",
        "200302": "11.73",
        "200303": "10.40",
        "200304": "9.81",
        "200305": "8.91",
        "200306": "9.20",
        "200307": "8.96",
        "200308": "8.31",
        "200309": "8.26",
        "200310": "9.25",
        "200311": "9.83",
        "200312": "9.76",
        "200401": "10.52",
        "200402": "14.04",
        "200403": "15.16",
        "200404": "12.65",
        "200405": "10.49",
        "200406": "10.50",
        "200407": "10.12",
        "200408": "9.18",
        "200409": "10.11",
        "200410": "9.79",
        "200411": "9.10",
        "200412": "9.46",
        "200501": "10.25",
        "200502": "9.86",
        "200503": "9.15",
        "200504": "8.93",
        "200505": "9.03",
        "200506": "9.21",
        "200507": "9.53",
        "200508": "9.86",
        "200509": "10.10",
        "200510": "9.06",
        "200511": "9.31",
        "200512": "9.88",
        "200601": "9.92",
        "200602": "9.56",
        "200603": "9.21",
        "200604": "9.55",
        "200605": "9.87",
        "200606": "9.43",
        "200607": "9.23",
        "200608": "8.86",
        "200609": "8.65",
        "200610": "9.14",
        "200611": "9.55",
        "200612": "10.95",
        "200701": "11.68",
        "200702": "11.05",
        "200703": "10.84",
        "200704": "12.29",
        "200705": "12.66",
        "200706": "12.48",
        "200707": "15.48",
        "200708": "15.40",
        "200709": "15.97",
        "200710": "15.69",
        "200711": "14.02",
        "200712": "12.63",
        "200801": "12.55",
        "200802": "12.87",
        "200803": "14.23",
        "200804": "16.63",
        "200805": "16.24",
        "200806": "15.12",
        "200807": "13.54",
        "200808": "13.37",
        "200809": "10.00",
        "200810": "8.56",
        "200811": "7.83",
        "200812": "8.06",
        "200901": "8.23",
        "200902": "8.15",
        "200903": "8.41",
        "200904": "10.02",
        "200905": "10.21",
        "200906": "10.17",
        "200907": "10.24",
        "200908": "10.39",
        "200909": "10.42",
        "200910": "10.66",
        "200911": "11.37",
        "200912": "11.73",
        "201001": "12.10",
        "201002": "10.66",
        "201003": "11.51",
        "201004": "12.87",
        "201005": "12.63",
        "201006": "13.02",
        "201007": "12.86",
        "201008": "14.96",
        "201009": "14.99",
        "201010": "15.26",
        "201011": "14.76",
        "201012": "15.50",
        "201101": "15.36",
        "201102": "15.12",
        "201103": "14.79",
        "201104": "16.33",
        "201105": "16.45",
        "201106": "15.71",
        "201107": "16.42",
        "201108": "15.98",
        "201109": "14.80",
        "201110": "14.54",
        "201111": "14.42",
        "201112": "13.87",
        "201201": "14.00",
        "201202": "14.85",
        "201203": "15.19",
        "201204": "15.53",
        "201205": "17.23",
        "201206": "15.83",
        "201207": "16.92",
        "201208": "18.09",
        "201209": "17.58",
        "201210": "17.01",
        "201211": "16.70",
        "201212": "16.94",
        "201301": "17.59",
        "201302": "18.13",
        "201303": "18.92",
        "201304": "18.28",
        "201305": "19.05",
        "201306": "18.99",
        "201307": "20.55",
        "201308": "21.25",
        "201309": "20.93",
        "201310": "21.36",
        "201311": "21.15",
        "201312": "24.51",
        "201401": "23.96",
        "201402": "23.40",
        "201403": "23.41",
        "201404": "21.63",
        "201405": "21.15",
        "201406": "20.81",
        "201407": "20.40",
        "201408": "19.82",
        "201409": "19.91",
        "201410": "18.84",
        "201411": "18.86",
        "201412": "19.42",
        "201501": "19.75",
        "201502": "19.69",
        "201503": "20.11",
        "201504": "21.86",
        "201505": "23.00",
        "201506": "25.29",
        "201507": "25.52",
        "201508": "24.90",
        "201509": "31.53",
        "201510": "32.65",
        "201511": "29.94",
        "201512": "25.75",
        "201601": "23.33",
        "201602": "25.58",
        "201603": "28.05",
        "201604": "27.57",
        "201605": "27.83",
        "201606": "28.61",
        "201607": "30.47",
        "201608": "36.51",
        "201609": "38.58",
        "201610": "35.43",
        "201611": "34.71",
        "201612": "35.08",
        "201701": "35.68",
        "201702": "36.63",
        "201703": "37.81",
        "201704": "37.41",
        "201705": "39.97",
        "201706": "42.21",
        "201707": "44.95",
        "201708": "45.01",
        "201709": "45.85",
        "201710": "49.41",
        "201711": "51.68",
        "201712": "55.08",
        "201801": "54.91",
        "201802": "58.48",
        "201803": "59.76",
        "201804": "60.53",
        "201805": "58.63",
        "201806": "58.32",
        "201807": "58.13",
        "201808": "56.69",
        "201809": "56.21",
        "201810": "55.30",
        "201811": "56.23",
        "201812": "56.76",
        "201901": "57.34",
        "201902": "58.01",
        "201903": "59.08",
        "201904": "57.56",
        "201905": "57.99",
        "201906": "58.34",
        "201907": "58.68",
        "201908": "58.45",
        "201909": "58.05",
        "201910": "58.52",
        "201911": "59.35",
        "201912": "60.57",
        "202001": "60.85",
        "202002": "60.69",
        "202003": "56.42",
        "202004": "56.32",
        "202005": "57.03",
        "202006": "58.42",
        "202007": "58.04",
        "202008": "55.92",
        "202009": "55.98",
        "202010": "56.63",
        "202011": "57.28",
        "202012": "56.60",
        "202101": "56.06",
        "202102": "56.25",
        "202103": "57.32",
        "202104": "58.62",
        "202105": "57.91",
        "202106": "58.72",
        "202107": "59.30",
        "202108": "61.49",
        "202109": "67.40",
        "202110": "65.30",
        "202111": "65.33",
        "202112": "65.39",
        "202201": "65.57",
        "202202": "66.31",
        "202203": "67.72",
        "202204": "69.16",
        "202205": "68.65",
        "202206": "72.19",
        "202207": "70.95",
        "202208": "73.59",
        "202209": "76.11",
        "202210": "70.23",
        "202211": "67.64",
        "202212": "69.40",
        "202301": "69.93",
        "202302": "71.73",
        "202303": "75.30",
        "202304": "74.06",
        "202305": "75.93",
        "202306": "78.85"
    },
    "quarters": {
        "20011": {
            "year_quarter": 20011,
            "year": 2001,
            "quarter": 1,
            "eps": 0.29,
            "eps_growth_year": -21.62,
            "eps_4q": 1.04,
            "eps_4q_growth_year": -34.9,
            "roe": 1.91,
            "roe_4q": 1.91,
            "gross_profit": 127514,
            "gross_margin": 23.36,
            "gross_margin_4q_avg": 23.36,
            "net_income": 88302,
            "revenue": 545920,
            "common_shares": 3045720,
            "book_valuer_per_share": 15.29,
            "book_valuer_per_share_4q_avg": 15.29,
            "equity": 4656735,
            "current_ratio": 275.84,
            "debt_ratio": 18.16,
            "inventory_turnover_ratio": 0.36,
            "account_receivable_turnover_ratio": null,
            "reinvestment_rate": null,
            "research_to_sale_ratio": null,
            "price_fair": 0,
            "eps_avg_yearly": 0,
            "eps_latest_yearly": 0,
            "eps_growth_yearly": 0
        },
        "20012": {
            "year_quarter": 20012,
            "year": 2001,
            "quarter": 2,
            "eps": 0.02,
            "eps_growth_year": -92.59,
            "eps_4q": 0.69,
            "eps_4q_growth_year": -56.45,
            "roe": 0.16,
            "roe_4q": 2.07,
            "gross_profit": 118467,
            "gross_margin": 20.54,
            "gross_margin_4q_avg": 21.95,
            "net_income": 6988,
            "revenue": 576822,
            "common_shares": 3045720,
            "book_valuer_per_share": 14.16,
            "book_valuer_per_share_4q_avg": 14.73,
            "equity": 4313546,
            "current_ratio": 191.14,
            "debt_ratio": 27.43,
            "inventory_turnover_ratio": 0.39,
            "account_receivable_turnover_ratio": null,
            "reinvestment_rate": null,
            "research_to_sale_ratio": null,
            "price_fair": 0,
            "eps_avg_yearly": 0,
            "eps_latest_yearly": 0,
            "eps_growth_yearly": 0
        },
        "20013": {
            "year_quarter": 20013,
            "year": 2001,
            "quarter": 3,
            "eps": 0.87,
            "eps_growth_year": 123.08,
            "eps_4q": 1.26,
            "eps_4q_growth_year": -15.77,
            "roe": 6.03,
            "roe_4q": 8.1,
            "gross_profit": 109097,
            "gross_margin": 25.95,
            "gross_margin_4q_avg": 23.28,
            "net_income": 266086,
            "revenue": 420403,
            "common_shares": 3045720,
            "book_valuer_per_share": 14.8,
            "book_valuer_per_share_4q_avg": 14.75,
            "equity": 4506239,
            "current_ratio": 200.62,
            "debt_ratio": 24.57,
            "inventory_turnover_ratio": 0.24,
            "account_receivable_turnover_ratio": null,
            "reinvestment_rate": null,
            "research_to_sale_ratio": null,
            "price_fair": 0,
            "eps_avg_yearly": 0,
            "eps_latest_yearly": 0,
            "eps_growth_yearly": 0
        },
        "20014": {
            "year_quarter": 20014,
            "year": 2001,
            "quarter": 4,
            "eps": 0.03,
            "eps_growth_year": -62.5,
            "eps_4q": 1.26,
            "eps_4q_growth_year": 14.75,
            "roe": 0.2,
            "roe_4q": 8.3,
            "gross_profit": 149227,
            "gross_margin": 17.79,
            "gross_margin_4q_avg": 21.91,
            "net_income": 8839,
            "revenue": 838850,
            "common_shares": 2994950,
            "book_valuer_per_share": 15.11,
            "book_valuer_per_share_4q_avg": 14.84,
            "equity": 4525869,
            "current_ratio": 207.33,
            "debt_ratio": 29.78,
            "inventory_turnover_ratio": 0.5,
            "account_receivable_turnover_ratio": null,
            "reinvestment_rate": null,
            "research_to_sale_ratio": null,
            "price_fair": 0,
            "eps_avg_yearly": 0,
            "eps_latest_yearly": 0,
            "eps_growth_yearly": 0
        },
        "20021": {
            "year_quarter": 20021,
            "year": 2002,
            "quarter": 1,
            "eps": 0.2,
            "eps_growth_year": -31.03,
            "eps_4q": 1.19,
            "eps_4q_growth_year": 14.3,
            "roe": 1.26,
            "roe_4q": 7.65,
            "gross_profit": 119636,
            "gross_margin": 27.55,
            "gross_margin_4q_avg": 22.96,
            "net_income": 56849,
            "revenue": 434318,
            "common_shares": 2970000,
            "book_valuer_per_share": 15.12,
            "book_valuer_per_share_4q_avg": 14.8,
            "equity": 4489245,
            "current_ratio": 204.68,
            "debt_ratio": 25.95,
            "inventory_turnover_ratio": 0.24,
            "account_receivable_turnover_ratio": null,
            "reinvestment_rate": null,
            "research_to_sale_ratio": null,
            "price_fair": 28,
            "eps_avg_yearly": 0.8,
            "eps_latest_yearly": 0.8,
            "eps_growth_yearly": 2266.67
        },
        "20022": {
            "year_quarter": 20022,
            "year": 2002,
            "quarter": 2,
            "eps": 0.07,
            "eps_growth_year": 250,
            "eps_4q": 1.14,
            "eps_4q_growth_year": 66.51,
            "roe": 0.5,
            "roe_4q": 7.99,
            "gross_profit": 109862,
            "gross_margin": 22.81,
            "gross_margin_4q_avg": 23.53,
            "net_income": 21646,
            "revenue": 481724,
            "common_shares": 2970000,
            "book_valuer_per_share": 14.32,
            "book_valuer_per_share_4q_avg": 14.84,
            "equity": 4253541,
            "current_ratio": 179.32,
            "debt_ratio": 27.85,
            "inventory_turnover_ratio": 0.31,
            "account_receivable_turnover_ratio": null,
            "reinvestment_rate": null,
            "research_to_sale_ratio": null,
            "price_fair": 18.9,
            "eps_avg_yearly": 0.54,
            "eps_latest_yearly": 0.28,
            "eps_growth_yearly": 1003.33
        },
        "20023": {
            "year_quarter": 20023,
            "year": 2002,
            "quarter": 3,
            "eps": 0.18,
            "eps_growth_year": -79.31,
            "eps_4q": 0.47,
            "eps_4q_growth_year": -62.63,
            "roe": 1.27,
            "roe_4q": 3.2300000000000004,
            "gross_profit": 99680,
            "gross_margin": 23.03,
            "gross_margin_4q_avg": 22.8,
            "net_income": 53867,
            "revenue": 432824,
            "common_shares": 2970000,
            "book_valuer_per_share": 14.32,
            "book_valuer_per_share_4q_avg": 14.72,
            "equity": 4253060,
            "current_ratio": 218.41,
            "debt_ratio": 26.52,
            "inventory_turnover_ratio": 0.27,
            "account_receivable_turnover_ratio": null,
            "reinvestment_rate": null,
            "research_to_sale_ratio": null,
            "price_fair": 21,
            "eps_avg_yearly": 0.6,
            "eps_latest_yearly": 0.72,
            "eps_growth_yearly": 878.41
        },
        "20024": {
            "year_quarter": 20024,
            "year": 2002,
            "quarter": 4,
            "eps": -0.14,
            "eps_growth_year": -566.67,
            "eps_4q": 0.31,
            "eps_4q_growth_year": -75.33,
            "roe": -0.98,
            "roe_4q": 2.05,
            "gross_profit": 108511,
            "gross_margin": 12.21,
            "gross_margin_4q_avg": 21.4,
            "net_income": -41634,
            "revenue": 889030,
            "common_shares": 2970000,
            "book_valuer_per_share": 14.29,
            "book_valuer_per_share_4q_avg": 14.51,
            "equity": 4245199,
            "current_ratio": 243.16,
            "debt_ratio": 24.76,
            "inventory_turnover_ratio": 0.66,
            "account_receivable_turnover_ratio": null,
            "reinvestment_rate": -17.83,
            "research_to_sale_ratio": null,
            "price_fair": 21,
            "eps_avg_yearly": 0.6,
            "eps_latest_yearly": 0.72,
            "eps_growth_yearly": 878.41
        },
        "20031": {
            "year_quarter": 20031,
            "year": 2003,
            "quarter": 1,
            "eps": -0.05,
            "eps_growth_year": -125,
            "eps_4q": 0.06,
            "eps_4q_growth_year": -94.68,
            "roe": -0.35,
            "roe_4q": 0.43999999999999995,
            "gross_profit": 93694,
            "gross_margin": 19.03,
            "gross_margin_4q_avg": 19.27,
            "net_income": -14934,
            "revenue": 492296,
            "common_shares": 2970000,
            "book_valuer_per_share": 14.24,
            "book_valuer_per_share_4q_avg": 14.29,
            "equity": 4230192,
            "current_ratio": 263.23,
            "debt_ratio": 22.13,
            "inventory_turnover_ratio": 0.39,
            "account_receivable_turnover_ratio": null,
            "reinvestment_rate": -23.23,
            "research_to_sale_ratio": null,
            "price_fair": 21,
            "eps_avg_yearly": 0.6,
            "eps_latest_yearly": 0.72,
            "eps_growth_yearly": 878.41
        },
        "20032": {
            "year_quarter": 20032,
            "year": 2003,
            "quarter": 2,
            "eps": 0.18,
            "eps_growth_year": 157.14,
            "eps_4q": 0.17,
            "eps_4q_growth_year": -85.05,
            "roe": 1.27,
            "roe_4q": 1.21,
            "gross_profit": 99972,
            "gross_margin": 27.3,
            "gross_margin_4q_avg": 20.39,
            "net_income": 53412,
            "revenue": 366135,
            "common_shares": 2970000,
            "book_valuer_per_share": 14.06,
            "book_valuer_per_share_4q_avg": 14.23,
            "equity": 4175631,
            "current_ratio": 254.24,
            "debt_ratio": 23.26,
            "inventory_turnover_ratio": 0.28,
            "account_receivable_turnover_ratio": null,
            "reinvestment_rate": -23.4,
            "research_to_sale_ratio": null,
            "price_fair": 21,
            "eps_avg_yearly": 0.6,
            "eps_latest_yearly": 0.72,
            "eps_growth_yearly": 878.41
        },
        "20033": {
            "year_quarter": 20033,
            "year": 2003,
            "quarter": 3,
            "eps": 0.14,
            "eps_growth_year": -22.22,
            "eps_4q": 0.13,
            "eps_4q_growth_year": -72.6,
            "roe": 0.98,
            "roe_4q": 0.9199999999999999,
            "gross_profit": 81805,
            "gross_margin": 22.88,
            "gross_margin_4q_avg": 20.36,
            "net_income": 41148,
            "revenue": 357601,
            "common_shares": 2950000,
            "book_valuer_per_share": 14.25,
            "book_valuer_per_share_4q_avg": 14.21,
            "equity": 4203265,
            "current_ratio": 244.12,
            "debt_ratio": 24.8,
            "inventory_turnover_ratio": 0.27,
            "account_receivable_turnover_ratio": null,
            "reinvestment_rate": -26.44,
            "research_to_sale_ratio": null,
            "price_fair": 20.65,
            "eps_avg_yearly": 0.59,
            "eps_latest_yearly": 0.56,
            "eps_growth_yearly": 636.59
        },
        "20034": {
            "year_quarter": 20034,
            "year": 2003,
            "quarter": 4,
            "eps": 0.36,
            "eps_growth_year": null,
            "eps_4q": 0.63,
            "eps_4q_growth_year": 104.66,
            "roe": 2.46,
            "roe_4q": 4.36,
            "gross_profit": 141907,
            "gross_margin": 15.04,
            "gross_margin_4q_avg": 21.06,
            "net_income": 104446,
            "revenue": 943841,
            "common_shares": 2930000,
            "book_valuer_per_share": 14.68,
            "book_valuer_per_share_4q_avg": 14.31,
            "equity": 4300433,
            "current_ratio": 291.79,
            "debt_ratio": 23.65,
            "inventory_turnover_ratio": 0.7,
            "account_receivable_turnover_ratio": null,
            "reinvestment_rate": -19.76,
            "research_to_sale_ratio": null,
            "price_fair": 26.6,
            "eps_avg_yearly": 0.76,
            "eps_latest_yearly": 1.44,
            "eps_growth_yearly": 634.98
        },
        "20041": {
            "year_quarter": 20041,
            "year": 2004,
            "quarter": 1,
            "eps": 0.17,
            "eps_growth_year": null,
            "eps_4q": 0.88,
            "eps_4q_growth_year": 1282.31,
            "roe": 1.11,
            "roe_4q": 5.82,
            "gross_profit": 113815,
            "gross_margin": 27.99,
            "gross_margin_4q_avg": 23.3,
            "net_income": 47866,
            "revenue": 406666,
            "common_shares": 2930000,
            "book_valuer_per_share": 14.84,
            "book_valuer_per_share_4q_avg": 14.46,
            "equity": 4348224,
            "current_ratio": 275.49,
            "debt_ratio": 22.48,
            "inventory_turnover_ratio": 0.24,
            "account_receivable_turnover_ratio": null,
            "reinvestment_rate": -25.82,
            "research_to_sale_ratio": null,
            "price_fair": 26.13,
            "eps_avg_yearly": 0.75,
            "eps_latest_yearly": 0.68,
            "eps_growth_yearly": 493.97
        },
        "20042": {
            "year_quarter": 20042,
            "year": 2004,
            "quarter": 2,
            "eps": -0.03,
            "eps_growth_year": -116.67,
            "eps_4q": 0.63,
            "eps_4q_growth_year": 269.31,
            "roe": -0.2,
            "roe_4q": 4.35,
            "gross_profit": 94915,
            "gross_margin": 22.71,
            "gross_margin_4q_avg": 22.16,
            "net_income": -8536,
            "revenue": 417906,
            "common_shares": 2930000,
            "book_valuer_per_share": 14.14,
            "book_valuer_per_share_4q_avg": 14.48,
            "equity": 4144266,
            "current_ratio": 238.86,
            "debt_ratio": 25.69,
            "inventory_turnover_ratio": 0.27,
            "account_receivable_turnover_ratio": null,
            "reinvestment_rate": -30.11,
            "research_to_sale_ratio": null,
            "price_fair": 26.13,
            "eps_avg_yearly": 0.75,
            "eps_latest_yearly": 0.68,
            "eps_growth_yearly": 493.97
        },
        "20043": {
            "year_quarter": 20043,
            "year": 2004,
            "quarter": 3,
            "eps": 0.06,
            "eps_growth_year": -57.14,
            "eps_4q": 0.59,
            "eps_4q_growth_year": 353.05,
            "roe": 0.4,
            "roe_4q": 3.77,
            "gross_profit": 111967,
            "gross_margin": 23.11,
            "gross_margin_4q_avg": 22.21,
            "net_income": 16412,
            "revenue": 484506,
            "common_shares": 2865970,
            "book_valuer_per_share": 14.47,
            "book_valuer_per_share_4q_avg": 14.53,
            "equity": 4145982,
            "current_ratio": 265.79,
            "debt_ratio": 23.13,
            "inventory_turnover_ratio": 0.31,
            "account_receivable_turnover_ratio": null,
            "reinvestment_rate": -30,
            "research_to_sale_ratio": null,
            "price_fair": 26.13,
            "eps_avg_yearly": 0.75,
            "eps_latest_yearly": 0.68,
            "eps_growth_yearly": 493.97
        },
        "20044": {
            "year_quarter": 20044,
            "year": 2004,
            "quarter": 4,
            "eps": 0.01,
            "eps_growth_year": -97.22,
            "eps_4q": 0.21,
            "eps_4q_growth_year": -66.9,
            "roe": 0.1,
            "roe_4q": 1.4100000000000001,
            "gross_profit": 116325,
            "gross_margin": 13.67,
            "gross_margin_4q_avg": 21.87,
            "net_income": 4003,
            "revenue": 850741,
            "common_shares": 2850000,
            "book_valuer_per_share": 14.52,
            "book_valuer_per_share_4q_avg": 14.49,
            "equity": 4139369,
            "current_ratio": 243.83,
            "debt_ratio": 29.91,
            "inventory_turnover_ratio": 0.59,
            "account_receivable_turnover_ratio": null,
            "reinvestment_rate": -27.51,
            "research_to_sale_ratio": null,
            "price_fair": 22.6,
            "eps_avg_yearly": 0.65,
            "eps_latest_yearly": 0.04,
            "eps_growth_yearly": 375.78
        },
        "20051": {
            "year_quarter": 20051,
            "year": 2005,
            "quarter": 1,
            "eps": 0.35,
            "eps_growth_year": 105.88,
            "eps_4q": 0.39,
            "eps_4q_growth_year": -55.39,
            "roe": 2.41,
            "roe_4q": 2.71,
            "gross_profit": 107450,
            "gross_margin": 27.81,
            "gross_margin_4q_avg": 21.83,
            "net_income": 101083,
            "revenue": 386384,
            "common_shares": 2850000,
            "book_valuer_per_share": 14.88,
            "book_valuer_per_share_4q_avg": 14.5,
            "equity": 4239726,
            "current_ratio": 260.99,
            "debt_ratio": 24.33,
            "inventory_turnover_ratio": 0.23,
            "account_receivable_turnover_ratio": null,
            "reinvestment_rate": -27.07,
            "research_to_sale_ratio": null,
            "price_fair": 25.9,
            "eps_avg_yearly": 0.74,
            "eps_latest_yearly": 1.4,
            "eps_growth_yearly": 2028.81
        },
        "20052": {
            "year_quarter": 20052,
            "year": 2005,
            "quarter": 2,
            "eps": 0.19,
            "eps_growth_year": null,
            "eps_4q": 0.61,
            "eps_4q_growth_year": -4.03,
            "roe": 1.32,
            "roe_4q": 4.23,
            "gross_profit": 106430,
            "gross_margin": 27.41,
            "gross_margin_4q_avg": 23,
            "net_income": 55528,
            "revenue": 388309,
            "common_shares": 2850000,
            "book_valuer_per_share": 14.57,
            "book_valuer_per_share_4q_avg": 14.61,
            "equity": 4153024,
            "current_ratio": 268.31,
            "debt_ratio": 26.65,
            "inventory_turnover_ratio": 0.25,
            "account_receivable_turnover_ratio": null,
            "reinvestment_rate": -24.75,
            "research_to_sale_ratio": null,
            "price_fair": 25.98,
            "eps_avg_yearly": 0.74,
            "eps_latest_yearly": 0.76,
            "eps_growth_yearly": 1783.07
        },
        "20053": {
            "year_quarter": 20053,
            "year": 2005,
            "quarter": 3,
            "eps": 0.29,
            "eps_growth_year": 383.33,
            "eps_4q": 0.86,
            "eps_4q_growth_year": 46.48,
            "roe": 1.96,
            "roe_4q": 5.79,
            "gross_profit": 122122,
            "gross_margin": 25.46,
            "gross_margin_4q_avg": 23.59,
            "net_income": 82027,
            "revenue": 479739,
            "common_shares": 2850000,
            "book_valuer_per_share": 14.86,
            "book_valuer_per_share_4q_avg": 14.71,
            "equity": 4235051,
            "current_ratio": 303.89,
            "debt_ratio": 23.9,
            "inventory_turnover_ratio": 0.31,
            "account_receivable_turnover_ratio": null,
            "reinvestment_rate": -34.32,
            "research_to_sale_ratio": null,
            "price_fair": 27.44,
            "eps_avg_yearly": 0.78,
            "eps_latest_yearly": 1.16,
            "eps_growth_yearly": 1625.81
        },
        "20054": {
            "year_quarter": 20054,
            "year": 2005,
            "quarter": 4,
            "eps": -0.17,
            "eps_growth_year": -1800,
            "eps_4q": 0.66,
            "eps_4q_growth_year": 214.28,
            "roe": -1.18,
            "roe_4q": 4.51,
            "gross_profit": 29367,
            "gross_margin": 3.05,
            "gross_margin_4q_avg": 20.93,
            "net_income": -49791,
            "revenue": 962449,
            "common_shares": 2850000,
            "book_valuer_per_share": 14.72,
            "book_valuer_per_share_4q_avg": 14.76,
            "equity": 4194325,
            "current_ratio": 315.55,
            "debt_ratio": 26.14,
            "inventory_turnover_ratio": 0.78,
            "account_receivable_turnover_ratio": null,
            "reinvestment_rate": -36.8,
            "research_to_sale_ratio": null,
            "price_fair": 27.44,
            "eps_avg_yearly": 0.78,
            "eps_latest_yearly": 1.16,
            "eps_growth_yearly": 1625.81
        },
        "20061": {
            "year_quarter": 20061,
            "year": 2006,
            "quarter": 1,
            "eps": 0.17,
            "eps_growth_year": -51.43,
            "eps_4q": 0.48,
            "eps_4q_growth_year": 23.68,
            "roe": 1.13,
            "roe_4q": 3.23,
            "gross_profit": 129413,
            "gross_margin": 30.36,
            "gross_margin_4q_avg": 21.57,
            "net_income": 47555,
            "revenue": 426310,
            "common_shares": 2850000,
            "book_valuer_per_share": 14.89,
            "book_valuer_per_share_4q_avg": 14.76,
            "equity": 4243707,
            "current_ratio": 468.46,
            "debt_ratio": 18.09,
            "inventory_turnover_ratio": 0.26,
            "account_receivable_turnover_ratio": null,
            "reinvestment_rate": -36.97,
            "research_to_sale_ratio": null,
            "price_fair": 27.38,
            "eps_avg_yearly": 0.78,
            "eps_latest_yearly": 1.16,
            "eps_growth_yearly": 1554.61
        },
        "20062": {
            "year_quarter": 20062,
            "year": 2006,
            "quarter": 2,
            "eps": 0.13,
            "eps_growth_year": -31.58,
            "eps_4q": 0.41,
            "eps_4q_growth_year": -32.71,
            "roe": 0.88,
            "roe_4q": 2.79,
            "gross_profit": 129058,
            "gross_margin": 22.5,
            "gross_margin_4q_avg": 20.34,
            "net_income": 37366,
            "revenue": 573494,
            "common_shares": 2850000,
            "book_valuer_per_share": 14.76,
            "book_valuer_per_share_4q_avg": 14.81,
            "equity": 4206426,
            "current_ratio": 387.12,
            "debt_ratio": 21.31,
            "inventory_turnover_ratio": 0.4,
            "account_receivable_turnover_ratio": null,
            "reinvestment_rate": -35.41,
            "research_to_sale_ratio": null,
            "price_fair": 28.31,
            "eps_avg_yearly": 0.81,
            "eps_latest_yearly": 0.52,
            "eps_growth_yearly": 1573.04
        },
        "20063": {
            "year_quarter": 20063,
            "year": 2006,
            "quarter": 3,
            "eps": 0.16,
            "eps_growth_year": -44.83,
            "eps_4q": 0.29,
            "eps_4q_growth_year": -66.7,
            "roe": 1.06,
            "roe_4q": 1.89,
            "gross_profit": 135645,
            "gross_margin": 25.45,
            "gross_margin_4q_avg": 20.34,
            "net_income": 44741,
            "revenue": 532952,
            "common_shares": 2850000,
            "book_valuer_per_share": 14.96,
            "book_valuer_per_share_4q_avg": 14.83,
            "equity": 4262956,
            "current_ratio": 445.89,
            "debt_ratio": 18.35,
            "inventory_turnover_ratio": 0.33,
            "account_receivable_turnover_ratio": null,
            "reinvestment_rate": -32.93,
            "research_to_sale_ratio": null,
            "price_fair": 28,
            "eps_avg_yearly": 0.8,
            "eps_latest_yearly": 0.64,
            "eps_growth_yearly": 1513.46
        },
        "20064": {
            "year_quarter": 20064,
            "year": 2006,
            "quarter": 4,
            "eps": 0.21,
            "eps_growth_year": null,
            "eps_4q": 0.67,
            "eps_4q_growth_year": 1.92,
            "roe": 1.37,
            "roe_4q": 4.4399999999999995,
            "gross_profit": 125973,
            "gross_margin": 14.91,
            "gross_margin_4q_avg": 23.31,
            "net_income": 58857,
            "revenue": 845059,
            "common_shares": 2850000,
            "book_valuer_per_share": 15.11,
            "book_valuer_per_share_4q_avg": 14.93,
            "equity": 4307014,
            "current_ratio": 326.63,
            "debt_ratio": 25.39,
            "inventory_turnover_ratio": 0.52,
            "account_receivable_turnover_ratio": null,
            "reinvestment_rate": -27.13,
            "research_to_sale_ratio": null,
            "price_fair": 28.14,
            "eps_avg_yearly": 0.8,
            "eps_latest_yearly": 0.84,
            "eps_growth_yearly": 1374.61
        },
        "20071": {
            "year_quarter": 20071,
            "year": 2007,
            "quarter": 1,
            "eps": 0.38,
            "eps_growth_year": 123.53,
            "eps_4q": 0.88,
            "eps_4q_growth_year": 81.76,
            "roe": 2.46,
            "roe_4q": 5.7700000000000005,
            "gross_profit": 135531,
            "gross_margin": 29.14,
            "gross_margin_4q_avg": 23,
            "net_income": 107294,
            "revenue": 465035,
            "common_shares": 2850000,
            "book_valuer_per_share": 15.54,
            "book_valuer_per_share_4q_avg": 15.09,
            "equity": 4427746,
            "current_ratio": 429.41,
            "debt_ratio": 19.23,
            "inventory_turnover_ratio": 0.23,
            "account_receivable_turnover_ratio": null,
            "reinvestment_rate": -21.73,
            "research_to_sale_ratio": null,
            "price_fair": 30.42,
            "eps_avg_yearly": 0.87,
            "eps_latest_yearly": 1.52,
            "eps_growth_yearly": 1279.08
        },
        "20072": {
            "year_quarter": 20072,
            "year": 2007,
            "quarter": 2,
            "eps": 0.26,
            "eps_growth_year": 100,
            "eps_4q": 1.01,
            "eps_4q_growth_year": 148.53,
            "roe": 1.68,
            "roe_4q": 6.57,
            "gross_profit": 132898,
            "gross_margin": 22.72,
            "gross_margin_4q_avg": 23.06,
            "net_income": 72817,
            "revenue": 584874,
            "common_shares": 2850000,
            "book_valuer_per_share": 14.85,
            "book_valuer_per_share_4q_avg": 15.12,
            "equity": 4232305,
            "current_ratio": 366.25,
            "debt_ratio": 22.22,
            "inventory_turnover_ratio": 0.33,
            "account_receivable_turnover_ratio": null,
            "reinvestment_rate": -20.37,
            "research_to_sale_ratio": null,
            "price_fair": 30.92,
            "eps_avg_yearly": 0.88,
            "eps_latest_yearly": 1.04,
            "eps_growth_yearly": 1161.97
        },
        "20073": {
            "year_quarter": 20073,
            "year": 2007,
            "quarter": 3,
            "eps": 0.18,
            "eps_growth_year": 12.5,
            "eps_4q": 1.01,
            "eps_4q_growth_year": 254.07,
            "roe": 1.22,
            "roe_4q": 6.7299999999999995,
            "gross_profit": 173199,
            "gross_margin": 24.38,
            "gross_margin_4q_avg": 22.79,
            "net_income": 51741,
            "revenue": 710337,
            "common_shares": 2850000,
            "book_valuer_per_share": 15.01,
            "book_valuer_per_share_4q_avg": 15.13,
            "equity": 4278842,
            "current_ratio": 347.9,
            "debt_ratio": 23.58,
            "inventory_turnover_ratio": 0.39,
            "account_receivable_turnover_ratio": null,
            "reinvestment_rate": -18.79,
            "research_to_sale_ratio": null,
            "price_fair": 31.38,
            "eps_avg_yearly": 0.9,
            "eps_latest_yearly": 0.72,
            "eps_growth_yearly": 1159.12
        },
        "20074": {
            "year_quarter": 20074,
            "year": 2007,
            "quarter": 4,
            "eps": 0,
            "eps_growth_year": -100,
            "eps_4q": 0.81,
            "eps_4q_growth_year": 19.7,
            "roe": 0,
            "roe_4q": 5.359999999999999,
            "gross_profit": 121929,
            "gross_margin": 12,
            "gross_margin_4q_avg": 22.06,
            "net_income": 18,
            "revenue": 1016337,
            "common_shares": 2850000,
            "book_valuer_per_share": 15.02,
            "book_valuer_per_share_4q_avg": 15.11,
            "equity": 4287715,
            "current_ratio": 305.75,
            "debt_ratio": 27.63,
            "inventory_turnover_ratio": 0.64,
            "account_receivable_turnover_ratio": null,
            "reinvestment_rate": -28.93,
            "research_to_sale_ratio": null,
            "price_fair": 29.65,
            "eps_avg_yearly": 0.85,
            "eps_latest_yearly": 0.72,
            "eps_growth_yearly": 1207.35
        },
        "20081": {
            "year_quarter": 20081,
            "year": 2008,
            "quarter": 1,
            "eps": 0.21,
            "eps_growth_year": -44.74,
            "eps_4q": 0.83,
            "eps_4q_growth_year": -5.88,
            "roe": 1.1,
            "roe_4q": 4,
            "gross_profit": 167910,
            "gross_margin": 16.66,
            "gross_margin_4q_avg": 18.94,
            "net_income": 42762,
            "revenue": 1007875,
            "common_shares": 1995000,
            "book_valuer_per_share": 17.3,
            "book_valuer_per_share_4q_avg": 15.55,
            "equity": 3461220,
            "current_ratio": 245.54,
            "debt_ratio": 31.6,
            "inventory_turnover_ratio": 0.61,
            "account_receivable_turnover_ratio": null,
            "reinvestment_rate": -11.99,
            "research_to_sale_ratio": null,
            "price_fair": 30.24,
            "eps_avg_yearly": 0.86,
            "eps_latest_yearly": 0.72,
            "eps_growth_yearly": 1349.19
        },
        "20082": {
            "year_quarter": 20082,
            "year": 2008,
            "quarter": 2,
            "eps": -0.05,
            "eps_growth_year": -119.23,
            "eps_4q": 0.42,
            "eps_4q_growth_year": -58.14,
            "roe": -0.35,
            "roe_4q": 1.9700000000000002,
            "gross_profit": 195428,
            "gross_margin": 16.73,
            "gross_margin_4q_avg": 17.44,
            "net_income": -11821,
            "revenue": 1168227,
            "common_shares": 1995000,
            "book_valuer_per_share": 16.35,
            "book_valuer_per_share_4q_avg": 15.92,
            "equity": 3271094,
            "current_ratio": 184.07,
            "debt_ratio": 38.67,
            "inventory_turnover_ratio": 0.74,
            "account_receivable_turnover_ratio": null,
            "reinvestment_rate": -5.73,
            "research_to_sale_ratio": null,
            "price_fair": 30.24,
            "eps_avg_yearly": 0.86,
            "eps_latest_yearly": 0.72,
            "eps_growth_yearly": 1349.19
        },
        "20083": {
            "year_quarter": 20083,
            "year": 2008,
            "quarter": 3,
            "eps": 0.18,
            "eps_growth_year": 0,
            "eps_4q": 0.35,
            "eps_4q_growth_year": -65.35,
            "roe": 1.08,
            "roe_4q": 1.83,
            "gross_profit": 149473,
            "gross_margin": 16.45,
            "gross_margin_4q_avg": 15.46,
            "net_income": 35301,
            "revenue": 908801,
            "common_shares": 1995000,
            "book_valuer_per_share": 16.39,
            "book_valuer_per_share_4q_avg": 16.27,
            "equity": 3277371,
            "current_ratio": 186.61,
            "debt_ratio": 38.48,
            "inventory_turnover_ratio": 0.61,
            "account_receivable_turnover_ratio": null,
            "reinvestment_rate": -3.28,
            "research_to_sale_ratio": null,
            "price_fair": 30.24,
            "eps_avg_yearly": 0.86,
            "eps_latest_yearly": 0.72,
            "eps_growth_yearly": 1349.19
        },
        "20084": {
            "year_quarter": 20084,
            "year": 2008,
            "quarter": 4,
            "eps": -0.03,
            "eps_growth_year": null,
            "eps_4q": 0.33,
            "eps_4q_growth_year": -59.44,
            "roe": -0.22,
            "roe_4q": 1.6100000000000003,
            "gross_profit": 199448,
            "gross_margin": 24.81,
            "gross_margin_4q_avg": 18.66,
            "net_income": -7133,
            "revenue": 804033,
            "common_shares": 1995000,
            "book_valuer_per_share": 15.76,
            "book_valuer_per_share_4q_avg": 16.45,
            "equity": 3151797,
            "current_ratio": 210.41,
            "debt_ratio": 36.25,
            "inventory_turnover_ratio": 0.5,
            "account_receivable_turnover_ratio": 1.87,
            "reinvestment_rate": -17.63,
            "research_to_sale_ratio": null,
            "price_fair": 33.44,
            "eps_avg_yearly": 0.96,
            "eps_latest_yearly": 0.72,
            "eps_growth_yearly": 1536.14
        },
        "20091": {
            "year_quarter": 20091,
            "year": 2009,
            "quarter": 1,
            "eps": 0.08,
            "eps_growth_year": -61.9,
            "eps_4q": 0.19,
            "eps_4q_growth_year": -77.34,
            "roe": 0.45,
            "roe_4q": 0.9600000000000001,
            "gross_profit": 123951,
            "gross_margin": 15.63,
            "gross_margin_4q_avg": 18.41,
            "net_income": 14143,
            "revenue": 792860,
            "common_shares": 1966800,
            "book_valuer_per_share": 16.14,
            "book_valuer_per_share_4q_avg": 16.16,
            "equity": 3184959,
            "current_ratio": 213.29,
            "debt_ratio": 35.91,
            "inventory_turnover_ratio": 0.57,
            "account_receivable_turnover_ratio": 0.94,
            "reinvestment_rate": -2.72,
            "research_to_sale_ratio": null,
            "price_fair": 31.5,
            "eps_avg_yearly": 0.9,
            "eps_latest_yearly": 0.72,
            "eps_growth_yearly": 28.16
        },
        "20092": {
            "year_quarter": 20092,
            "year": 2009,
            "quarter": 2,
            "eps": 0.03,
            "eps_growth_year": null,
            "eps_4q": 0.27,
            "eps_4q_growth_year": -37.08,
            "roe": 0.18,
            "roe_4q": 1.4900000000000002,
            "gross_profit": 157411,
            "gross_margin": 26.65,
            "gross_margin_4q_avg": 20.89,
            "net_income": 5725,
            "revenue": 590729,
            "common_shares": 1966800,
            "book_valuer_per_share": 15.81,
            "book_valuer_per_share_4q_avg": 16.03,
            "equity": 3116838,
            "current_ratio": 194.89,
            "debt_ratio": 38,
            "inventory_turnover_ratio": 0.38,
            "account_receivable_turnover_ratio": 0.73,
            "reinvestment_rate": -3.63,
            "research_to_sale_ratio": null,
            "price_fair": 24.41,
            "eps_avg_yearly": 0.82,
            "eps_latest_yearly": 0.12,
            "eps_growth_yearly": 19.77
        },
        "20093": {
            "year_quarter": 20093,
            "year": 2009,
            "quarter": 3,
            "eps": 0.24,
            "eps_growth_year": 33.33,
            "eps_4q": 0.32,
            "eps_4q_growth_year": -9.54,
            "roe": 1.51,
            "roe_4q": 1.9200000000000002,
            "gross_profit": 161477,
            "gross_margin": 24.14,
            "gross_margin_4q_avg": 22.81,
            "net_income": 47376,
            "revenue": 668781,
            "common_shares": 1966800,
            "book_valuer_per_share": 16.07,
            "book_valuer_per_share_4q_avg": 15.95,
            "equity": 3167917,
            "current_ratio": 189.7,
            "debt_ratio": 39.28,
            "inventory_turnover_ratio": 0.45,
            "account_receivable_turnover_ratio": 0.84,
            "reinvestment_rate": -2.89,
            "research_to_sale_ratio": null,
            "price_fair": 27.83,
            "eps_avg_yearly": 0.8,
            "eps_latest_yearly": 0.96,
            "eps_growth_yearly": 343.45
        },
        "20094": {
            "year_quarter": 20094,
            "year": 2009,
            "quarter": 4,
            "eps": 0.2,
            "eps_growth_year": null,
            "eps_4q": 0.55,
            "eps_4q_growth_year": 68,
            "roe": 1.2,
            "roe_4q": 3.3400000000000003,
            "gross_profit": 147416,
            "gross_margin": 16.67,
            "gross_margin_4q_avg": 20.77,
            "net_income": 38060,
            "revenue": 884501,
            "common_shares": 1966800,
            "book_valuer_per_share": 16.12,
            "book_valuer_per_share_4q_avg": 16.04,
            "equity": 3177668,
            "current_ratio": 201.35,
            "debt_ratio": 37.86,
            "inventory_turnover_ratio": 0.68,
            "account_receivable_turnover_ratio": 2.13,
            "reinvestment_rate": 60.54,
            "research_to_sale_ratio": null,
            "price_fair": 27.84,
            "eps_avg_yearly": 0.8,
            "eps_latest_yearly": 0.8,
            "eps_growth_yearly": 297.88
        },
        "20101": {
            "year_quarter": 20101,
            "year": 2010,
            "quarter": 1,
            "eps": 0.34,
            "eps_growth_year": 325,
            "eps_4q": 0.82,
            "eps_4q_growth_year": 336.15,
            "roe": 2.11,
            "roe_4q": 4.999999999999999,
            "gross_profit": 162361,
            "gross_margin": 27.51,
            "gross_margin_4q_avg": 23.74,
            "net_income": 67664,
            "revenue": 590120,
            "common_shares": 1966800,
            "book_valuer_per_share": 16.45,
            "book_valuer_per_share_4q_avg": 16.11,
            "equity": 3241704,
            "current_ratio": 205.5,
            "debt_ratio": 37.83,
            "inventory_turnover_ratio": 0.42,
            "account_receivable_turnover_ratio": 0.74,
            "reinvestment_rate": 74.95,
            "research_to_sale_ratio": 0.85,
            "price_fair": 29.82,
            "eps_avg_yearly": 0.85,
            "eps_latest_yearly": 1.36,
            "eps_growth_yearly": 296.09
        },
        "20102": {
            "year_quarter": 20102,
            "year": 2010,
            "quarter": 2,
            "eps": 0.18,
            "eps_growth_year": 504.94,
            "eps_4q": 0.97,
            "eps_4q_growth_year": 261.77,
            "roe": 1.11,
            "roe_4q": 5.93,
            "gross_profit": 187319,
            "gross_margin": 26.4,
            "gross_margin_4q_avg": 23.68,
            "net_income": 35483,
            "revenue": 709460,
            "common_shares": 1966800,
            "book_valuer_per_share": 16.07,
            "book_valuer_per_share_4q_avg": 16.18,
            "equity": 3166075,
            "current_ratio": 197.86,
            "debt_ratio": 39.74,
            "inventory_turnover_ratio": 0.5,
            "account_receivable_turnover_ratio": 0.91,
            "reinvestment_rate": 65.7,
            "research_to_sale_ratio": 0.76,
            "price_fair": 30.52,
            "eps_avg_yearly": 0.87,
            "eps_latest_yearly": 0.72,
            "eps_growth_yearly": 286.68
        },
        "20103": {
            "year_quarter": 20103,
            "year": 2010,
            "quarter": 3,
            "eps": 0.27,
            "eps_growth_year": 12.97,
            "eps_4q": 1,
            "eps_4q_growth_year": 213.92,
            "roe": 1.67,
            "roe_4q": 6.090000000000001,
            "gross_profit": 182841,
            "gross_margin": 24.15,
            "gross_margin_4q_avg": 23.68,
            "net_income": 53302,
            "revenue": 757083,
            "common_shares": 1966800,
            "book_valuer_per_share": 16.39,
            "book_valuer_per_share_4q_avg": 16.26,
            "equity": 3229181,
            "current_ratio": 203.69,
            "debt_ratio": 38.39,
            "inventory_turnover_ratio": 0.54,
            "account_receivable_turnover_ratio": 1.01,
            "reinvestment_rate": 69.05,
            "research_to_sale_ratio": 0.65,
            "price_fair": 32.06,
            "eps_avg_yearly": 0.92,
            "eps_latest_yearly": 1.08,
            "eps_growth_yearly": 297.45
        },
        "20104": {
            "year_quarter": 20104,
            "year": 2010,
            "quarter": 4,
            "eps": 0.25,
            "eps_growth_year": 27.22,
            "eps_4q": 1.05,
            "eps_4q_growth_year": 91.72,
            "roe": 1.55,
            "roe_4q": 6.4399999999999995,
            "gross_profit": 155535,
            "gross_margin": 14.27,
            "gross_margin_4q_avg": 23.08,
            "net_income": 50038,
            "revenue": 1089761,
            "common_shares": 1966800,
            "book_valuer_per_share": 16.32,
            "book_valuer_per_share_4q_avg": 16.31,
            "equity": 3216447,
            "current_ratio": 208.51,
            "debt_ratio": 38.04,
            "inventory_turnover_ratio": 1.04,
            "account_receivable_turnover_ratio": 1.43,
            "reinvestment_rate": 59.55,
            "research_to_sale_ratio": 0.43,
            "price_fair": 32.62,
            "eps_avg_yearly": 0.93,
            "eps_latest_yearly": 1,
            "eps_growth_yearly": 281.99
        },
        "20111": {
            "year_quarter": 20111,
            "year": 2011,
            "quarter": 1,
            "eps": 0.35,
            "eps_growth_year": 2.94,
            "eps_4q": 1.06,
            "eps_4q_growth_year": 29.09,
            "roe": 2.12,
            "roe_4q": 6.45,
            "gross_profit": 173774,
            "gross_margin": 28.67,
            "gross_margin_4q_avg": 23.37,
            "net_income": 68869,
            "revenue": 606180,
            "common_shares": 1966800,
            "book_valuer_per_share": 16.67,
            "book_valuer_per_share_4q_avg": 16.36,
            "equity": 3283875,
            "current_ratio": 236.26,
            "debt_ratio": 34.9,
            "inventory_turnover_ratio": 0.54,
            "account_receivable_turnover_ratio": 0.76,
            "reinvestment_rate": 79.44,
            "research_to_sale_ratio": 0.79,
            "price_fair": 32.2,
            "eps_avg_yearly": 0.92,
            "eps_latest_yearly": 1.4,
            "eps_growth_yearly": 265.61
        },
        "20112": {
            "year_quarter": 20112,
            "year": 2011,
            "quarter": 2,
            "eps": 0.24,
            "eps_growth_year": 31.07,
            "eps_4q": 1.11,
            "eps_4q_growth_year": 15.21,
            "roe": 1.46,
            "roe_4q": 6.8,
            "gross_profit": 176153,
            "gross_margin": 21.44,
            "gross_margin_4q_avg": 22.13,
            "net_income": 46944,
            "revenue": 821710,
            "common_shares": 1966800,
            "book_valuer_per_share": 15.92,
            "book_valuer_per_share_4q_avg": 16.33,
            "equity": 3137774,
            "current_ratio": 203.66,
            "debt_ratio": 38.13,
            "inventory_turnover_ratio": 0.77,
            "account_receivable_turnover_ratio": 1.06,
            "reinvestment_rate": 95.1,
            "research_to_sale_ratio": 0.62,
            "price_fair": 31.92,
            "eps_avg_yearly": 0.91,
            "eps_latest_yearly": 0.96,
            "eps_growth_yearly": 265.67
        },
        "20113": {
            "year_quarter": 20113,
            "year": 2011,
            "quarter": 3,
            "eps": 0.29,
            "eps_growth_year": 8.13,
            "eps_4q": 1.13,
            "eps_4q_growth_year": 13.99,
            "roe": 1.82,
            "roe_4q": 6.95,
            "gross_profit": 190120,
            "gross_margin": 25.43,
            "gross_margin_4q_avg": 22.45,
            "net_income": 57581,
            "revenue": 747510,
            "common_shares": 1966800,
            "book_valuer_per_share": 16.2,
            "book_valuer_per_share_4q_avg": 16.28,
            "equity": 3191922,
            "current_ratio": 202.74,
            "debt_ratio": 39.63,
            "inventory_turnover_ratio": 0.63,
            "account_receivable_turnover_ratio": 0.95,
            "reinvestment_rate": 91.42,
            "research_to_sale_ratio": 0.83,
            "price_fair": 33.46,
            "eps_avg_yearly": 0.96,
            "eps_latest_yearly": 1.16,
            "eps_growth_yearly": 286.31
        },
        "20114": {
            "year_quarter": 20114,
            "year": 2011,
            "quarter": 4,
            "eps": 0.34,
            "eps_growth_year": 33.34,
            "eps_4q": 1.22,
            "eps_4q_growth_year": 15.91,
            "roe": 2.07,
            "roe_4q": 7.47,
            "gross_profit": 241814,
            "gross_margin": 24.45,
            "gross_margin_4q_avg": 25,
            "net_income": 66962,
            "revenue": 989053,
            "common_shares": 1966800,
            "book_valuer_per_share": 16.69,
            "book_valuer_per_share_4q_avg": 16.37,
            "equity": 3292065,
            "current_ratio": 222.57,
            "debt_ratio": 38.42,
            "inventory_turnover_ratio": 0.84,
            "account_receivable_turnover_ratio": 1.19,
            "reinvestment_rate": 61.19,
            "research_to_sale_ratio": 0.75,
            "price_fair": 34.75,
            "eps_avg_yearly": 0.99,
            "eps_latest_yearly": 1.36,
            "eps_growth_yearly": 266.55
        },
        "20121": {
            "year_quarter": 20121,
            "year": 2012,
            "quarter": 1,
            "eps": 0.61,
            "eps_growth_year": 74.29,
            "eps_4q": 1.48,
            "eps_4q_growth_year": 40.01,
            "roe": 3.57,
            "roe_4q": 8.92,
            "gross_profit": 173682,
            "gross_margin": 24.77,
            "gross_margin_4q_avg": 24.02,
            "net_income": 119563,
            "revenue": 701060,
            "common_shares": 1966800,
            "book_valuer_per_share": 17.31,
            "book_valuer_per_share_4q_avg": 16.53,
            "equity": 3413747,
            "current_ratio": 231.9,
            "debt_ratio": 37.52,
            "inventory_turnover_ratio": 0.6,
            "account_receivable_turnover_ratio": 0.82,
            "reinvestment_rate": 55.24,
            "research_to_sale_ratio": 0.8,
            "price_fair": 38.97,
            "eps_avg_yearly": 1.11,
            "eps_latest_yearly": 2.44,
            "eps_growth_yearly": 270.81
        },
        "20122": {
            "year_quarter": 20122,
            "year": 2012,
            "quarter": 2,
            "eps": 0.29,
            "eps_growth_year": 22.5,
            "eps_4q": 1.53,
            "eps_4q_growth_year": 37.72,
            "roe": 1.71,
            "roe_4q": 9.17,
            "gross_profit": 162356,
            "gross_margin": 20.69,
            "gross_margin_4q_avg": 23.84,
            "net_income": 57017,
            "revenue": 784767,
            "common_shares": 1966800,
            "book_valuer_per_share": 16.43,
            "book_valuer_per_share_4q_avg": 16.66,
            "equity": 3239373,
            "current_ratio": 197.15,
            "debt_ratio": 41.84,
            "inventory_turnover_ratio": 0.69,
            "account_receivable_turnover_ratio": 0.87,
            "reinvestment_rate": 49.07,
            "research_to_sale_ratio": 0.68,
            "price_fair": 39.09,
            "eps_avg_yearly": 1.12,
            "eps_latest_yearly": 1.16,
            "eps_growth_yearly": 233.84
        },
        "20123": {
            "year_quarter": 20123,
            "year": 2012,
            "quarter": 3,
            "eps": 0.34,
            "eps_growth_year": 14.47,
            "eps_4q": 1.57,
            "eps_4q_growth_year": 38.79,
            "roe": 2.01,
            "roe_4q": 9.36,
            "gross_profit": 217558,
            "gross_margin": 22.55,
            "gross_margin_4q_avg": 23.12,
            "net_income": 65807,
            "revenue": 964689,
            "common_shares": 1966800,
            "book_valuer_per_share": 16.76,
            "book_valuer_per_share_4q_avg": 16.8,
            "equity": 3304333,
            "current_ratio": 202.59,
            "debt_ratio": 40.72,
            "inventory_turnover_ratio": 0.81,
            "account_receivable_turnover_ratio": 1.03,
            "reinvestment_rate": 50.98,
            "research_to_sale_ratio": 0.59,
            "price_fair": 39.7,
            "eps_avg_yearly": 1.13,
            "eps_latest_yearly": 1.36,
            "eps_growth_yearly": 222.06
        },
        "20124": {
            "year_quarter": 20124,
            "year": 2012,
            "quarter": 4,
            "eps": 0.26,
            "eps_growth_year": -22.38,
            "eps_4q": 1.5,
            "eps_4q_growth_year": 22.9,
            "roe": 1.61,
            "roe_4q": 8.9,
            "gross_profit": 184066,
            "gross_margin": 15.13,
            "gross_margin_4q_avg": 20.79,
            "net_income": 51824,
            "revenue": 1216687,
            "common_shares": 1966800,
            "book_valuer_per_share": 15.81,
            "book_valuer_per_share_4q_avg": 16.58,
            "equity": 3117160,
            "current_ratio": 228.4,
            "debt_ratio": 42.83,
            "inventory_turnover_ratio": 1.16,
            "account_receivable_turnover_ratio": 1.21,
            "reinvestment_rate": 45.98,
            "research_to_sale_ratio": 0.43,
            "price_fair": 39.48,
            "eps_avg_yearly": 1.13,
            "eps_latest_yearly": 1.04,
            "eps_growth_yearly": 200.98
        },
        "20131": {
            "year_quarter": 20131,
            "year": 2013,
            "quarter": 1,
            "eps": 0.61,
            "eps_growth_year": 0,
            "eps_4q": 1.5,
            "eps_4q_growth_year": 1.73,
            "roe": 3.76,
            "roe_4q": 9.09,
            "gross_profit": 238260,
            "gross_margin": 31.34,
            "gross_margin_4q_avg": 22.43,
            "net_income": 120305,
            "revenue": 760190,
            "common_shares": 1966800,
            "book_valuer_per_share": 16.72,
            "book_valuer_per_share_4q_avg": 16.43,
            "equity": 3290155,
            "current_ratio": 247.94,
            "debt_ratio": 39.26,
            "inventory_turnover_ratio": 0.61,
            "account_receivable_turnover_ratio": 0.77,
            "reinvestment_rate": 40.91,
            "research_to_sale_ratio": 0.8,
            "price_fair": 42.35,
            "eps_avg_yearly": 1.21,
            "eps_latest_yearly": 2.44,
            "eps_growth_yearly": 222.07
        },
        "20132": {
            "year_quarter": 20132,
            "year": 2013,
            "quarter": 2,
            "eps": 0.41,
            "eps_growth_year": 40.71,
            "eps_4q": 1.62,
            "eps_4q_growth_year": 5.69,
            "roe": 2.47,
            "roe_4q": 9.850000000000001,
            "gross_profit": 192587,
            "gross_margin": 26.04,
            "gross_margin_4q_avg": 23.77,
            "net_income": 79795,
            "revenue": 739493,
            "common_shares": 1966800,
            "book_valuer_per_share": 16.15,
            "book_valuer_per_share_4q_avg": 16.36,
            "equity": 3176241,
            "current_ratio": 206.72,
            "debt_ratio": 43.8,
            "inventory_turnover_ratio": 0.62,
            "account_receivable_turnover_ratio": 0.79,
            "reinvestment_rate": 35.27,
            "research_to_sale_ratio": 0.95,
            "price_fair": 45.68,
            "eps_avg_yearly": 1.31,
            "eps_latest_yearly": 1.64,
            "eps_growth_yearly": 229.5
        },
        "20133": {
            "year_quarter": 20133,
            "year": 2013,
            "quarter": 3,
            "eps": 0.44,
            "eps_growth_year": 31.12,
            "eps_4q": 1.72,
            "eps_4q_growth_year": 9.21,
            "roe": 2.66,
            "roe_4q": 10.5,
            "gross_profit": 203268,
            "gross_margin": 24.39,
            "gross_margin_4q_avg": 24.23,
            "net_income": 85555,
            "revenue": 833457,
            "common_shares": 1966800,
            "book_valuer_per_share": 16.55,
            "book_valuer_per_share_4q_avg": 16.31,
            "equity": 3254747,
            "current_ratio": 228.88,
            "debt_ratio": 40.91,
            "inventory_turnover_ratio": 0.71,
            "account_receivable_turnover_ratio": 0.87,
            "reinvestment_rate": 36.39,
            "research_to_sale_ratio": 0.6,
            "price_fair": 47.43,
            "eps_avg_yearly": 1.36,
            "eps_latest_yearly": 1.76,
            "eps_growth_yearly": 56.33
        },
        "20134": {
            "year_quarter": 20134,
            "year": 2013,
            "quarter": 4,
            "eps": 0.12,
            "eps_growth_year": -54.18,
            "eps_4q": 1.58,
            "eps_4q_growth_year": 5.22,
            "roe": 0.71,
            "roe_4q": 9.6,
            "gross_profit": 183349,
            "gross_margin": 14.2,
            "gross_margin_4q_avg": 23.99,
            "net_income": 23375,
            "revenue": 1291572,
            "common_shares": 1966800,
            "book_valuer_per_share": 16.79,
            "book_valuer_per_share_4q_avg": 16.55,
            "equity": 3303611,
            "current_ratio": 202.73,
            "debt_ratio": 43.08,
            "inventory_turnover_ratio": 1.24,
            "account_receivable_turnover_ratio": 1.32,
            "reinvestment_rate": -4.72,
            "research_to_sale_ratio": 0.59,
            "price_fair": 46.73,
            "eps_avg_yearly": 1.34,
            "eps_latest_yearly": 0.48,
            "eps_growth_yearly": 42.32
        },
        "20141": {
            "year_quarter": 20141,
            "year": 2014,
            "quarter": 1,
            "eps": 0.38,
            "eps_growth_year": -37.7,
            "eps_4q": 1.35,
            "eps_4q_growth_year": -10.39,
            "roe": 2.26,
            "roe_4q": 8.1,
            "gross_profit": 199219,
            "gross_margin": 25.41,
            "gross_margin_4q_avg": 22.51,
            "net_income": 75458,
            "revenue": 784059,
            "common_shares": 1966800,
            "book_valuer_per_share": 17.14,
            "book_valuer_per_share_4q_avg": 16.66,
            "equity": 3371634,
            "current_ratio": 186.95,
            "debt_ratio": 42.86,
            "inventory_turnover_ratio": 0.66,
            "account_receivable_turnover_ratio": 0.75,
            "reinvestment_rate": -5.42,
            "research_to_sale_ratio": 0.86,
            "price_fair": 47.08,
            "eps_avg_yearly": 1.35,
            "eps_latest_yearly": 1.52,
            "eps_growth_yearly": 78.98
        },
        "20142": {
            "year_quarter": 20142,
            "year": 2014,
            "quarter": 2,
            "eps": 0.49,
            "eps_growth_year": 19.51,
            "eps_4q": 1.44,
            "eps_4q_growth_year": -11.32,
            "roe": 2.93,
            "roe_4q": 8.559999999999999,
            "gross_profit": 231958,
            "gross_margin": 30.2,
            "gross_margin_4q_avg": 23.55,
            "net_income": 97234,
            "revenue": 768171,
            "common_shares": 1966800,
            "book_valuer_per_share": 16.64,
            "book_valuer_per_share_4q_avg": 16.78,
            "equity": 3273388,
            "current_ratio": 169.58,
            "debt_ratio": 45.78,
            "inventory_turnover_ratio": 0.6,
            "account_receivable_turnover_ratio": 0.69,
            "reinvestment_rate": 1.1,
            "research_to_sale_ratio": 0.92,
            "price_fair": 49.79,
            "eps_avg_yearly": 1.42,
            "eps_latest_yearly": 1.96,
            "eps_growth_yearly": 97.98
        },
        "20143": {
            "year_quarter": 20143,
            "year": 2014,
            "quarter": 3,
            "eps": 0.46,
            "eps_growth_year": 4.55,
            "eps_4q": 1.46,
            "eps_4q_growth_year": -15.02,
            "roe": 2.73,
            "roe_4q": 8.629999999999999,
            "gross_profit": 217325,
            "gross_margin": 25.89,
            "gross_margin_4q_avg": 23.93,
            "net_income": 90641,
            "revenue": 839493,
            "common_shares": 1966800,
            "book_valuer_per_share": 17.07,
            "book_valuer_per_share_4q_avg": 16.91,
            "equity": 3357440,
            "current_ratio": 170.89,
            "debt_ratio": 45.77,
            "inventory_turnover_ratio": 0.66,
            "account_receivable_turnover_ratio": 0.76,
            "reinvestment_rate": -4.2,
            "research_to_sale_ratio": 0.98,
            "price_fair": 51.45,
            "eps_avg_yearly": 1.47,
            "eps_latest_yearly": 1.84,
            "eps_growth_yearly": 83.95
        },
        "20144": {
            "year_quarter": 20144,
            "year": 2014,
            "quarter": 4,
            "eps": 0.48,
            "eps_growth_year": 298,
            "eps_4q": 1.82,
            "eps_4q_growth_year": 15.48,
            "roe": 2.78,
            "roe_4q": 10.7,
            "gross_profit": 243169,
            "gross_margin": 18.93,
            "gross_margin_4q_avg": 25.11,
            "net_income": 94465,
            "revenue": 1284245,
            "common_shares": 1966800,
            "book_valuer_per_share": 17.45,
            "book_valuer_per_share_4q_avg": 17.08,
            "equity": 3432412,
            "current_ratio": 175.08,
            "debt_ratio": 45.28,
            "inventory_turnover_ratio": 1.11,
            "account_receivable_turnover_ratio": 1.23,
            "reinvestment_rate": -5.95,
            "research_to_sale_ratio": 0.64,
            "price_fair": 53.46,
            "eps_avg_yearly": 1.53,
            "eps_latest_yearly": 1.92,
            "eps_growth_yearly": 86.89
        },
        "20151": {
            "year_quarter": 20151,
            "year": 2015,
            "quarter": 1,
            "eps": 0.68,
            "eps_growth_year": 78.95,
            "eps_4q": 2.11,
            "eps_4q_growth_year": 56.9,
            "roe": 3.9,
            "roe_4q": 12.34,
            "gross_profit": 273174,
            "gross_margin": 33.37,
            "gross_margin_4q_avg": 27.1,
            "net_income": 133420,
            "revenue": 818570,
            "common_shares": 1966800,
            "book_valuer_per_share": 17.31,
            "book_valuer_per_share_4q_avg": 17.12,
            "equity": 3404792,
            "current_ratio": 183.86,
            "debt_ratio": 46.4,
            "inventory_turnover_ratio": 0.58,
            "account_receivable_turnover_ratio": 0.79,
            "reinvestment_rate": -7.61,
            "research_to_sale_ratio": 0.83,
            "price_fair": 56.35,
            "eps_avg_yearly": 1.61,
            "eps_latest_yearly": 2.72,
            "eps_growth_yearly": 87.31
        },
        "20152": {
            "year_quarter": 20152,
            "year": 2015,
            "quarter": 2,
            "eps": 0.76,
            "eps_growth_year": 55.1,
            "eps_4q": 2.38,
            "eps_4q_growth_year": 65.79,
            "roe": 4.5,
            "roe_4q": 13.91,
            "gross_profit": 311920,
            "gross_margin": 27.42,
            "gross_margin_4q_avg": 26.4,
            "net_income": 149599,
            "revenue": 1137515,
            "common_shares": 1966800,
            "book_valuer_per_share": 16.47,
            "book_valuer_per_share_4q_avg": 17.08,
            "equity": 3238476,
            "current_ratio": 163.72,
            "debt_ratio": 50.29,
            "inventory_turnover_ratio": 0.83,
            "account_receivable_turnover_ratio": 1.05,
            "reinvestment_rate": -13.62,
            "research_to_sale_ratio": 0.64,
            "price_fair": 60.9,
            "eps_avg_yearly": 1.74,
            "eps_latest_yearly": 3.04,
            "eps_growth_yearly": 98.11
        },
        "20153": {
            "year_quarter": 20153,
            "year": 2015,
            "quarter": 3,
            "eps": 0.8,
            "eps_growth_year": 73.91,
            "eps_4q": 2.72,
            "eps_4q_growth_year": 86.33,
            "roe": 4.76,
            "roe_4q": 15.94,
            "gross_profit": 305315,
            "gross_margin": 22.49,
            "gross_margin_4q_avg": 25.55,
            "net_income": 157799,
            "revenue": 1357712,
            "common_shares": 1966800,
            "book_valuer_per_share": 17.24,
            "book_valuer_per_share_4q_avg": 17.12,
            "equity": 3391012,
            "current_ratio": 175.81,
            "debt_ratio": 47.93,
            "inventory_turnover_ratio": 1.02,
            "account_receivable_turnover_ratio": 1.15,
            "reinvestment_rate": -10.15,
            "research_to_sale_ratio": 0.61,
            "price_fair": 65.36,
            "eps_avg_yearly": 1.87,
            "eps_latest_yearly": 3.2,
            "eps_growth_yearly": 94.21
        },
        "20154": {
            "year_quarter": 20154,
            "year": 2015,
            "quarter": 4,
            "eps": 0.23,
            "eps_growth_year": -51.71,
            "eps_4q": 2.47,
            "eps_4q_growth_year": 35.88,
            "roe": 1.34,
            "roe_4q": 14.5,
            "gross_profit": 223138,
            "gross_margin": 29.89,
            "gross_margin_4q_avg": 28.29,
            "net_income": 45770,
            "revenue": 746493,
            "common_shares": 1966800,
            "book_valuer_per_share": 17.51,
            "book_valuer_per_share_4q_avg": 17.13,
            "equity": 3443744,
            "current_ratio": 169.73,
            "debt_ratio": 49.38,
            "inventory_turnover_ratio": 0.52,
            "account_receivable_turnover_ratio": 0.6,
            "reinvestment_rate": -5.4,
            "research_to_sale_ratio": 1.23,
            "price_fair": 64.4,
            "eps_avg_yearly": 1.84,
            "eps_latest_yearly": 0.92,
            "eps_growth_yearly": 72.09
        },
        "20161": {
            "year_quarter": 20161,
            "year": 2016,
            "quarter": 1,
            "eps": 1.12,
            "eps_growth_year": 64.71,
            "eps_4q": 2.91,
            "eps_4q_growth_year": 37.85,
            "roe": 6.2,
            "roe_4q": 16.8,
            "gross_profit": 380898,
            "gross_margin": 27.57,
            "gross_margin_4q_avg": 26.84,
            "net_income": 220020,
            "revenue": 1381419,
            "common_shares": 1966800,
            "book_valuer_per_share": 18.56,
            "book_valuer_per_share_4q_avg": 17.45,
            "equity": 3650651,
            "current_ratio": 166.68,
            "debt_ratio": 42.41,
            "inventory_turnover_ratio": 1.08,
            "account_receivable_turnover_ratio": 1.12,
            "reinvestment_rate": -10.16,
            "research_to_sale_ratio": 0.69,
            "price_fair": 68.86,
            "eps_avg_yearly": 1.97,
            "eps_latest_yearly": 4.48,
            "eps_growth_yearly": 148.98
        },
        "20162": {
            "year_quarter": 20162,
            "year": 2016,
            "quarter": 2,
            "eps": 0.9,
            "eps_growth_year": 18.42,
            "eps_4q": 3.05,
            "eps_4q_growth_year": 28.34,
            "roe": 4.96,
            "roe_4q": 17.259999999999998,
            "gross_profit": 336398,
            "gross_margin": 30.44,
            "gross_margin_4q_avg": 27.6,
            "net_income": 177224,
            "revenue": 1105092,
            "common_shares": 1966800,
            "book_valuer_per_share": 17.76,
            "book_valuer_per_share_4q_avg": 17.77,
            "equity": 3493944,
            "current_ratio": 153.52,
            "debt_ratio": 45.82,
            "inventory_turnover_ratio": 0.85,
            "account_receivable_turnover_ratio": 0.93,
            "reinvestment_rate": -11.53,
            "research_to_sale_ratio": 0.79,
            "price_fair": 74.2,
            "eps_avg_yearly": 2.12,
            "eps_latest_yearly": 3.6,
            "eps_growth_yearly": 157.18
        },
        "20163": {
            "year_quarter": 20163,
            "year": 2016,
            "quarter": 3,
            "eps": 0.73,
            "eps_growth_year": -8.75,
            "eps_4q": 2.98,
            "eps_4q_growth_year": 9.65,
            "roe": 4.04,
            "roe_4q": 16.54,
            "gross_profit": 300579,
            "gross_margin": 32.72,
            "gross_margin_4q_avg": 30.16,
            "net_income": 144014,
            "revenue": 918512,
            "common_shares": 1966800,
            "book_valuer_per_share": 18.49,
            "book_valuer_per_share_4q_avg": 18.08,
            "equity": 3635676,
            "current_ratio": 180.85,
            "debt_ratio": 38.86,
            "inventory_turnover_ratio": 0.69,
            "account_receivable_turnover_ratio": 0.9,
            "reinvestment_rate": -14.11,
            "research_to_sale_ratio": 0.99,
            "price_fair": 77.61,
            "eps_avg_yearly": 2.22,
            "eps_latest_yearly": 2.92,
            "eps_growth_yearly": 148.15
        },
        "20164": {
            "year_quarter": 20164,
            "year": 2016,
            "quarter": 4,
            "eps": 0.42,
            "eps_growth_year": 80.35,
            "eps_4q": 3.17,
            "eps_4q_growth_year": 28.2,
            "roe": 2.24,
            "roe_4q": 17.44,
            "gross_profit": 227410,
            "gross_margin": 28.89,
            "gross_margin_4q_avg": 29.91,
            "net_income": 82328,
            "revenue": 787200,
            "common_shares": 1966800,
            "book_valuer_per_share": 18.93,
            "book_valuer_per_share_4q_avg": 18.44,
            "equity": 3722370,
            "current_ratio": 177.12,
            "debt_ratio": 40.04,
            "inventory_turnover_ratio": 0.64,
            "account_receivable_turnover_ratio": 0.85,
            "reinvestment_rate": -12.5,
            "research_to_sale_ratio": 1.29,
            "price_fair": 79.01,
            "eps_avg_yearly": 2.26,
            "eps_latest_yearly": 1.68,
            "eps_growth_yearly": 143.42
        },
        "20171": {
            "year_quarter": 20171,
            "year": 2017,
            "quarter": 1,
            "eps": 2.04,
            "eps_growth_year": 82.14,
            "eps_4q": 4.09,
            "eps_4q_growth_year": 40.46,
            "roe": 10.23,
            "roe_4q": 21.470000000000002,
            "gross_profit": 406271,
            "gross_margin": 29.91,
            "gross_margin_4q_avg": 30.49,
            "net_income": 401564,
            "revenue": 1358362,
            "common_shares": 1966800,
            "book_valuer_per_share": 21,
            "book_valuer_per_share_4q_avg": 19.05,
            "equity": 4129574,
            "current_ratio": 210.35,
            "debt_ratio": 32.28,
            "inventory_turnover_ratio": 1.11,
            "account_receivable_turnover_ratio": 1.5,
            "reinvestment_rate": -10.84,
            "research_to_sale_ratio": 0.7,
            "price_fair": 91.53,
            "eps_avg_yearly": 2.62,
            "eps_latest_yearly": 8.16,
            "eps_growth_yearly": 206.19
        },
        "20172": {
            "year_quarter": 20172,
            "year": 2017,
            "quarter": 2,
            "eps": 0.76,
            "eps_growth_year": -15.56,
            "eps_4q": 3.96,
            "eps_4q_growth_year": 29.52,
            "roe": 3.76,
            "roe_4q": 20.27,
            "gross_profit": 307843,
            "gross_margin": 29.72,
            "gross_margin_4q_avg": 30.31,
            "net_income": 150251,
            "revenue": 1035780,
            "common_shares": 1966800,
            "book_valuer_per_share": 19.6,
            "book_valuer_per_share_4q_avg": 19.51,
            "equity": 3854846,
            "current_ratio": 165.98,
            "debt_ratio": 40.74,
            "inventory_turnover_ratio": 0.87,
            "account_receivable_turnover_ratio": 1.18,
            "reinvestment_rate": -9.48,
            "research_to_sale_ratio": 1.06,
            "price_fair": 94.59,
            "eps_avg_yearly": 2.7,
            "eps_latest_yearly": 3.04,
            "eps_growth_yearly": 198.7
        },
        "20173": {
            "year_quarter": 20173,
            "year": 2017,
            "quarter": 3,
            "eps": 0.82,
            "eps_growth_year": 12.33,
            "eps_4q": 4.44,
            "eps_4q_growth_year": 48.91,
            "roe": 3.98,
            "roe_4q": 20.21,
            "gross_profit": 297535,
            "gross_margin": 32.11,
            "gross_margin_4q_avg": 30.16,
            "net_income": 152570,
            "revenue": 926619,
            "common_shares": 1770120,
            "book_valuer_per_share": 21.49,
            "book_valuer_per_share_4q_avg": 20.26,
            "equity": 3803912,
            "current_ratio": 179.41,
            "debt_ratio": 36.87,
            "inventory_turnover_ratio": 0.77,
            "account_receivable_turnover_ratio": 1.02,
            "reinvestment_rate": -10.28,
            "research_to_sale_ratio": 0.91,
            "price_fair": 97.91,
            "eps_avg_yearly": 2.8,
            "eps_latest_yearly": 3.28,
            "eps_growth_yearly": 198.84
        },
        "20174": {
            "year_quarter": 20174,
            "year": 2017,
            "quarter": 4,
            "eps": 0.71,
            "eps_growth_year": 70.3,
            "eps_4q": 4.69,
            "eps_4q_growth_year": 47.96,
            "roe": 3.26,
            "roe_4q": 21.23,
            "gross_profit": 285569,
            "gross_margin": 29.67,
            "gross_margin_4q_avg": 30.35,
            "net_income": 126117,
            "revenue": 962587,
            "common_shares": 1770120,
            "book_valuer_per_share": 22.24,
            "book_valuer_per_share_4q_avg": 21.08,
            "equity": 3936260,
            "current_ratio": 193.65,
            "debt_ratio": 34.89,
            "inventory_turnover_ratio": 0.82,
            "account_receivable_turnover_ratio": 1.05,
            "reinvestment_rate": -10.82,
            "research_to_sale_ratio": 0.78,
            "price_fair": 103.08,
            "eps_avg_yearly": 2.95,
            "eps_latest_yearly": 2.84,
            "eps_growth_yearly": 213.67
        },
        "20181": {
            "year_quarter": 20181,
            "year": 2018,
            "quarter": 1,
            "eps": 1.18,
            "eps_growth_year": -42.16,
            "eps_4q": 3.61,
            "eps_4q_growth_year": -11.92,
            "roe": 5.17,
            "roe_4q": 16.17,
            "gross_profit": 342739,
            "gross_margin": 32.07,
            "gross_margin_4q_avg": 30.89,
            "net_income": 209246,
            "revenue": 1068874,
            "common_shares": 1770120,
            "book_valuer_per_share": 23.47,
            "book_valuer_per_share_4q_avg": 21.7,
            "equity": 4154459,
            "current_ratio": 199.84,
            "debt_ratio": 31.94,
            "inventory_turnover_ratio": 0.87,
            "account_receivable_turnover_ratio": 1.17,
            "reinvestment_rate": -13.57,
            "research_to_sale_ratio": 0.75,
            "price_fair": 110.08,
            "eps_avg_yearly": 3.15,
            "eps_latest_yearly": 4.72,
            "eps_growth_yearly": 176.06
        },
        "20182": {
            "year_quarter": 20182,
            "year": 2018,
            "quarter": 2,
            "eps": 0.8,
            "eps_growth_year": 5.26,
            "eps_4q": 3.56,
            "eps_4q_growth_year": -10.04,
            "roe": 3.59,
            "roe_4q": 16,
            "gross_profit": 321090,
            "gross_margin": 30.81,
            "gross_margin_4q_avg": 31.17,
            "net_income": 142121,
            "revenue": 1042115,
            "common_shares": 1770120,
            "book_valuer_per_share": 21.21,
            "book_valuer_per_share_4q_avg": 22.1,
            "equity": 3754206,
            "current_ratio": 163.24,
            "debt_ratio": 37.82,
            "inventory_turnover_ratio": 0.9,
            "account_receivable_turnover_ratio": 1.12,
            "reinvestment_rate": -13.93,
            "research_to_sale_ratio": 0.87,
            "price_fair": 112.79,
            "eps_avg_yearly": 3.22,
            "eps_latest_yearly": 3.2,
            "eps_growth_yearly": 160.77
        },
        "20183": {
            "year_quarter": 20183,
            "year": 2018,
            "quarter": 3,
            "eps": 0.75,
            "eps_growth_year": -8.54,
            "eps_4q": 3.45,
            "eps_4q_growth_year": -22.43,
            "roe": 3.48,
            "roe_4q": 15.5,
            "gross_profit": 288978,
            "gross_margin": 30.1,
            "gross_margin_4q_avg": 30.66,
            "net_income": 132734,
            "revenue": 960020,
            "common_shares": 1770120,
            "book_valuer_per_share": 21.93,
            "book_valuer_per_share_4q_avg": 22.21,
            "equity": 3881167,
            "current_ratio": 150.07,
            "debt_ratio": 43.95,
            "inventory_turnover_ratio": 0.45,
            "account_receivable_turnover_ratio": 1.04,
            "reinvestment_rate": -11.2,
            "research_to_sale_ratio": 0.82,
            "price_fair": 115.33,
            "eps_avg_yearly": 3.3,
            "eps_latest_yearly": 3,
            "eps_growth_yearly": 160.74
        },
        "20184": {
            "year_quarter": 20184,
            "year": 2018,
            "quarter": 4,
            "eps": 0.89,
            "eps_growth_year": 25.58,
            "eps_4q": 3.63,
            "eps_4q_growth_year": -22.64,
            "roe": 4,
            "roe_4q": 16.240000000000002,
            "gross_profit": 303642,
            "gross_margin": 25.77,
            "gross_margin_4q_avg": 29.69,
            "net_income": 158420,
            "revenue": 1178434,
            "common_shares": 1770120,
            "book_valuer_per_share": 22.81,
            "book_valuer_per_share_4q_avg": 22.36,
            "equity": 4037693,
            "current_ratio": 156.07,
            "debt_ratio": 42.81,
            "inventory_turnover_ratio": 0.41,
            "account_receivable_turnover_ratio": 1.3,
            "reinvestment_rate": -6.58,
            "research_to_sale_ratio": 0.96,
            "price_fair": 118.91,
            "eps_avg_yearly": 3.4,
            "eps_latest_yearly": 3.56,
            "eps_growth_yearly": 164.32
        },
        "20191": {
            "year_quarter": 20191,
            "year": 2019,
            "quarter": 1,
            "eps": 1.16,
            "eps_growth_year": -1.69,
            "eps_4q": 3.61,
            "eps_4q_growth_year": 0.1,
            "roe": 4.97,
            "roe_4q": 16.04,
            "gross_profit": 357834,
            "gross_margin": 34.72,
            "gross_margin_4q_avg": 30.35,
            "net_income": 205673,
            "revenue": 1030542,
            "common_shares": 1770120,
            "book_valuer_per_share": 23.98,
            "book_valuer_per_share_4q_avg": 22.48,
            "equity": 4244018,
            "current_ratio": 162.96,
            "debt_ratio": 40.82,
            "inventory_turnover_ratio": 0.34,
            "account_receivable_turnover_ratio": 1.18,
            "reinvestment_rate": -5.75,
            "research_to_sale_ratio": 1.12,
            "price_fair": 123.11,
            "eps_avg_yearly": 3.52,
            "eps_latest_yearly": 4.64,
            "eps_growth_yearly": 161.48
        },
        "20192": {
            "year_quarter": 20192,
            "year": 2019,
            "quarter": 2,
            "eps": 0.91,
            "eps_growth_year": 13.75,
            "eps_4q": 3.71,
            "eps_4q_growth_year": 4.37,
            "roe": 3.92,
            "roe_4q": 16.37,
            "gross_profit": 318848,
            "gross_margin": 28.57,
            "gross_margin_4q_avg": 29.79,
            "net_income": 160706,
            "revenue": 1116051,
            "common_shares": 1770120,
            "book_valuer_per_share": 22.33,
            "book_valuer_per_share_4q_avg": 22.76,
            "equity": 3952491,
            "current_ratio": 145.6,
            "debt_ratio": 44.75,
            "inventory_turnover_ratio": 0.43,
            "account_receivable_turnover_ratio": 1.3,
            "reinvestment_rate": -4.94,
            "research_to_sale_ratio": 0.74,
            "price_fair": 124.43,
            "eps_avg_yearly": 3.56,
            "eps_latest_yearly": 3.64,
            "eps_growth_yearly": 153.15
        },
        "20193": {
            "year_quarter": 20193,
            "year": 2019,
            "quarter": 3,
            "eps": 0.88,
            "eps_growth_year": 17.33,
            "eps_4q": 3.85,
            "eps_4q_growth_year": 11.55,
            "roe": 3.87,
            "roe_4q": 16.759999999999998,
            "gross_profit": 319936,
            "gross_margin": 32.91,
            "gross_margin_4q_avg": 30.49,
            "net_income": 155984,
            "revenue": 972102,
            "common_shares": 1770120,
            "book_valuer_per_share": 23.19,
            "book_valuer_per_share_4q_avg": 23.08,
            "equity": 4105434,
            "current_ratio": 156.62,
            "debt_ratio": 40.52,
            "inventory_turnover_ratio": 0.36,
            "account_receivable_turnover_ratio": 1.14,
            "reinvestment_rate": -5.79,
            "research_to_sale_ratio": 1.45,
            "price_fair": 125.13,
            "eps_avg_yearly": 3.58,
            "eps_latest_yearly": 3.52,
            "eps_growth_yearly": 151.01
        },
        "20194": {
            "year_quarter": 20194,
            "year": 2019,
            "quarter": 4,
            "eps": 0.89,
            "eps_growth_year": -0.88,
            "eps_4q": 3.84,
            "eps_4q_growth_year": 5.73,
            "roe": 3.76,
            "roe_4q": 16.52,
            "gross_profit": 291738,
            "gross_margin": 25.12,
            "gross_margin_4q_avg": 30.33,
            "net_income": 156920,
            "revenue": 1161346,
            "common_shares": 1770120,
            "book_valuer_per_share": 24.01,
            "book_valuer_per_share_4q_avg": 23.38,
            "equity": 4249804,
            "current_ratio": 159.58,
            "debt_ratio": 40.79,
            "inventory_turnover_ratio": 0.49,
            "account_receivable_turnover_ratio": 1.37,
            "reinvestment_rate": -6.13,
            "research_to_sale_ratio": 0.81,
            "price_fair": 130.9,
            "eps_avg_yearly": 3.74,
            "eps_latest_yearly": 3.56,
            "eps_growth_yearly": 169.11
        },
        "20201": {
            "year_quarter": 20201,
            "year": 2020,
            "quarter": 1,
            "eps": 1.12,
            "eps_growth_year": -3.45,
            "eps_4q": 3.79,
            "eps_4q_growth_year": 5.11,
            "roe": 4.56,
            "roe_4q": 16.11,
            "gross_profit": 348592,
            "gross_margin": 34.92,
            "gross_margin_4q_avg": 30.38,
            "net_income": 197918,
            "revenue": 998296,
            "common_shares": 1770120,
            "book_valuer_per_share": 25.04,
            "book_valuer_per_share_4q_avg": 23.64,
            "equity": 4432126,
            "current_ratio": 167.06,
            "debt_ratio": 37.4,
            "inventory_turnover_ratio": 0.37,
            "account_receivable_turnover_ratio": 1.19,
            "reinvestment_rate": -3.78,
            "research_to_sale_ratio": 0.99,
            "price_fair": 130.9,
            "eps_avg_yearly": 3.74,
            "eps_latest_yearly": 4.48,
            "eps_growth_yearly": 78.83
        },
        "20202": {
            "year_quarter": 20202,
            "year": 2020,
            "quarter": 2,
            "eps": 0.88,
            "eps_growth_year": -3.3,
            "eps_4q": 3.76,
            "eps_4q_growth_year": 1.29,
            "roe": 3.63,
            "roe_4q": 15.82,
            "gross_profit": 298745,
            "gross_margin": 28.39,
            "gross_margin_4q_avg": 30.34,
            "net_income": 155226,
            "revenue": 1052224,
            "common_shares": 1770120,
            "book_valuer_per_share": 23.23,
            "book_valuer_per_share_4q_avg": 23.87,
            "equity": 4112734,
            "current_ratio": 142.42,
            "debt_ratio": 45.44,
            "inventory_turnover_ratio": 0.42,
            "account_receivable_turnover_ratio": 1.17,
            "reinvestment_rate": -3.1,
            "research_to_sale_ratio": 1.01,
            "price_fair": 130.73,
            "eps_avg_yearly": 3.74,
            "eps_latest_yearly": 3.52,
            "eps_growth_yearly": 78.39
        },
        "20203": {
            "year_quarter": 20203,
            "year": 2020,
            "quarter": 3,
            "eps": 1.22,
            "eps_growth_year": 38.64,
            "eps_4q": 4.11,
            "eps_4q_growth_year": 6.75,
            "roe": 5.13,
            "roe_4q": 17.08,
            "gross_profit": 378311,
            "gross_margin": 29.04,
            "gross_margin_4q_avg": 29.37,
            "net_income": 216598,
            "revenue": 1302704,
            "common_shares": 1770120,
            "book_valuer_per_share": 24.48,
            "book_valuer_per_share_4q_avg": 24.19,
            "equity": 4333351,
            "current_ratio": 156.69,
            "debt_ratio": 40.37,
            "inventory_turnover_ratio": 0.51,
            "account_receivable_turnover_ratio": 1.34,
            "reinvestment_rate": -2.58,
            "research_to_sale_ratio": 0.73,
            "price_fair": 135.01,
            "eps_avg_yearly": 3.86,
            "eps_latest_yearly": 4.88,
            "eps_growth_yearly": 92.77
        },
        "20204": {
            "year_quarter": 20204,
            "year": 2020,
            "quarter": 4,
            "eps": 0.88,
            "eps_growth_year": -0.65,
            "eps_4q": 4.1,
            "eps_4q_growth_year": 6.83,
            "roe": 3.55,
            "roe_4q": 16.869999999999997,
            "gross_profit": 290858,
            "gross_margin": 27.96,
            "gross_margin_4q_avg": 30.08,
            "net_income": 155967,
            "revenue": 1040172,
            "common_shares": 1770120,
            "book_valuer_per_share": 25.18,
            "book_valuer_per_share_4q_avg": 24.48,
            "equity": 4456878,
            "current_ratio": 156.26,
            "debt_ratio": 42.22,
            "inventory_turnover_ratio": 0.42,
            "account_receivable_turnover_ratio": 1.07,
            "reinvestment_rate": -2.59,
            "research_to_sale_ratio": 0.76,
            "price_fair": 139.04,
            "eps_avg_yearly": 3.97,
            "eps_latest_yearly": 3.52,
            "eps_growth_yearly": 96.42
        },
        "20211": {
            "year_quarter": 20211,
            "year": 2021,
            "quarter": 1,
            "eps": 1.07,
            "eps_growth_year": -4.46,
            "eps_4q": 4.05,
            "eps_4q_growth_year": 6.77,
            "roe": 4.16,
            "roe_4q": 16.47,
            "gross_profit": 351054,
            "gross_margin": 33.92,
            "gross_margin_4q_avg": 29.83,
            "net_income": 189275,
            "revenue": 1034801,
            "common_shares": 1770120,
            "book_valuer_per_share": 26.21,
            "book_valuer_per_share_4q_avg": 24.78,
            "equity": 4639257,
            "current_ratio": 162.24,
            "debt_ratio": 40.36,
            "inventory_turnover_ratio": 0.37,
            "account_receivable_turnover_ratio": 1.05,
            "reinvestment_rate": -2.98,
            "research_to_sale_ratio": 0.83,
            "price_fair": 57.39,
            "eps_avg_yearly": 3.73,
            "eps_latest_yearly": 4.28,
            "eps_growth_yearly": 5.39
        },
        "20212": {
            "year_quarter": 20212,
            "year": 2021,
            "quarter": 2,
            "eps": 1.03,
            "eps_growth_year": 17.05,
            "eps_4q": 4.21,
            "eps_4q_growth_year": 11.77,
            "roe": 4.09,
            "roe_4q": 16.93,
            "gross_profit": 332563,
            "gross_margin": 32.23,
            "gross_margin_4q_avg": 30.79,
            "net_income": 182641,
            "revenue": 1031774,
            "common_shares": 1770120,
            "book_valuer_per_share": 24.21,
            "book_valuer_per_share_4q_avg": 25.02,
            "equity": 4285130,
            "current_ratio": 142.24,
            "debt_ratio": 47.42,
            "inventory_turnover_ratio": 0.36,
            "account_receivable_turnover_ratio": 0.98,
            "reinvestment_rate": 1.05,
            "research_to_sale_ratio": 0.91,
            "price_fair": 114.45,
            "eps_avg_yearly": 3.8,
            "eps_latest_yearly": 4.12,
            "eps_growth_yearly": 20.14
        },
        "20213": {
            "year_quarter": 20213,
            "year": 2021,
            "quarter": 3,
            "eps": 1.2,
            "eps_growth_year": -1.64,
            "eps_4q": 4.18,
            "eps_4q_growth_year": 1.87,
            "roe": 4.84,
            "roe_4q": 16.64,
            "gross_profit": 379585,
            "gross_margin": 29.72,
            "gross_margin_4q_avg": 30.96,
            "net_income": 212353,
            "revenue": 1277013,
            "common_shares": 1770120,
            "book_valuer_per_share": 25.38,
            "book_valuer_per_share_4q_avg": 25.25,
            "equity": 4493001,
            "current_ratio": 151.87,
            "debt_ratio": 44.48,
            "inventory_turnover_ratio": 0.45,
            "account_receivable_turnover_ratio": 1.2,
            "reinvestment_rate": 0.29,
            "research_to_sale_ratio": 0.85,
            "price_fair": 125.69,
            "eps_avg_yearly": 3.89,
            "eps_latest_yearly": 4.8,
            "eps_growth_yearly": 22.29
        },
        "20214": {
            "year_quarter": 20214,
            "year": 2021,
            "quarter": 4,
            "eps": 1.09,
            "eps_growth_year": 24.14,
            "eps_4q": 4.39,
            "eps_4q_growth_year": 7.2,
            "roe": 4.2,
            "roe_4q": 17.29,
            "gross_profit": 354462,
            "gross_margin": 28.1,
            "gross_margin_4q_avg": 30.99,
            "net_income": 193614,
            "revenue": 1261435,
            "common_shares": 1770120,
            "book_valuer_per_share": 26.74,
            "book_valuer_per_share_4q_avg": 25.64,
            "equity": 4732544,
            "current_ratio": 158.53,
            "debt_ratio": 43.72,
            "inventory_turnover_ratio": 0.45,
            "account_receivable_turnover_ratio": 1.2,
            "reinvestment_rate": 0.55,
            "research_to_sale_ratio": 0.94,
            "price_fair": 132.99,
            "eps_avg_yearly": 3.99,
            "eps_latest_yearly": 4.36,
            "eps_growth_yearly": 23.35
        },
        "20221": {
            "year_quarter": 20221,
            "year": 2022,
            "quarter": 1,
            "eps": 1.52,
            "eps_growth_year": 42.06,
            "eps_4q": 4.85,
            "eps_4q_growth_year": 19.74,
            "roe": 5.57,
            "roe_4q": 18.7,
            "gross_profit": 362305,
            "gross_margin": 33.32,
            "gross_margin_4q_avg": 30.84,
            "net_income": 269899,
            "revenue": 1087316,
            "common_shares": 1770120,
            "book_valuer_per_share": 28.06,
            "book_valuer_per_share_4q_avg": 26.1,
            "equity": 4966739,
            "current_ratio": 166.5,
            "debt_ratio": 42.07,
            "inventory_turnover_ratio": 0.36,
            "account_receivable_turnover_ratio": 1.07,
            "reinvestment_rate": 3.58,
            "research_to_sale_ratio": 0.9,
            "price_fair": 108.59,
            "eps_avg_yearly": 4.07,
            "eps_latest_yearly": 6.08,
            "eps_growth_yearly": 16.67
        },
        "20222": {
            "year_quarter": 20222,
            "year": 2022,
            "quarter": 2,
            "eps": 1.02,
            "eps_growth_year": -0.97,
            "eps_4q": 4.84,
            "eps_4q_growth_year": 15.09,
            "roe": 3.79,
            "roe_4q": 18.4,
            "gross_profit": 352422,
            "gross_margin": 32.21,
            "gross_margin_4q_avg": 30.84,
            "net_income": 180848,
            "revenue": 1094218,
            "common_shares": 1770120,
            "book_valuer_per_share": 25.89,
            "book_valuer_per_share_4q_avg": 26.52,
            "equity": 4582911,
            "current_ratio": 145.8,
            "debt_ratio": 48.75,
            "inventory_turnover_ratio": 0.35,
            "account_receivable_turnover_ratio": 1.1,
            "reinvestment_rate": 3.56,
            "research_to_sale_ratio": 0.81,
            "price_fair": 109.35,
            "eps_avg_yearly": 4.13,
            "eps_latest_yearly": 4.08,
            "eps_growth_yearly": 16.49
        },
        "20223": {
            "year_quarter": 20223,
            "year": 2022,
            "quarter": 3,
            "eps": 1.34,
            "eps_growth_year": 11.67,
            "eps_4q": 4.98,
            "eps_4q_growth_year": 19.17,
            "roe": 5.06,
            "roe_4q": 18.62,
            "gross_profit": 392472,
            "gross_margin": 29.47,
            "gross_margin_4q_avg": 30.78,
            "net_income": 237772,
            "revenue": 1331895,
            "common_shares": 1770120,
            "book_valuer_per_share": 27.22,
            "book_valuer_per_share_4q_avg": 26.98,
            "equity": 4817737,
            "current_ratio": 159.69,
            "debt_ratio": 43.95,
            "inventory_turnover_ratio": 0.42,
            "account_receivable_turnover_ratio": 1.32,
            "reinvestment_rate": 2.52,
            "research_to_sale_ratio": 0.76,
            "price_fair": 149.63,
            "eps_avg_yearly": 4.28,
            "eps_latest_yearly": 5.36,
            "eps_growth_yearly": 25.9
        },
        "20224": {
            "year_quarter": 20224,
            "year": 2022,
            "quarter": 4,
            "eps": 0.9,
            "eps_growth_year": -17.71,
            "eps_4q": 4.79,
            "eps_4q_growth_year": 8.99,
            "roe": 3.26,
            "roe_4q": 17.68,
            "gross_profit": 298226,
            "gross_margin": 24.32,
            "gross_margin_4q_avg": 29.83,
            "net_income": 159292,
            "revenue": 1226078,
            "common_shares": 1770120,
            "book_valuer_per_share": 27.94,
            "book_valuer_per_share_4q_avg": 27.28,
            "equity": 4944653,
            "current_ratio": 159.54,
            "debt_ratio": 45.21,
            "inventory_turnover_ratio": 0.4,
            "account_receivable_turnover_ratio": 1.18,
            "reinvestment_rate": -0.42,
            "research_to_sale_ratio": 1.11,
            "price_fair": 98.48,
            "eps_avg_yearly": 4.28,
            "eps_latest_yearly": 3.6,
            "eps_growth_yearly": 13.02
        },
        "20231": {
            "year_quarter": 20231,
            "year": 2023,
            "quarter": 1,
            "eps": 1.36,
            "eps_growth_year": -10.53,
            "eps_4q": 4.62,
            "eps_4q_growth_year": -4.71,
            "roe": 4.74,
            "roe_4q": 16.849999999999998,
            "gross_profit": 394772,
            "gross_margin": 34.36,
            "gross_margin_4q_avg": 30.09,
            "net_income": 240113,
            "revenue": 1148769,
            "common_shares": 1770120,
            "book_valuer_per_share": 29.35,
            "book_valuer_per_share_4q_avg": 27.6,
            "equity": 5194269,
            "current_ratio": 169.52,
            "debt_ratio": 42.27,
            "inventory_turnover_ratio": 0.32,
            "account_receivable_turnover_ratio": 1.14,
            "reinvestment_rate": -0.31,
            "research_to_sale_ratio": 1.02,
            "price_fair": 122.1,
            "eps_avg_yearly": 4.33,
            "eps_latest_yearly": 5.44,
            "eps_growth_yearly": 18.22
        }
    },
    "months": {
        "2001-06": {
            "month": "2001-06",
            "price": "9.29",
            "revenue": 348675
        },
        "2001-07": {
            "month": "2001-07",
            "price": "9.33",
            "revenue": 157480
        },
        "2001-08": {
            "month": "2001-08",
            "price": "9.37",
            "revenue": 104390
        },
        "2001-09": {
            "month": "2001-09",
            "price": "8.96",
            "revenue": 158670
        },
        "2001-10": {
            "month": "2001-10",
            "price": "8.10",
            "revenue": 155908
        },
        "2001-11": {
            "month": "2001-11",
            "price": "8.15",
            "revenue": 240525
        },
        "2001-12": {
            "month": "2001-12",
            "price": "10.28",
            "revenue": 442413
        },
        "2002-01": {
            "month": "2002-01",
            "price": "10.86",
            "revenue": 184027
        },
        "2002-02": {
            "month": "2002-02",
            "price": "10.73",
            "revenue": 103667
        },
        "2002-03": {
            "month": "2002-03",
            "price": "10.69",
            "revenue": 145307
        },
        "2002-04": {
            "month": "2002-04",
            "price": "13.73",
            "revenue": 142263
        },
        "2002-05": {
            "month": "2002-05",
            "price": "15.12",
            "revenue": 108028
        },
        "2002-06": {
            "month": "2002-06",
            "price": "14.38",
            "revenue": 232751
        },
        "2002-07": {
            "month": "2002-07",
            "price": "13.12",
            "revenue": 136959
        },
        "2002-08": {
            "month": "2002-08",
            "price": "12.16",
            "revenue": 149991
        },
        "2002-09": {
            "month": "2002-09",
            "price": "12.08",
            "revenue": 142636
        },
        "2002-10": {
            "month": "2002-10",
            "price": "12.27",
            "revenue": 102320
        },
        "2002-11": {
            "month": "2002-11",
            "price": "12.67",
            "revenue": 130834
        },
        "2002-12": {
            "month": "2002-12",
            "price": "13.05",
            "revenue": 658222
        },
        "2003-01": {
            "month": "2003-01",
            "price": "13.06",
            "revenue": 117126
        },
        "2003-02": {
            "month": "2003-02",
            "price": "11.73",
            "revenue": 81701
        },
        "2003-03": {
            "month": "2003-03",
            "price": "10.40",
            "revenue": 293469
        },
        "2003-04": {
            "month": "2003-04",
            "price": "9.81",
            "revenue": 107913
        },
        "2003-05": {
            "month": "2003-05",
            "price": "8.91",
            "revenue": 121231
        },
        "2003-06": {
            "month": "2003-06",
            "price": "9.20",
            "revenue": 136731
        },
        "2003-07": {
            "month": "2003-07",
            "price": "8.96",
            "revenue": 109912
        },
        "2003-08": {
            "month": "2003-08",
            "price": "8.31",
            "revenue": 103955
        },
        "2003-09": {
            "month": "2003-09",
            "price": "8.26",
            "revenue": 143994
        },
        "2003-10": {
            "month": "2003-10",
            "price": "9.25",
            "revenue": 129055
        },
        "2003-11": {
            "month": "2003-11",
            "price": "9.83",
            "revenue": 95629
        },
        "2003-12": {
            "month": "2003-12",
            "price": "9.76",
            "revenue": 719158
        },
        "2004-01": {
            "month": "2004-01",
            "price": "10.52",
            "revenue": 127789
        },
        "2004-02": {
            "month": "2004-02",
            "price": "14.04",
            "revenue": 115793
        },
        "2004-03": {
            "month": "2004-03",
            "price": "15.16",
            "revenue": 163084
        },
        "2004-04": {
            "month": "2004-04",
            "price": "12.65",
            "revenue": 115324
        },
        "2004-05": {
            "month": "2004-05",
            "price": "10.49",
            "revenue": 118878
        },
        "2004-06": {
            "month": "2004-06",
            "price": "10.50",
            "revenue": 193261
        },
        "2004-07": {
            "month": "2004-07",
            "price": "10.12",
            "revenue": 167340
        },
        "2004-08": {
            "month": "2004-08",
            "price": "9.18",
            "revenue": 123439
        },
        "2004-09": {
            "month": "2004-09",
            "price": "10.11",
            "revenue": 193703
        },
        "2004-10": {
            "month": "2004-10",
            "price": "9.79",
            "revenue": 153830
        },
        "2004-11": {
            "month": "2004-11",
            "price": "9.10",
            "revenue": 112976
        },
        "2004-12": {
            "month": "2004-12",
            "price": "9.46",
            "revenue": 583896
        },
        "2005-01": {
            "month": "2005-01",
            "price": "10.25",
            "revenue": 104388
        },
        "2005-02": {
            "month": "2005-02",
            "price": "9.86",
            "revenue": 109270
        },
        "2005-03": {
            "month": "2005-03",
            "price": "9.15",
            "revenue": 172718
        },
        "2005-04": {
            "month": "2005-04",
            "price": "8.93",
            "revenue": 107405
        },
        "2005-05": {
            "month": "2005-05",
            "price": "9.03",
            "revenue": 108929
        },
        "2005-06": {
            "month": "2005-06",
            "price": "9.21",
            "revenue": 171975
        },
        "2005-07": {
            "month": "2005-07",
            "price": "9.53",
            "revenue": 165991
        },
        "2005-08": {
            "month": "2005-08",
            "price": "9.86",
            "revenue": 138616
        },
        "2005-09": {
            "month": "2005-09",
            "price": "10.10",
            "revenue": 175131
        },
        "2005-10": {
            "month": "2005-10",
            "price": "9.06",
            "revenue": 142667
        },
        "2005-11": {
            "month": "2005-11",
            "price": "9.31",
            "revenue": 322529
        },
        "2005-12": {
            "month": "2005-12",
            "price": "9.88",
            "revenue": 497253
        },
        "2006-01": {
            "month": "2006-01",
            "price": "9.92",
            "revenue": 127165
        },
        "2006-02": {
            "month": "2006-02",
            "price": "9.56",
            "revenue": 142968
        },
        "2006-03": {
            "month": "2006-03",
            "price": "9.21",
            "revenue": 156177
        },
        "2006-04": {
            "month": "2006-04",
            "price": "9.55",
            "revenue": 146818
        },
        "2006-05": {
            "month": "2006-05",
            "price": "9.87",
            "revenue": 197744
        },
        "2006-06": {
            "month": "2006-06",
            "price": "9.43",
            "revenue": 228932
        },
        "2006-07": {
            "month": "2006-07",
            "price": "9.23",
            "revenue": 177665
        },
        "2006-08": {
            "month": "2006-08",
            "price": "8.86",
            "revenue": 138351
        },
        "2006-09": {
            "month": "2006-09",
            "price": "8.65",
            "revenue": 216935
        },
        "2006-10": {
            "month": "2006-10",
            "price": "9.14",
            "revenue": 207919
        },
        "2006-11": {
            "month": "2006-11",
            "price": "9.55",
            "revenue": 185214
        },
        "2006-12": {
            "month": "2006-12",
            "price": "10.95",
            "revenue": 451929
        },
        "2007-01": {
            "month": "2007-01",
            "price": "11.68",
            "revenue": 139995
        },
        "2007-02": {
            "month": "2007-02",
            "price": "11.05",
            "revenue": 109685
        },
        "2007-03": {
            "month": "2007-03",
            "price": "10.84",
            "revenue": 215354
        },
        "2007-04": {
            "month": "2007-04",
            "price": "12.29",
            "revenue": 136562
        },
        "2007-05": {
            "month": "2007-05",
            "price": "12.66",
            "revenue": 175050
        },
        "2007-06": {
            "month": "2007-06",
            "price": "12.48",
            "revenue": 273264
        },
        "2007-07": {
            "month": "2007-07",
            "price": "15.48",
            "revenue": 228496
        },
        "2007-08": {
            "month": "2007-08",
            "price": "15.40",
            "revenue": 243661
        },
        "2007-09": {
            "month": "2007-09",
            "price": "15.97",
            "revenue": 238177
        },
        "2007-10": {
            "month": "2007-10",
            "price": "15.69",
            "revenue": 187422
        },
        "2007-11": {
            "month": "2007-11",
            "price": "14.02",
            "revenue": 223218
        },
        "2007-12": {
            "month": "2007-12",
            "price": "12.63",
            "revenue": 605699
        },
        "2008-01": {
            "month": "2008-01",
            "price": "12.55",
            "revenue": 514846
        },
        "2008-02": {
            "month": "2008-02",
            "price": "12.87",
            "revenue": 135782
        },
        "2008-03": {
            "month": "2008-03",
            "price": "14.23",
            "revenue": 295767
        },
        "2008-04": {
            "month": "2008-04",
            "price": "16.63",
            "revenue": 208269
        },
        "2008-05": {
            "month": "2008-05",
            "price": "16.24",
            "revenue": 343566
        },
        "2008-06": {
            "month": "2008-06",
            "price": "15.12",
            "revenue": 510135
        },
        "2008-07": {
            "month": "2008-07",
            "price": "13.54",
            "revenue": 429383
        },
        "2008-08": {
            "month": "2008-08",
            "price": "13.37",
            "revenue": 183504
        },
        "2008-09": {
            "month": "2008-09",
            "price": "10.00",
            "revenue": 168398
        },
        "2008-10": {
            "month": "2008-10",
            "price": "8.56",
            "revenue": 196567
        },
        "2008-11": {
            "month": "2008-11",
            "price": "7.83",
            "revenue": 202537
        },
        "2008-12": {
            "month": "2008-12",
            "price": "8.06",
            "revenue": 301540
        },
        "2009-01": {
            "month": "2009-01",
            "price": "8.23",
            "revenue": 290527
        },
        "2009-02": {
            "month": "2009-02",
            "price": "8.15",
            "revenue": 157368
        },
        "2009-03": {
            "month": "2009-03",
            "price": "8.41",
            "revenue": 260952
        },
        "2009-04": {
            "month": "2009-04",
            "price": "10.02",
            "revenue": 137278
        },
        "2009-05": {
            "month": "2009-05",
            "price": "10.21",
            "revenue": 149247
        },
        "2009-06": {
            "month": "2009-06",
            "price": "10.17",
            "revenue": 212724
        },
        "2009-07": {
            "month": "2009-07",
            "price": "10.24",
            "revenue": 158159
        },
        "2009-08": {
            "month": "2009-08",
            "price": "10.39",
            "revenue": 152620
        },
        "2009-09": {
            "month": "2009-09",
            "price": "10.42",
            "revenue": 259990
        },
        "2009-10": {
            "month": "2009-10",
            "price": "10.66",
            "revenue": 147837
        },
        "2009-11": {
            "month": "2009-11",
            "price": "11.37",
            "revenue": 268772
        },
        "2009-12": {
            "month": "2009-12",
            "price": "11.73",
            "revenue": 338564
        },
        "2010-01": {
            "month": "2010-01",
            "price": "12.10",
            "revenue": 172036
        },
        "2010-02": {
            "month": "2010-02",
            "price": "10.66",
            "revenue": 130776
        },
        "2010-03": {
            "month": "2010-03",
            "price": "11.51",
            "revenue": 194939
        },
        "2010-04": {
            "month": "2010-04",
            "price": "12.87",
            "revenue": 189043
        },
        "2010-05": {
            "month": "2010-05",
            "price": "12.63",
            "revenue": 190977
        },
        "2010-06": {
            "month": "2010-06",
            "price": "13.02",
            "revenue": 235214
        },
        "2010-07": {
            "month": "2010-07",
            "price": "12.86",
            "revenue": 215343
        },
        "2010-08": {
            "month": "2010-08",
            "price": "14.96",
            "revenue": 198909
        },
        "2010-09": {
            "month": "2010-09",
            "price": "14.99",
            "revenue": 208569
        },
        "2010-10": {
            "month": "2010-10",
            "price": "15.26",
            "revenue": 231057
        },
        "2010-11": {
            "month": "2010-11",
            "price": "14.76",
            "revenue": 159903
        },
        "2010-12": {
            "month": "2010-12",
            "price": "15.50",
            "revenue": 392850
        },
        "2011-01": {
            "month": "2011-01",
            "price": "15.36",
            "revenue": 273435
        },
        "2011-02": {
            "month": "2011-02",
            "price": "15.12",
            "revenue": 113266
        },
        "2011-03": {
            "month": "2011-03",
            "price": "14.79",
            "revenue": 173832
        },
        "2011-04": {
            "month": "2011-04",
            "price": "16.33",
            "revenue": 246592
        },
        "2011-05": {
            "month": "2011-05",
            "price": "16.45",
            "revenue": 222797
        },
        "2011-06": {
            "month": "2011-06",
            "price": "15.71",
            "revenue": 351593
        },
        "2011-07": {
            "month": "2011-07",
            "price": "16.42",
            "revenue": 238203
        },
        "2011-08": {
            "month": "2011-08",
            "price": "15.98",
            "revenue": 233195
        },
        "2011-09": {
            "month": "2011-09",
            "price": "14.80",
            "revenue": 279037
        },
        "2011-10": {
            "month": "2011-10",
            "price": "14.54",
            "revenue": 220981
        },
        "2011-11": {
            "month": "2011-11",
            "price": "14.42",
            "revenue": 316370
        },
        "2011-12": {
            "month": "2011-12",
            "price": "13.87",
            "revenue": 451479
        },
        "2012-01": {
            "month": "2012-01",
            "price": "14.00",
            "revenue": 187079
        },
        "2012-02": {
            "month": "2012-02",
            "price": "14.85",
            "revenue": 197837
        },
        "2012-03": {
            "month": "2012-03",
            "price": "15.19",
            "revenue": 308928
        },
        "2012-04": {
            "month": "2012-04",
            "price": "15.53",
            "revenue": 250372
        },
        "2012-05": {
            "month": "2012-05",
            "price": "17.23",
            "revenue": 288217
        },
        "2012-06": {
            "month": "2012-06",
            "price": "15.83",
            "revenue": 254150
        },
        "2012-07": {
            "month": "2012-07",
            "price": "16.92",
            "revenue": 355615
        },
        "2012-08": {
            "month": "2012-08",
            "price": "18.09",
            "revenue": 206284
        },
        "2012-09": {
            "month": "2012-09",
            "price": "17.58",
            "revenue": 380455
        },
        "2012-10": {
            "month": "2012-10",
            "price": "17.01",
            "revenue": 295182
        },
        "2012-11": {
            "month": "2012-11",
            "price": "16.70",
            "revenue": 287829
        },
        "2012-12": {
            "month": "2012-12",
            "price": "16.94",
            "revenue": 612367
        },
        "2013-01": {
            "month": "2013-01",
            "price": "17.59",
            "revenue": 295016
        },
        "2013-02": {
            "month": "2013-02",
            "price": "18.13",
            "revenue": 215625
        },
        "2013-03": {
            "month": "2013-03",
            "price": "18.92",
            "revenue": 263924
        },
        "2013-04": {
            "month": "2013-04",
            "price": "18.28",
            "revenue": 240112
        },
        "2013-05": {
            "month": "2013-05",
            "price": "19.05",
            "revenue": 211384
        },
        "2013-06": {
            "month": "2013-06",
            "price": "18.99",
            "revenue": 291475
        },
        "2013-07": {
            "month": "2013-07",
            "price": "20.55",
            "revenue": 232080
        },
        "2013-08": {
            "month": "2013-08",
            "price": "21.25",
            "revenue": 282281
        },
        "2013-09": {
            "month": "2013-09",
            "price": "20.93",
            "revenue": 297412
        },
        "2013-10": {
            "month": "2013-10",
            "price": "21.36",
            "revenue": 352195
        },
        "2013-11": {
            "month": "2013-11",
            "price": "21.15",
            "revenue": 297542
        },
        "2013-12": {
            "month": "2013-12",
            "price": "24.51",
            "revenue": 643533
        },
        "2014-01": {
            "month": "2014-01",
            "price": "23.96",
            "revenue": 254947
        },
        "2014-02": {
            "month": "2014-02",
            "price": "23.40",
            "revenue": 235700
        },
        "2014-03": {
            "month": "2014-03",
            "price": "23.41",
            "revenue": 282218
        },
        "2014-04": {
            "month": "2014-04",
            "price": "21.63",
            "revenue": 225344
        },
        "2014-05": {
            "month": "2014-05",
            "price": "21.15",
            "revenue": 236321
        },
        "2014-06": {
            "month": "2014-06",
            "price": "20.81",
            "revenue": 319494
        },
        "2014-07": {
            "month": "2014-07",
            "price": "20.40",
            "revenue": 317865
        },
        "2014-08": {
            "month": "2014-08",
            "price": "19.82",
            "revenue": 230624
        },
        "2014-09": {
            "month": "2014-09",
            "price": "19.91",
            "revenue": 290093
        },
        "2014-10": {
            "month": "2014-10",
            "price": "18.84",
            "revenue": 271477
        },
        "2014-11": {
            "month": "2014-11",
            "price": "18.86",
            "revenue": 366038
        },
        "2014-12": {
            "month": "2014-12",
            "price": "19.42",
            "revenue": 647058
        },
        "2015-01": {
            "month": "2015-01",
            "price": "19.75",
            "revenue": 290204
        },
        "2015-02": {
            "month": "2015-02",
            "price": "19.69",
            "revenue": 216887
        },
        "2015-03": {
            "month": "2015-03",
            "price": "20.11",
            "revenue": 311419
        },
        "2015-04": {
            "month": "2015-04",
            "price": "21.86",
            "revenue": 277953
        },
        "2015-05": {
            "month": "2015-05",
            "price": "23.00",
            "revenue": 508473
        },
        "2015-06": {
            "month": "2015-06",
            "price": "25.29",
            "revenue": 351134
        },
        "2015-07": {
            "month": "2015-07",
            "price": "25.52",
            "revenue": 698684
        },
        "2015-08": {
            "month": "2015-08",
            "price": "24.90",
            "revenue": 349569
        },
        "2015-09": {
            "month": "2015-09",
            "price": "31.53",
            "revenue": 308038
        },
        "2015-10": {
            "month": "2015-10",
            "price": "32.65",
            "revenue": 271362
        },
        "2015-11": {
            "month": "2015-11",
            "price": "29.94",
            "revenue": 267259
        },
        "2015-12": {
            "month": "2015-12",
            "price": "25.75",
            "revenue": 210788
        },
        "2016-01": {
            "month": "2016-01",
            "price": "23.33",
            "revenue": 591434
        },
        "2016-02": {
            "month": "2016-02",
            "price": "25.58",
            "revenue": 379262
        },
        "2016-03": {
            "month": "2016-03",
            "price": "28.05",
            "revenue": 404986
        },
        "2016-04": {
            "month": "2016-04",
            "price": "27.57",
            "revenue": 332108
        },
        "2016-05": {
            "month": "2016-05",
            "price": "27.83",
            "revenue": 425881
        },
        "2016-06": {
            "month": "2016-06",
            "price": "28.61",
            "revenue": 336589
        },
        "2016-07": {
            "month": "2016-07",
            "price": "30.47",
            "revenue": 252066
        },
        "2016-08": {
            "month": "2016-08",
            "price": "36.51",
            "revenue": 342154
        },
        "2016-09": {
            "month": "2016-09",
            "price": "38.58",
            "revenue": 316958
        },
        "2016-10": {
            "month": "2016-10",
            "price": "35.43",
            "revenue": 242223
        },
        "2016-11": {
            "month": "2016-11",
            "price": "34.71",
            "revenue": 260183
        },
        "2016-12": {
            "month": "2016-12",
            "price": "35.08",
            "revenue": 307632
        },
        "2017-01": {
            "month": "2017-01",
            "price": "35.68",
            "revenue": 584687
        },
        "2017-02": {
            "month": "2017-02",
            "price": "36.63",
            "revenue": 423190
        },
        "2017-03": {
            "month": "2017-03",
            "price": "37.81",
            "revenue": 353745
        },
        "2017-04": {
            "month": "2017-04",
            "price": "37.41",
            "revenue": 285843
        },
        "2017-05": {
            "month": "2017-05",
            "price": "39.97",
            "revenue": 375454
        },
        "2017-06": {
            "month": "2017-06",
            "price": "42.21",
            "revenue": 374820
        },
        "2017-07": {
            "month": "2017-07",
            "price": "44.95",
            "revenue": 294223
        },
        "2017-08": {
            "month": "2017-08",
            "price": "45.01",
            "revenue": 268242
        },
        "2017-09": {
            "month": "2017-09",
            "price": "45.85",
            "revenue": 367347
        },
        "2017-10": {
            "month": "2017-10",
            "price": "49.41",
            "revenue": 254599
        },
        "2017-11": {
            "month": "2017-11",
            "price": "51.68",
            "revenue": 321404
        },
        "2017-12": {
            "month": "2017-12",
            "price": "55.08",
            "revenue": 382777
        },
        "2018-01": {
            "month": "2018-01",
            "price": "54.91",
            "revenue": 348254
        },
        "2018-02": {
            "month": "2018-02",
            "price": "58.48",
            "revenue": 201574
        },
        "2018-03": {
            "month": "2018-03",
            "price": "59.76",
            "revenue": 526568
        },
        "2018-04": {
            "month": "2018-04",
            "price": "60.53",
            "revenue": 303753
        },
        "2018-05": {
            "month": "2018-05",
            "price": "58.63",
            "revenue": 358231
        },
        "2018-06": {
            "month": "2018-06",
            "price": "58.32",
            "revenue": 375104
        },
        "2018-07": {
            "month": "2018-07",
            "price": "58.13",
            "revenue": 315631
        },
        "2018-08": {
            "month": "2018-08",
            "price": "56.69",
            "revenue": 287852
        },
        "2018-09": {
            "month": "2018-09",
            "price": "56.21",
            "revenue": 360678
        },
        "2018-10": {
            "month": "2018-10",
            "price": "55.30",
            "revenue": 331340
        },
        "2018-11": {
            "month": "2018-11",
            "price": "56.23",
            "revenue": 272808
        },
        "2018-12": {
            "month": "2018-12",
            "price": "56.76",
            "revenue": 567696
        },
        "2019-01": {
            "month": "2019-01",
            "price": "57.34",
            "revenue": 460129
        },
        "2019-02": {
            "month": "2019-02",
            "price": "58.01",
            "revenue": 231864
        },
        "2019-03": {
            "month": "2019-03",
            "price": "59.08",
            "revenue": 338559
        },
        "2019-04": {
            "month": "2019-04",
            "price": "57.56",
            "revenue": 462794
        },
        "2019-05": {
            "month": "2019-05",
            "price": "57.99",
            "revenue": 316715
        },
        "2019-06": {
            "month": "2019-06",
            "price": "58.34",
            "revenue": 336550
        },
        "2019-07": {
            "month": "2019-07",
            "price": "58.68",
            "revenue": 370832
        },
        "2019-08": {
            "month": "2019-08",
            "price": "58.45",
            "revenue": 263778
        },
        "2019-09": {
            "month": "2019-09",
            "price": "58.05",
            "revenue": 344323
        },
        "2019-10": {
            "month": "2019-10",
            "price": "58.52",
            "revenue": 338526
        },
        "2019-11": {
            "month": "2019-11",
            "price": "59.35",
            "revenue": 422926
        },
        "2019-12": {
            "month": "2019-12",
            "price": "60.57",
            "revenue": 393002
        },
        "2020-01": {
            "month": "2020-01",
            "price": "60.85",
            "revenue": 311223
        },
        "2020-02": {
            "month": "2020-02",
            "price": "60.69",
            "revenue": 297569
        },
        "2020-03": {
            "month": "2020-03",
            "price": "56.42",
            "revenue": 389497
        },
        "2020-04": {
            "month": "2020-04",
            "price": "56.32",
            "revenue": 357491
        },
        "2020-05": {
            "month": "2020-05",
            "price": "57.03",
            "revenue": 375724
        },
        "2020-06": {
            "month": "2020-06",
            "price": "58.42",
            "revenue": 319015
        },
        "2020-07": {
            "month": "2020-07",
            "price": "58.04",
            "revenue": 414530
        },
        "2020-08": {
            "month": "2020-08",
            "price": "55.92",
            "revenue": 484677
        },
        "2020-09": {
            "month": "2020-09",
            "price": "55.98",
            "revenue": 403517
        },
        "2020-10": {
            "month": "2020-10",
            "price": "56.63",
            "revenue": 336080
        },
        "2020-11": {
            "month": "2020-11",
            "price": "57.28",
            "revenue": 348796
        },
        "2020-12": {
            "month": "2020-12",
            "price": "56.60",
            "revenue": 355334
        },
        "2021-01": {
            "month": "2021-01",
            "price": "56.06",
            "revenue": 466040
        },
        "2021-02": {
            "month": "2021-02",
            "price": "56.25",
            "revenue": 238274
        },
        "2021-03": {
            "month": "2021-03",
            "price": "57.32",
            "revenue": 330478
        },
        "2021-04": {
            "month": "2021-04",
            "price": "58.62",
            "revenue": 321116
        },
        "2021-05": {
            "month": "2021-05",
            "price": "57.91",
            "revenue": 326117
        },
        "2021-06": {
            "month": "2021-06",
            "price": "58.72",
            "revenue": 384541
        },
        "2021-07": {
            "month": "2021-07",
            "price": "59.30",
            "revenue": 383971
        },
        "2021-08": {
            "month": "2021-08",
            "price": "61.49",
            "revenue": 395313
        },
        "2021-09": {
            "month": "2021-09",
            "price": "67.40",
            "revenue": 497731
        },
        "2021-10": {
            "month": "2021-10",
            "price": "65.30",
            "revenue": 329434
        },
        "2021-11": {
            "month": "2021-11",
            "price": "65.33",
            "revenue": 440970
        },
        "2021-12": {
            "month": "2021-12",
            "price": "65.39",
            "revenue": 491030
        },
        "2022-01": {
            "month": "2022-01",
            "price": "65.57",
            "revenue": 404970
        },
        "2022-02": {
            "month": "2022-02",
            "price": "66.31",
            "revenue": 293954
        },
        "2022-03": {
            "month": "2022-03",
            "price": "67.72",
            "revenue": 388221
        },
        "2022-04": {
            "month": "2022-04",
            "price": "69.16",
            "revenue": 350463
        },
        "2022-05": {
            "month": "2022-05",
            "price": "68.65",
            "revenue": 376130
        },
        "2022-06": {
            "month": "2022-06",
            "price": "72.19",
            "revenue": 367667
        },
        "2022-07": {
            "month": "2022-07",
            "price": "70.95",
            "revenue": 359099
        },
        "2022-08": {
            "month": "2022-08",
            "price": "73.59",
            "revenue": 549845
        },
        "2022-09": {
            "month": "2022-09",
            "price": "76.11",
            "revenue": 423080
        },
        "2022-10": {
            "month": "2022-10",
            "price": "70.23",
            "revenue": 395188
        },
        "2022-11": {
            "month": "2022-11",
            "price": "67.64",
            "revenue": 453607
        },
        "2022-12": {
            "month": "2022-12",
            "price": "69.40",
            "revenue": 377328
        },
        "2023-01": {
            "month": "2023-01",
            "price": "69.93",
            "revenue": 450338
        },
        "2023-02": {
            "month": "2023-02",
            "price": "71.73",
            "revenue": 356528
        },
        "2023-03": {
            "month": "2023-03",
            "price": "75.30",
            "revenue": 341903
        },
        "2023-04": {
            "month": "2023-04",
            "price": "74.06",
            "revenue": 388003
        },
        "2023-05": {
            "month": "2023-05",
            "price": "75.93",
            "revenue": 493484
        }
    }
}
