{
    "summary": {
        "stock_name": "高鋒",
        "stock_id": "4510",
        "category": "電機機械",
        "main_business": "各種工作母機及其零配件及原料之製造加工買賣。<br>塑膠射出成型機等產業機械及其有關零配件及原料<br>前項有關產品進出口貿易與代理買賣業務。",
        "website_url": "http://www.kafo.com.tw",
        "ceo": "陳振中",
        "pe_ratio": 62,
        "report_year_from": 2001,
        "report_year_to": 2023,
        "age": 22,
        "eps_negative_percentage": 30,
        "eps_growth_avg": {
            "last_all": -15.64,
            "last_2y": null,
            "last_4y": -10.48,
            "last_8y": -14.98,
            "last_12y": -10.07,
            "last_16y": -17.61,
            "last_20y": -15.64,
            "at_2006_last_3y": -30.28,
            "at_2007_last_3y": -48.7,
            "at_2008_last_3y": -67.68,
            "at_2009_last_3y": -51.52,
            "at_2010_last_3y": -51.52,
            "at_2011_last_3y": -64.68,
            "at_2012_last_3y": -50.39,
            "at_2013_last_3y": -0.26,
            "at_2014_last_3y": 4.08,
            "at_2015_last_3y": 2.15,
            "at_2016_last_3y": 10.63,
            "at_2017_last_3y": -17.23,
            "at_2018_last_3y": -1.74,
            "at_2019_last_3y": -17.47,
            "at_2020_last_3y": -10.8,
            "at_2021_last_3y": -10.48,
            "at_2022_last_3y": -100,
            "at_2023_last_3y": -100,
            "at_2006_last_all": -10.21,
            "at_2007_last_all": -8.77,
            "at_2008_last_all": -23.98,
            "at_2009_last_all": -23.98,
            "at_2010_last_all": -23.98,
            "at_2011_last_all": -24.75,
            "at_2012_last_all": -30.58,
            "at_2013_last_all": -16.07,
            "at_2014_last_all": -12.76,
            "at_2015_last_all": -14.97,
            "at_2016_last_all": -16.84,
            "at_2017_last_all": -16.43,
            "at_2018_last_all": -9.61,
            "at_2019_last_all": -15.64,
            "at_2020_last_all": -15.64,
            "at_2021_last_all": -15.64,
            "at_2022_last_all": -15.64,
            "at_2023_last_all": -15.64
        },
        "latest_eps": 0.28,
        "latest_price": 17.35,
        "latest_roe": 1.55,
        "latest_gross_margin": 18.07,
        "latest_equity": 1874281,
        "latest_revenue": 380953,
        "latest_gross_profit": 68830,
        "latest_net_income": -5299,
        "latest_debt_ratio": 60.57,
        "latest_current_ratio": 164.76,
        "latest_account_receivable_turnover_ratio": 1.04,
        "latest_inventory_turnover_ratio": 0.39,
        "latest_reinvestment_rate": null,
        "latest_research_to_sale_ratio": 3.59
    },
    "eps_dividends": {
        "1997": {
            "cash": 0,
            "stock": 0.5,
            "eps": 0
        },
        "1998": {
            "cash": 0,
            "stock": 2,
            "eps": 0
        },
        "1999": {
            "cash": 0.8,
            "stock": 1.2,
            "eps": 0
        },
        "2000": {
            "cash": 0,
            "stock": 1,
            "eps": 0
        },
        "2001": {
            "cash": 0,
            "stock": 1.2,
            "eps": 0.6
        },
        "2002": {
            "cash": 0.5,
            "stock": 0.5,
            "eps": 0.9
        },
        "2003": {
            "cash": 0.5,
            "stock": 0,
            "eps": 1.37
        },
        "2004": {
            "cash": 0.7,
            "stock": 0.8,
            "eps": 0.78
        },
        "2005": {
            "cash": 0.5,
            "stock": 0,
            "eps": -1.49
        },
        "2006": {
            "cash": 0,
            "stock": 0,
            "eps": 0.33
        },
        "2007": {
            "cash": 0.2,
            "stock": 0,
            "eps": 0.32
        },
        "2008": {
            "cash": 0.3,
            "stock": 0,
            "eps": -0.32
        },
        "2009": {
            "cash": 0,
            "stock": 0,
            "eps": -0.37
        },
        "2010": {
            "cash": 0,
            "stock": 0,
            "eps": 1.09
        },
        "2011": {
            "cash": 0,
            "stock": 0,
            "eps": 0.77
        },
        "2012": {
            "cash": 0.5,
            "stock": 0.3,
            "eps": 0.22
        },
        "2013": {
            "cash": 0.2,
            "stock": 0.3,
            "eps": 1.52
        },
        "2014": {
            "cash": 0.6,
            "stock": 0.4,
            "eps": 1.78
        },
        "2015": {
            "cash": 1.2,
            "stock": 0,
            "eps": 1.12
        },
        "2016": {
            "cash": 0.8,
            "stock": 0,
            "eps": 0.7
        },
        "2017": {
            "cash": 0.7,
            "stock": 0,
            "eps": 0.62
        },
        "2018": {
            "cash": 0.55,
            "stock": 0,
            "eps": 1.11
        },
        "2019": {
            "cash": 0.65,
            "stock": 0,
            "eps": -0.26
        },
        "2020": {
            "cash": 0,
            "stock": 0,
            "eps": -0.12
        },
        "2021": {
            "cash": 0,
            "stock": 0,
            "eps": -0.34
        },
        "2022": {
            "cash": 0,
            "stock": 0,
            "eps": 0.46
        },
        "2023": {
            "cash": 0.4,
            "stock": 0,
            "eps": -0.06
        }
    },
    "dividends": {
        "1997-04-16": {
            "cash": 0,
            "stock": 0.5
        },
        "1998-05-06": {
            "cash": 0,
            "stock": 2
        },
        "1999-04-01": {
            "cash": 0.8,
            "stock": 1.2
        },
        "2000-05-05": {
            "cash": 0,
            "stock": 1
        },
        "2001-06-22": {
            "cash": 0,
            "stock": 1.2
        },
        "2002-06-28": {
            "cash": 0.5,
            "stock": 0.5
        },
        "2003-06-30": {
            "cash": 0.5,
            "stock": 0
        },
        "2004-04-13": {
            "cash": 0.7,
            "stock": 0.8
        },
        "2005-04-29": {
            "cash": 0.5,
            "stock": 0
        },
        "2007-03-19": {
            "cash": 0.2,
            "stock": 0
        },
        "2008-03-31": {
            "cash": 0.3,
            "stock": 0
        },
        "2012-05-24": {
            "cash": 0.5,
            "stock": 0.3
        },
        "2013-06-19": {
            "cash": 0.2,
            "stock": 0.3
        },
        "2014-06-11": {
            "cash": 0.6,
            "stock": 0.4
        },
        "2015-09-10": {
            "cash": 1.2,
            "stock": 0
        },
        "2016-08-08": {
            "cash": 0.8,
            "stock": 0
        },
        "2017-08-02": {
            "cash": 0.7,
            "stock": 0
        },
        "2018-07-27": {
            "cash": 0.55,
            "stock": 0
        },
        "2019-07-30": {
            "cash": 0.65,
            "stock": 0
        },
        "2023-07-28": {
            "cash": 0.4,
            "stock": 0
        }
    },
    "prices": {
        "200101": "16.11",
        "200102": "21.62",
        "200103": "23.31",
        "200104": "22.20",
        "200105": "17.65",
        "200106": "16.16",
        "200107": "13.34",
        "200108": "11.77",
        "200109": "9.26",
        "200110": "8.36",
        "200111": "8.27",
        "200112": "11.31",
        "200201": "10.84",
        "200202": "10.75",
        "200203": "11.40",
        "200204": "16.73",
        "200205": "15.63",
        "200206": "19.60",
        "200207": "19.77",
        "200208": "15.85",
        "200209": "14.78",
        "200210": "14.77",
        "200211": "15.46",
        "200212": "15.82",
        "200301": "18.75",
        "200302": "16.41",
        "200303": "15.28",
        "200304": "15.98",
        "200305": "15.16",
        "200306": "16.26",
        "200307": "17.60",
        "200308": "19.00",
        "200309": "17.68",
        "200310": "17.60",
        "200311": "17.36",
        "200312": "16.47",
        "200401": "16.79",
        "200402": "18.00",
        "200403": "18.14",
        "200404": "19.61",
        "200405": "17.73",
        "200406": "16.85",
        "200407": "15.39",
        "200408": "14.15",
        "200409": "14.01",
        "200410": "11.64",
        "200411": "9.89",
        "200412": "9.48",
        "200501": "9.26",
        "200502": "9.02",
        "200503": "9.47",
        "200504": "9.67",
        "200505": "8.98",
        "200506": "9.18",
        "200507": "9.78",
        "200508": "9.72",
        "200509": "9.99",
        "200510": "8.69",
        "200511": "8.47",
        "200512": "9.72",
        "200601": "8.99",
        "200602": "8.66",
        "200603": "8.81",
        "200604": "9.38",
        "200605": "11.99",
        "200606": "12.54",
        "200607": "12.61",
        "200608": "13.47",
        "200609": "13.78",
        "200610": "14.53",
        "200611": "15.97",
        "200612": "15.61",
        "200701": "15.56",
        "200702": "15.13",
        "200703": "15.26",
        "200704": "15.63",
        "200705": "15.31",
        "200706": "15.75",
        "200707": "17.05",
        "200708": "15.15",
        "200709": "14.16",
        "200710": "12.75",
        "200711": "12.20",
        "200712": "12.15",
        "200801": "12.63",
        "200802": "12.59",
        "200803": "12.59",
        "200804": "13.25",
        "200805": "13.20",
        "200806": "11.93",
        "200807": "9.36",
        "200808": "9.08",
        "200809": "7.74",
        "200810": "5.80",
        "200811": "4.64",
        "200812": "4.07",
        "200901": "3.74",
        "200902": "3.56",
        "200903": "4.16",
        "200904": "5.04",
        "200905": "5.10",
        "200906": "5.09",
        "200907": "7.31",
        "200908": "7.07",
        "200909": "7.42",
        "200910": "7.63",
        "200911": "7.75",
        "200912": "8.04",
        "201001": "8.63",
        "201002": "8.20",
        "201003": "10.46",
        "201004": "16.74",
        "201005": "17.17",
        "201006": "16.38",
        "201007": "15.34",
        "201008": "16.16",
        "201009": "15.30",
        "201010": "15.41",
        "201011": "14.06",
        "201012": "14.82",
        "201101": "15.28",
        "201102": "14.64",
        "201103": "14.85",
        "201104": "15.50",
        "201105": "14.18",
        "201106": "13.30",
        "201107": "13.29",
        "201108": "14.58",
        "201109": "15.37",
        "201110": "15.08",
        "201111": "13.88",
        "201112": "12.49",
        "201201": "11.61",
        "201202": "12.98",
        "201203": "12.92",
        "201204": "11.05",
        "201205": "10.49",
        "201206": "10.20",
        "201207": "9.74",
        "201208": "9.70",
        "201209": "9.79",
        "201210": "9.40",
        "201211": "8.81",
        "201212": "8.82",
        "201301": "9.48",
        "201302": "10.14",
        "201303": "10.65",
        "201304": "10.39",
        "201305": "10.97",
        "201306": "11.06",
        "201307": "14.16",
        "201308": "15.30",
        "201309": "17.33",
        "201310": "19.92",
        "201311": "19.18",
        "201312": "19.45",
        "201401": "22.69",
        "201402": "27.00",
        "201403": "27.60",
        "201404": "25.18",
        "201405": "24.66",
        "201406": "24.58",
        "201407": "22.86",
        "201408": "20.91",
        "201409": "19.22",
        "201410": "17.20",
        "201411": "16.66",
        "201412": "17.29",
        "201501": "18.95",
        "201502": "19.95",
        "201503": "20.49",
        "201504": "20.97",
        "201505": "20.08",
        "201506": "19.64",
        "201507": "18.38",
        "201508": "16.54",
        "201509": "15.06",
        "201510": "16.35",
        "201511": "16.64",
        "201512": "15.77",
        "201601": "14.40",
        "201602": "14.81",
        "201603": "16.57",
        "201604": "18.66",
        "201605": "16.33",
        "201606": "17.02",
        "201607": "18.06",
        "201608": "17.81",
        "201609": "18.67",
        "201610": "17.42",
        "201611": "16.12",
        "201612": "16.79",
        "201701": "17.43",
        "201702": "18.44",
        "201703": "18.64",
        "201704": "17.09",
        "201705": "17.01",
        "201706": "17.32",
        "201707": "16.87",
        "201708": "18.96",
        "201709": "21.13",
        "201710": "20.92",
        "201711": "19.92",
        "201712": "18.87",
        "201801": "19.40",
        "201802": "18.24",
        "201803": "17.89",
        "201804": "17.16",
        "201805": "17.30",
        "201806": "18.36",
        "201807": "17.65",
        "201808": "17.65",
        "201809": "17.25",
        "201810": "15.45",
        "201811": "14.09",
        "201812": "14.25",
        "201901": "14.06",
        "201902": "14.22",
        "201903": "14.94",
        "201904": "14.87",
        "201905": "13.52",
        "201906": "13.66",
        "201907": "13.49",
        "201908": "12.52",
        "201909": "12.47",
        "201910": "12.20",
        "201911": "12.20",
        "201912": "12.13",
        "202001": "11.89",
        "202002": "11.39",
        "202003": "8.61",
        "202004": "8.98",
        "202005": "9.94",
        "202006": "10.10",
        "202007": "10.07",
        "202008": "10.00",
        "202009": "11.22",
        "202010": "11.30",
        "202011": "11.35",
        "202012": "11.95",
        "202101": "11.75",
        "202102": "11.75",
        "202103": "11.90",
        "202104": "12.32",
        "202105": "11.53",
        "202106": "11.49",
        "202107": "12.02",
        "202108": "11.40",
        "202109": "10.98",
        "202110": "11.06",
        "202111": "11.15",
        "202112": "11.70",
        "202201": "11.58",
        "202202": "11.71",
        "202203": "11.46",
        "202204": "11.54",
        "202205": "11.39",
        "202206": "11.13",
        "202207": "10.33",
        "202208": "10.63",
        "202209": "10.73",
        "202210": "10.15",
        "202211": "10.36",
        "202212": "10.37",
        "202301": "10.18",
        "202302": "10.49",
        "202303": "11.44",
        "202304": "13.09",
        "202305": "13.96",
        "202306": "15.80"
    },
    "quarters": {
        "20011": {
            "year_quarter": 20011,
            "year": 2001,
            "quarter": 1,
            "eps": 1.17,
            "eps_growth_year": 28.57,
            "eps_4q": 0.8,
            "eps_4q_growth_year": -23.09,
            "roe": 6.1,
            "roe_4q": 6.1,
            "gross_profit": 32189,
            "gross_margin": 29.44,
            "gross_margin_4q_avg": 29.44,
            "net_income": 72644,
            "revenue": 109335,
            "common_shares": 619663,
            "book_valuer_per_share": 19.8,
            "book_valuer_per_share_4q_avg": 19.8,
            "equity": 1226780,
            "current_ratio": 335.99,
            "debt_ratio": 21.1,
            "inventory_turnover_ratio": 0.31,
            "account_receivable_turnover_ratio": null,
            "reinvestment_rate": null,
            "research_to_sale_ratio": null,
            "price_fair": 0,
            "eps_avg_yearly": 0,
            "eps_latest_yearly": 0,
            "eps_growth_yearly": 0
        },
        "20012": {
            "year_quarter": 20012,
            "year": 2001,
            "quarter": 2,
            "eps": -0.44,
            "eps_growth_year": -188,
            "eps_4q": -0.09,
            "eps_4q_growth_year": -105.81,
            "roe": -2.25,
            "roe_4q": 3.8499999999999996,
            "gross_profit": 33969,
            "gross_margin": 26.01,
            "gross_margin_4q_avg": 27.73,
            "net_income": -27273,
            "revenue": 130612,
            "common_shares": 619663,
            "book_valuer_per_share": 19.26,
            "book_valuer_per_share_4q_avg": 19.53,
            "equity": 1193311,
            "current_ratio": 322.46,
            "debt_ratio": 21.72,
            "inventory_turnover_ratio": 0.38,
            "account_receivable_turnover_ratio": null,
            "reinvestment_rate": null,
            "research_to_sale_ratio": null,
            "price_fair": 0,
            "eps_avg_yearly": 0,
            "eps_latest_yearly": 0,
            "eps_growth_yearly": 0
        },
        "20013": {
            "year_quarter": 20013,
            "year": 2001,
            "quarter": 3,
            "eps": -0.61,
            "eps_growth_year": null,
            "eps_4q": -0.68,
            "eps_4q_growth_year": -156.95,
            "roe": -3.19,
            "roe_4q": 0.6600000000000001,
            "gross_profit": 36636,
            "gross_margin": 28.42,
            "gross_margin_4q_avg": 27.96,
            "net_income": -37527,
            "revenue": 128918,
            "common_shares": 619663,
            "book_valuer_per_share": 18.7,
            "book_valuer_per_share_4q_avg": 19.25,
            "equity": 1158882,
            "current_ratio": 383.76,
            "debt_ratio": 18.8,
            "inventory_turnover_ratio": 0.39,
            "account_receivable_turnover_ratio": null,
            "reinvestment_rate": null,
            "research_to_sale_ratio": null,
            "price_fair": 0,
            "eps_avg_yearly": 0,
            "eps_latest_yearly": 0,
            "eps_growth_yearly": 0
        },
        "20014": {
            "year_quarter": 20014,
            "year": 2001,
            "quarter": 4,
            "eps": 0.48,
            "eps_growth_year": null,
            "eps_4q": 0.59,
            "eps_4q_growth_year": 28.98,
            "roe": 2.82,
            "roe_4q": 3.4799999999999995,
            "gross_profit": 26896,
            "gross_margin": 24.54,
            "gross_margin_4q_avg": 27.1,
            "net_income": 33223,
            "revenue": 109595,
            "common_shares": 697121,
            "book_valuer_per_share": 17.13,
            "book_valuer_per_share_4q_avg": 18.72,
            "equity": 1194180,
            "current_ratio": 516.61,
            "debt_ratio": 13.76,
            "inventory_turnover_ratio": 0.38,
            "account_receivable_turnover_ratio": null,
            "reinvestment_rate": null,
            "research_to_sale_ratio": null,
            "price_fair": 0,
            "eps_avg_yearly": 0,
            "eps_latest_yearly": 0,
            "eps_growth_yearly": 0
        },
        "20021": {
            "year_quarter": 20021,
            "year": 2002,
            "quarter": 1,
            "eps": 0.25,
            "eps_growth_year": -78.63,
            "eps_4q": -0.26,
            "eps_4q_growth_year": -132.8,
            "roe": 1.32,
            "roe_4q": -1.3000000000000003,
            "gross_profit": 33649,
            "gross_margin": 20.45,
            "gross_margin_4q_avg": 24.86,
            "net_income": 15385,
            "revenue": 164532,
            "common_shares": 697121,
            "book_valuer_per_share": 16.19,
            "book_valuer_per_share_4q_avg": 17.82,
            "equity": 1128814,
            "current_ratio": 449.1,
            "debt_ratio": 16.22,
            "inventory_turnover_ratio": 0.65,
            "account_receivable_turnover_ratio": null,
            "reinvestment_rate": null,
            "research_to_sale_ratio": null,
            "price_fair": 3,
            "eps_avg_yearly": 1,
            "eps_latest_yearly": 1,
            "eps_growth_yearly": -191.67
        },
        "20022": {
            "year_quarter": 20022,
            "year": 2002,
            "quarter": 2,
            "eps": 0.37,
            "eps_growth_year": null,
            "eps_4q": 0.55,
            "eps_4q_growth_year": null,
            "roe": 2.1,
            "roe_4q": 3.0500000000000003,
            "gross_profit": 58577,
            "gross_margin": 24.18,
            "gross_margin_4q_avg": 24.4,
            "net_income": 23315,
            "revenue": 242302,
            "common_shares": 697121,
            "book_valuer_per_share": 15.65,
            "book_valuer_per_share_4q_avg": 16.92,
            "equity": 1091139,
            "current_ratio": 278.03,
            "debt_ratio": 25.39,
            "inventory_turnover_ratio": 0.97,
            "account_receivable_turnover_ratio": null,
            "reinvestment_rate": null,
            "research_to_sale_ratio": null,
            "price_fair": 12.4,
            "eps_avg_yearly": 1.24,
            "eps_latest_yearly": 1.48,
            "eps_growth_yearly": 0.17
        },
        "20023": {
            "year_quarter": 20023,
            "year": 2002,
            "quarter": 3,
            "eps": 0.06,
            "eps_growth_year": null,
            "eps_4q": 1.12,
            "eps_4q_growth_year": null,
            "roe": 0.38,
            "roe_4q": 6.619999999999999,
            "gross_profit": 36020,
            "gross_margin": 16.14,
            "gross_margin_4q_avg": 21.33,
            "net_income": 4089,
            "revenue": 223232,
            "common_shares": 731977,
            "book_valuer_per_share": 14.66,
            "book_valuer_per_share_4q_avg": 15.91,
            "equity": 1072768,
            "current_ratio": 211.02,
            "debt_ratio": 30.06,
            "inventory_turnover_ratio": 0.9,
            "account_receivable_turnover_ratio": null,
            "reinvestment_rate": null,
            "research_to_sale_ratio": null,
            "price_fair": 2.72,
            "eps_avg_yearly": 0.91,
            "eps_latest_yearly": 0.24,
            "eps_growth_yearly": -111.6
        },
        "20024": {
            "year_quarter": 20024,
            "year": 2002,
            "quarter": 4,
            "eps": 0.22,
            "eps_growth_year": -54.17,
            "eps_4q": 0.88,
            "eps_4q_growth_year": 48.78,
            "roe": 1.34,
            "roe_4q": 5.140000000000001,
            "gross_profit": 44592,
            "gross_margin": 17.66,
            "gross_margin_4q_avg": 19.61,
            "net_income": 14204,
            "revenue": 252537,
            "common_shares": 731977,
            "book_valuer_per_share": 14.37,
            "book_valuer_per_share_4q_avg": 15.22,
            "equity": 1051507,
            "current_ratio": 186.61,
            "debt_ratio": 33.65,
            "inventory_turnover_ratio": 0.81,
            "account_receivable_turnover_ratio": null,
            "reinvestment_rate": 82.26,
            "research_to_sale_ratio": null,
            "price_fair": 31.5,
            "eps_avg_yearly": 0.9,
            "eps_latest_yearly": 0.88,
            "eps_growth_yearly": 182.97
        },
        "20031": {
            "year_quarter": 20031,
            "year": 2003,
            "quarter": 1,
            "eps": 0.24,
            "eps_growth_year": -4,
            "eps_4q": 0.92,
            "eps_4q_growth_year": null,
            "roe": 1.39,
            "roe_4q": 5.21,
            "gross_profit": 45518,
            "gross_margin": 15.67,
            "gross_margin_4q_avg": 18.41,
            "net_income": 14599,
            "revenue": 290513,
            "common_shares": 701977,
            "book_valuer_per_share": 14.99,
            "book_valuer_per_share_4q_avg": 14.92,
            "equity": 1052518,
            "current_ratio": 186.07,
            "debt_ratio": 33.59,
            "inventory_turnover_ratio": 0.88,
            "account_receivable_turnover_ratio": null,
            "reinvestment_rate": 87.04,
            "research_to_sale_ratio": null,
            "price_fair": 31.92,
            "eps_avg_yearly": 0.91,
            "eps_latest_yearly": 0.96,
            "eps_growth_yearly": 153.65
        },
        "20032": {
            "year_quarter": 20032,
            "year": 2003,
            "quarter": 2,
            "eps": 0.48,
            "eps_growth_year": 29.73,
            "eps_4q": 1.02,
            "eps_4q_growth_year": 87.49,
            "roe": 2.77,
            "roe_4q": 5.88,
            "gross_profit": 64174,
            "gross_margin": 16.61,
            "gross_margin_4q_avg": 16.52,
            "net_income": 29054,
            "revenue": 386282,
            "common_shares": 696627,
            "book_valuer_per_share": 14.98,
            "book_valuer_per_share_4q_avg": 14.75,
            "equity": 1043568,
            "current_ratio": 187.31,
            "debt_ratio": 33.29,
            "inventory_turnover_ratio": 1.15,
            "account_receivable_turnover_ratio": null,
            "reinvestment_rate": 71.35,
            "research_to_sale_ratio": null,
            "price_fair": 37.8,
            "eps_avg_yearly": 1.08,
            "eps_latest_yearly": 1.92,
            "eps_growth_yearly": 194.7
        },
        "20033": {
            "year_quarter": 20033,
            "year": 2003,
            "quarter": 3,
            "eps": 0.35,
            "eps_growth_year": 483.33,
            "eps_4q": 1.32,
            "eps_4q_growth_year": 18.41,
            "roe": 1.97,
            "roe_4q": 7.47,
            "gross_profit": 58481,
            "gross_margin": 14.19,
            "gross_margin_4q_avg": 16.03,
            "net_income": 20860,
            "revenue": 412102,
            "common_shares": 696627,
            "book_valuer_per_share": 15.4,
            "book_valuer_per_share_4q_avg": 14.94,
            "equity": 1072549,
            "current_ratio": 174.98,
            "debt_ratio": 36.51,
            "inventory_turnover_ratio": 1.18,
            "account_receivable_turnover_ratio": null,
            "reinvestment_rate": 66.88,
            "research_to_sale_ratio": null,
            "price_fair": 39.4,
            "eps_avg_yearly": 1.13,
            "eps_latest_yearly": 1.4,
            "eps_growth_yearly": 151.41
        },
        "20034": {
            "year_quarter": 20034,
            "year": 2003,
            "quarter": 4,
            "eps": 0.3,
            "eps_growth_year": 36.36,
            "eps_4q": 1.38,
            "eps_4q_growth_year": 56.63,
            "roe": 1.65,
            "roe_4q": 7.78,
            "gross_profit": 54860,
            "gross_margin": 19.14,
            "gross_margin_4q_avg": 16.4,
            "net_income": 17877,
            "revenue": 286593,
            "common_shares": 696627,
            "book_valuer_per_share": 15.66,
            "book_valuer_per_share_4q_avg": 15.26,
            "equity": 1090829,
            "current_ratio": 177.23,
            "debt_ratio": 35.47,
            "inventory_turnover_ratio": 0.71,
            "account_receivable_turnover_ratio": null,
            "reinvestment_rate": 68.88,
            "research_to_sale_ratio": null,
            "price_fair": 39.73,
            "eps_avg_yearly": 1.14,
            "eps_latest_yearly": 1.2,
            "eps_growth_yearly": 125.34
        },
        "20041": {
            "year_quarter": 20041,
            "year": 2004,
            "quarter": 1,
            "eps": 0.33,
            "eps_growth_year": 37.5,
            "eps_4q": 1.44,
            "eps_4q_growth_year": 56.06,
            "roe": 1.83,
            "roe_4q": 8.22,
            "gross_profit": 61471,
            "gross_margin": 19.89,
            "gross_margin_4q_avg": 17.46,
            "net_income": 20117,
            "revenue": 309057,
            "common_shares": 696627,
            "book_valuer_per_share": 15.92,
            "book_valuer_per_share_4q_avg": 15.49,
            "equity": 1109036,
            "current_ratio": 230.24,
            "debt_ratio": 44.55,
            "inventory_turnover_ratio": 0.71,
            "account_receivable_turnover_ratio": null,
            "reinvestment_rate": 81.97,
            "research_to_sale_ratio": null,
            "price_fair": 40.44,
            "eps_avg_yearly": 1.16,
            "eps_latest_yearly": 1.32,
            "eps_growth_yearly": 115.86
        },
        "20042": {
            "year_quarter": 20042,
            "year": 2004,
            "quarter": 2,
            "eps": 0.28,
            "eps_growth_year": -41.67,
            "eps_4q": 1.25,
            "eps_4q_growth_year": 21.82,
            "roe": 1.56,
            "roe_4q": 7.01,
            "gross_profit": 72349,
            "gross_margin": 19.56,
            "gross_margin_4q_avg": 18.2,
            "net_income": 17046,
            "revenue": 369899,
            "common_shares": 696627,
            "book_valuer_per_share": 15.44,
            "book_valuer_per_share_4q_avg": 15.61,
            "equity": 1075400,
            "current_ratio": 201.02,
            "debt_ratio": 50.62,
            "inventory_turnover_ratio": 0.73,
            "account_receivable_turnover_ratio": null,
            "reinvestment_rate": 97.54,
            "research_to_sale_ratio": null,
            "price_fair": 40.32,
            "eps_avg_yearly": 1.15,
            "eps_latest_yearly": 1.12,
            "eps_growth_yearly": 98.21
        },
        "20043": {
            "year_quarter": 20043,
            "year": 2004,
            "quarter": 3,
            "eps": 0.21,
            "eps_growth_year": -40,
            "eps_4q": 1.13,
            "eps_4q_growth_year": -14.38,
            "roe": 1.16,
            "roe_4q": 6.199999999999999,
            "gross_profit": 68802,
            "gross_margin": 21.56,
            "gross_margin_4q_avg": 20.04,
            "net_income": 12552,
            "revenue": 319085,
            "common_shares": 697354,
            "book_valuer_per_share": 15.63,
            "book_valuer_per_share_4q_avg": 15.66,
            "equity": 1089737,
            "current_ratio": 209.51,
            "debt_ratio": 49.37,
            "inventory_turnover_ratio": 0.55,
            "account_receivable_turnover_ratio": null,
            "reinvestment_rate": 97.83,
            "research_to_sale_ratio": null,
            "price_fair": 39.33,
            "eps_avg_yearly": 1.12,
            "eps_latest_yearly": 0.84,
            "eps_growth_yearly": 80.2
        },
        "20044": {
            "year_quarter": 20044,
            "year": 2004,
            "quarter": 4,
            "eps": -0.04,
            "eps_growth_year": -113.33,
            "eps_4q": 0.72,
            "eps_4q_growth_year": -47.92,
            "roe": -0.21,
            "roe_4q": 4.34,
            "gross_profit": 31974,
            "gross_margin": 13.45,
            "gross_margin_4q_avg": 18.62,
            "net_income": -2340,
            "revenue": 237650,
            "common_shares": 751593,
            "book_valuer_per_share": 14.86,
            "book_valuer_per_share_4q_avg": 15.46,
            "equity": 1116862,
            "current_ratio": 212.35,
            "debt_ratio": 45.13,
            "inventory_turnover_ratio": 0.43,
            "account_receivable_turnover_ratio": null,
            "reinvestment_rate": 73.41,
            "research_to_sale_ratio": null,
            "price_fair": 39.33,
            "eps_avg_yearly": 1.12,
            "eps_latest_yearly": 0.84,
            "eps_growth_yearly": 80.2
        },
        "20051": {
            "year_quarter": 20051,
            "year": 2005,
            "quarter": 1,
            "eps": -0.26,
            "eps_growth_year": -178.79,
            "eps_4q": 0.14,
            "eps_4q_growth_year": -90,
            "roe": -1.58,
            "roe_4q": 0.9299999999999999,
            "gross_profit": 24675,
            "gross_margin": 16.01,
            "gross_margin_4q_avg": 17.65,
            "net_income": -17534,
            "revenue": 154142,
            "common_shares": 780085,
            "book_valuer_per_share": 14.09,
            "book_valuer_per_share_4q_avg": 15.01,
            "equity": 1098951,
            "current_ratio": 204.5,
            "debt_ratio": 43.94,
            "inventory_turnover_ratio": 0.26,
            "account_receivable_turnover_ratio": null,
            "reinvestment_rate": 193.57,
            "research_to_sale_ratio": null,
            "price_fair": 39.33,
            "eps_avg_yearly": 1.12,
            "eps_latest_yearly": 0.84,
            "eps_growth_yearly": 80.2
        },
        "20052": {
            "year_quarter": 20052,
            "year": 2005,
            "quarter": 2,
            "eps": -0.39,
            "eps_growth_year": -239.29,
            "eps_4q": -0.43,
            "eps_4q_growth_year": -134.52,
            "roe": -2.47,
            "roe_4q": -3.1000000000000005,
            "gross_profit": 10332,
            "gross_margin": 5.25,
            "gross_margin_4q_avg": 14.07,
            "net_income": -26250,
            "revenue": 196647,
            "common_shares": 780085,
            "book_valuer_per_share": 13.21,
            "book_valuer_per_share_4q_avg": 14.45,
            "equity": 1030556,
            "current_ratio": 180.52,
            "debt_ratio": 48.13,
            "inventory_turnover_ratio": 0.36,
            "account_receivable_turnover_ratio": null,
            "reinvestment_rate": 190.01,
            "research_to_sale_ratio": null,
            "price_fair": 39.33,
            "eps_avg_yearly": 1.12,
            "eps_latest_yearly": 0.84,
            "eps_growth_yearly": 80.2
        },
        "20053": {
            "year_quarter": 20053,
            "year": 2005,
            "quarter": 3,
            "eps": -0.17,
            "eps_growth_year": -180.95,
            "eps_4q": -0.75,
            "eps_4q_growth_year": -166.72,
            "roe": -1.1,
            "roe_4q": -5.36,
            "gross_profit": 21703,
            "gross_margin": 10.98,
            "gross_margin_4q_avg": 11.42,
            "net_income": -11323,
            "revenue": 197597,
            "common_shares": 761439,
            "book_valuer_per_share": 13.42,
            "book_valuer_per_share_4q_avg": 13.9,
            "equity": 1021733,
            "current_ratio": 168.73,
            "debt_ratio": 49.37,
            "inventory_turnover_ratio": 0.33,
            "account_receivable_turnover_ratio": null,
            "reinvestment_rate": 226.05,
            "research_to_sale_ratio": null,
            "price_fair": 39.33,
            "eps_avg_yearly": 1.12,
            "eps_latest_yearly": 0.84,
            "eps_growth_yearly": 80.2
        },
        "20054": {
            "year_quarter": 20054,
            "year": 2005,
            "quarter": 4,
            "eps": -0.67,
            "eps_growth_year": null,
            "eps_4q": -1.48,
            "eps_4q_growth_year": -305.56,
            "roe": -4.58,
            "roe_4q": -9.73,
            "gross_profit": 26248,
            "gross_margin": 12.81,
            "gross_margin_4q_avg": 11.26,
            "net_income": -45789,
            "revenue": 204945,
            "common_shares": 761439,
            "book_valuer_per_share": 12.87,
            "book_valuer_per_share_4q_avg": 13.4,
            "equity": 979689,
            "current_ratio": 169.6,
            "debt_ratio": 47.77,
            "inventory_turnover_ratio": 0.32,
            "account_receivable_turnover_ratio": null,
            "reinvestment_rate": 540.54,
            "research_to_sale_ratio": null,
            "price_fair": 39.33,
            "eps_avg_yearly": 1.12,
            "eps_latest_yearly": 0.84,
            "eps_growth_yearly": 80.2
        },
        "20061": {
            "year_quarter": 20061,
            "year": 2006,
            "quarter": 1,
            "eps": 0,
            "eps_growth_year": null,
            "eps_4q": -1.09,
            "eps_4q_growth_year": -856.94,
            "roe": 0.02,
            "roe_4q": -8.13,
            "gross_profit": 24486,
            "gross_margin": 11.15,
            "gross_margin_4q_avg": 10.05,
            "net_income": 256,
            "revenue": 219552,
            "common_shares": 761439,
            "book_valuer_per_share": 14.15,
            "book_valuer_per_share_4q_avg": 13.41,
            "equity": 1077656,
            "current_ratio": 138.4,
            "debt_ratio": 41.57,
            "inventory_turnover_ratio": 0.4,
            "account_receivable_turnover_ratio": null,
            "reinvestment_rate": 652.59,
            "research_to_sale_ratio": null,
            "price_fair": 39.76,
            "eps_avg_yearly": 1.14,
            "eps_latest_yearly": 0.84,
            "eps_growth_yearly": 107.38
        },
        "20062": {
            "year_quarter": 20062,
            "year": 2006,
            "quarter": 2,
            "eps": -0.04,
            "eps_growth_year": null,
            "eps_4q": -0.68,
            "eps_4q_growth_year": null,
            "roe": -0.27,
            "roe_4q": -5.93,
            "gross_profit": 25380,
            "gross_margin": 10.87,
            "gross_margin_4q_avg": 11.45,
            "net_income": -2907,
            "revenue": 233456,
            "common_shares": 879900,
            "book_valuer_per_share": 12.26,
            "book_valuer_per_share_4q_avg": 13.18,
            "equity": 1078540,
            "current_ratio": 135.51,
            "debt_ratio": 43.52,
            "inventory_turnover_ratio": 0.51,
            "account_receivable_turnover_ratio": null,
            "reinvestment_rate": 1116.54,
            "research_to_sale_ratio": null,
            "price_fair": 38.42,
            "eps_avg_yearly": 1.1,
            "eps_latest_yearly": 0.84,
            "eps_growth_yearly": 97.98
        },
        "20063": {
            "year_quarter": 20063,
            "year": 2006,
            "quarter": 3,
            "eps": 0.26,
            "eps_growth_year": null,
            "eps_4q": -0.36,
            "eps_4q_growth_year": null,
            "roe": 1.84,
            "roe_4q": -2.99,
            "gross_profit": 34162,
            "gross_margin": 17.35,
            "gross_margin_4q_avg": 13.05,
            "net_income": 20420,
            "revenue": 196918,
            "common_shares": 879900,
            "book_valuer_per_share": 12.98,
            "book_valuer_per_share_4q_avg": 13.07,
            "equity": 1141726,
            "current_ratio": 139.44,
            "debt_ratio": 41.79,
            "inventory_turnover_ratio": 0.41,
            "account_receivable_turnover_ratio": null,
            "reinvestment_rate": 837.89,
            "research_to_sale_ratio": null,
            "price_fair": 42.18,
            "eps_avg_yearly": 1.21,
            "eps_latest_yearly": 0.84,
            "eps_growth_yearly": 152.12
        },
        "20064": {
            "year_quarter": 20064,
            "year": 2006,
            "quarter": 4,
            "eps": 0.11,
            "eps_growth_year": null,
            "eps_4q": 0.33,
            "eps_4q_growth_year": null,
            "roe": 0.76,
            "roe_4q": 2.35,
            "gross_profit": 21384,
            "gross_margin": 15.38,
            "gross_margin_4q_avg": 13.69,
            "net_income": 8918,
            "revenue": 139070,
            "common_shares": 881785,
            "book_valuer_per_share": 13.6,
            "book_valuer_per_share_4q_avg": 13.25,
            "equity": 1199237,
            "current_ratio": 150.34,
            "debt_ratio": 37.12,
            "inventory_turnover_ratio": 0.28,
            "account_receivable_turnover_ratio": null,
            "reinvestment_rate": 994.72,
            "research_to_sale_ratio": null,
            "price_fair": 3.45,
            "eps_avg_yearly": 1.15,
            "eps_latest_yearly": 0.44,
            "eps_growth_yearly": -10.06
        },
        "20071": {
            "year_quarter": 20071,
            "year": 2007,
            "quarter": 1,
            "eps": 0.06,
            "eps_growth_year": null,
            "eps_4q": 0.39,
            "eps_4q_growth_year": null,
            "roe": 0.41,
            "roe_4q": 2.7399999999999998,
            "gross_profit": 27886,
            "gross_margin": 17.78,
            "gross_margin_4q_avg": 15.35,
            "net_income": 4875,
            "revenue": 156843,
            "common_shares": 881785,
            "book_valuer_per_share": 13.66,
            "book_valuer_per_share_4q_avg": 13.13,
            "equity": 1204578,
            "current_ratio": 168.17,
            "debt_ratio": 33.26,
            "inventory_turnover_ratio": 0.32,
            "account_receivable_turnover_ratio": null,
            "reinvestment_rate": 1105.66,
            "research_to_sale_ratio": null,
            "price_fair": 3.18,
            "eps_avg_yearly": 1.06,
            "eps_latest_yearly": 0.24,
            "eps_growth_yearly": -37.33
        },
        "20072": {
            "year_quarter": 20072,
            "year": 2007,
            "quarter": 2,
            "eps": 0.12,
            "eps_growth_year": null,
            "eps_4q": 0.5,
            "eps_4q_growth_year": null,
            "roe": 0.9,
            "roe_4q": 3.91,
            "gross_profit": 44939,
            "gross_margin": 22.44,
            "gross_margin_4q_avg": 18.24,
            "net_income": 10779,
            "revenue": 200285,
            "common_shares": 881785,
            "book_valuer_per_share": 13.56,
            "book_valuer_per_share_4q_avg": 13.45,
            "equity": 1195821,
            "current_ratio": 124.52,
            "debt_ratio": 35.98,
            "inventory_turnover_ratio": 0.45,
            "account_receivable_turnover_ratio": null,
            "reinvestment_rate": 2130.76,
            "research_to_sale_ratio": null,
            "price_fair": 2.64,
            "eps_avg_yearly": 0.88,
            "eps_latest_yearly": 0.48,
            "eps_growth_yearly": -37.33
        },
        "20073": {
            "year_quarter": 20073,
            "year": 2007,
            "quarter": 3,
            "eps": 0.17,
            "eps_growth_year": -34.62,
            "eps_4q": 0.45,
            "eps_4q_growth_year": null,
            "roe": 1.23,
            "roe_4q": 3.3,
            "gross_profit": 44277,
            "gross_margin": 20.66,
            "gross_margin_4q_avg": 19.07,
            "net_income": 14844,
            "revenue": 214328,
            "common_shares": 881785,
            "book_valuer_per_share": 13.72,
            "book_valuer_per_share_4q_avg": 13.64,
            "equity": 1210072,
            "current_ratio": 258.18,
            "debt_ratio": 37.76,
            "inventory_turnover_ratio": 0.52,
            "account_receivable_turnover_ratio": null,
            "reinvestment_rate": 2836.47,
            "research_to_sale_ratio": null,
            "price_fair": 2.37,
            "eps_avg_yearly": 0.79,
            "eps_latest_yearly": 0.68,
            "eps_growth_yearly": -2.96
        },
        "20074": {
            "year_quarter": 20074,
            "year": 2007,
            "quarter": 4,
            "eps": -0.03,
            "eps_growth_year": -127.27,
            "eps_4q": 0.32,
            "eps_4q_growth_year": -2.79,
            "roe": -0.2,
            "roe_4q": 2.3400000000000003,
            "gross_profit": 35775,
            "gross_margin": 19.86,
            "gross_margin_4q_avg": 20.19,
            "net_income": -2481,
            "revenue": 180106,
            "common_shares": 881785,
            "book_valuer_per_share": 13.74,
            "book_valuer_per_share_4q_avg": 13.67,
            "equity": 1211491,
            "current_ratio": 191.85,
            "debt_ratio": 44.39,
            "inventory_turnover_ratio": 0.38,
            "account_receivable_turnover_ratio": null,
            "reinvestment_rate": 55234.91,
            "research_to_sale_ratio": null,
            "price_fair": 10.81,
            "eps_avg_yearly": 0.73,
            "eps_latest_yearly": 0.68,
            "eps_growth_yearly": 4.78
        },
        "20081": {
            "year_quarter": 20081,
            "year": 2008,
            "quarter": 1,
            "eps": 0.09,
            "eps_growth_year": 50,
            "eps_4q": 0.37,
            "eps_4q_growth_year": -2.95,
            "roe": 0.61,
            "roe_4q": 2.54,
            "gross_profit": 51566,
            "gross_margin": 19.54,
            "gross_margin_4q_avg": 20.63,
            "net_income": 7335,
            "revenue": 263935,
            "common_shares": 881785,
            "book_valuer_per_share": 13.35,
            "book_valuer_per_share_4q_avg": 13.59,
            "equity": 1177587,
            "current_ratio": 186.94,
            "debt_ratio": 46.4,
            "inventory_turnover_ratio": 0.49,
            "account_receivable_turnover_ratio": null,
            "reinvestment_rate": null,
            "research_to_sale_ratio": null,
            "price_fair": 1.9,
            "eps_avg_yearly": 0.63,
            "eps_latest_yearly": 0.68,
            "eps_growth_yearly": -1.09
        },
        "20082": {
            "year_quarter": 20082,
            "year": 2008,
            "quarter": 2,
            "eps": -0.18,
            "eps_growth_year": -250,
            "eps_4q": 0.05,
            "eps_4q_growth_year": -89.9,
            "roe": -1.32,
            "roe_4q": 0.31999999999999984,
            "gross_profit": 43691,
            "gross_margin": 18.97,
            "gross_margin_4q_avg": 19.76,
            "net_income": -15235,
            "revenue": 230318,
            "common_shares": 881785,
            "book_valuer_per_share": 12.89,
            "book_valuer_per_share_4q_avg": 13.43,
            "equity": 1136239,
            "current_ratio": 180.29,
            "debt_ratio": 50.89,
            "inventory_turnover_ratio": 0.42,
            "account_receivable_turnover_ratio": null,
            "reinvestment_rate": null,
            "research_to_sale_ratio": null,
            "price_fair": 11.16,
            "eps_avg_yearly": 0.54,
            "eps_latest_yearly": 0.68,
            "eps_growth_yearly": 10.82
        },
        "20083": {
            "year_quarter": 20083,
            "year": 2008,
            "quarter": 3,
            "eps": 0.14,
            "eps_growth_year": -17.65,
            "eps_4q": 0.01,
            "eps_4q_growth_year": -96.81,
            "roe": 1.04,
            "roe_4q": 0.12999999999999995,
            "gross_profit": 37950,
            "gross_margin": 16.77,
            "gross_margin_4q_avg": 18.79,
            "net_income": 11571,
            "revenue": 226293,
            "common_shares": 881785,
            "book_valuer_per_share": 12.47,
            "book_valuer_per_share_4q_avg": 13.11,
            "equity": 1099772,
            "current_ratio": 176.68,
            "debt_ratio": 50.91,
            "inventory_turnover_ratio": 0.41,
            "account_receivable_turnover_ratio": null,
            "reinvestment_rate": null,
            "research_to_sale_ratio": null,
            "price_fair": 16.1,
            "eps_avg_yearly": 0.46,
            "eps_latest_yearly": 0.68,
            "eps_growth_yearly": 38.52
        },
        "20084": {
            "year_quarter": 20084,
            "year": 2008,
            "quarter": 4,
            "eps": -0.37,
            "eps_growth_year": null,
            "eps_4q": -0.33,
            "eps_4q_growth_year": -203.12,
            "roe": -2.96,
            "roe_4q": -2.6300000000000003,
            "gross_profit": 32240,
            "gross_margin": 16.27,
            "gross_margin_4q_avg": 17.89,
            "net_income": -31580,
            "revenue": 198165,
            "common_shares": 881785,
            "book_valuer_per_share": 11.71,
            "book_valuer_per_share_4q_avg": 12.61,
            "equity": 1032484,
            "current_ratio": 164.16,
            "debt_ratio": 53.63,
            "inventory_turnover_ratio": 0.38,
            "account_receivable_turnover_ratio": 3.14,
            "reinvestment_rate": null,
            "research_to_sale_ratio": null,
            "price_fair": 16.1,
            "eps_avg_yearly": 0.46,
            "eps_latest_yearly": 0.68,
            "eps_growth_yearly": 38.52
        },
        "20091": {
            "year_quarter": 20091,
            "year": 2009,
            "quarter": 1,
            "eps": -0.16,
            "eps_growth_year": -277.78,
            "eps_4q": -0.55,
            "eps_4q_growth_year": -247.13,
            "roe": -1.29,
            "roe_4q": -4.53,
            "gross_profit": 3938,
            "gross_margin": 5.36,
            "gross_margin_4q_avg": 14.34,
            "net_income": -13271,
            "revenue": 73426,
            "common_shares": 881785,
            "book_valuer_per_share": 11.64,
            "book_valuer_per_share_4q_avg": 12.18,
            "equity": 1026118,
            "current_ratio": 172.93,
            "debt_ratio": 52.2,
            "inventory_turnover_ratio": 0.17,
            "account_receivable_turnover_ratio": 0.71,
            "reinvestment_rate": null,
            "research_to_sale_ratio": null,
            "price_fair": 16.1,
            "eps_avg_yearly": 0.46,
            "eps_latest_yearly": 0.68,
            "eps_growth_yearly": 38.52
        },
        "20092": {
            "year_quarter": 20092,
            "year": 2009,
            "quarter": 2,
            "eps": -0.19,
            "eps_growth_year": null,
            "eps_4q": -0.56,
            "eps_4q_growth_year": -1204.73,
            "roe": -1.59,
            "roe_4q": -4.8,
            "gross_profit": 25640,
            "gross_margin": 14.69,
            "gross_margin_4q_avg": 13.27,
            "net_income": -16024,
            "revenue": 174502,
            "common_shares": 881785,
            "book_valuer_per_share": 11.24,
            "book_valuer_per_share_4q_avg": 11.77,
            "equity": 991541,
            "current_ratio": 164.43,
            "debt_ratio": 51.92,
            "inventory_turnover_ratio": 0.4,
            "account_receivable_turnover_ratio": 2.34,
            "reinvestment_rate": null,
            "research_to_sale_ratio": null,
            "price_fair": 16.1,
            "eps_avg_yearly": 0.46,
            "eps_latest_yearly": 0.68,
            "eps_growth_yearly": 38.52
        },
        "20093": {
            "year_quarter": 20093,
            "year": 2009,
            "quarter": 3,
            "eps": 0.01,
            "eps_growth_year": -92.86,
            "eps_4q": -0.68,
            "eps_4q_growth_year": -4826.47,
            "roe": 0.09,
            "roe_4q": -5.75,
            "gross_profit": 12709,
            "gross_margin": 11.25,
            "gross_margin_4q_avg": 11.89,
            "net_income": 868,
            "revenue": 112977,
            "common_shares": 881785,
            "book_valuer_per_share": 11.27,
            "book_valuer_per_share_4q_avg": 11.47,
            "equity": 993472,
            "current_ratio": 262.11,
            "debt_ratio": 51.86,
            "inventory_turnover_ratio": 0.3,
            "account_receivable_turnover_ratio": 1.72,
            "reinvestment_rate": null,
            "research_to_sale_ratio": null,
            "price_fair": 16.1,
            "eps_avg_yearly": 0.46,
            "eps_latest_yearly": 0.68,
            "eps_growth_yearly": 38.52
        },
        "20094": {
            "year_quarter": 20094,
            "year": 2009,
            "quarter": 4,
            "eps": -0.03,
            "eps_growth_year": null,
            "eps_4q": -0.37,
            "eps_4q_growth_year": null,
            "roe": -0.27,
            "roe_4q": -3.06,
            "gross_profit": 1629,
            "gross_margin": 0.79,
            "gross_margin_4q_avg": 8.02,
            "net_income": -2679,
            "revenue": 206505,
            "common_shares": 881785,
            "book_valuer_per_share": 11.58,
            "book_valuer_per_share_4q_avg": 11.43,
            "equity": 976230,
            "current_ratio": 273.09,
            "debt_ratio": 43.4,
            "inventory_turnover_ratio": 0.68,
            "account_receivable_turnover_ratio": 5.74,
            "reinvestment_rate": null,
            "research_to_sale_ratio": null,
            "price_fair": 16.1,
            "eps_avg_yearly": 0.46,
            "eps_latest_yearly": 0.68,
            "eps_growth_yearly": 38.52
        },
        "20101": {
            "year_quarter": 20101,
            "year": 2010,
            "quarter": 1,
            "eps": 0.29,
            "eps_growth_year": null,
            "eps_4q": 0.08,
            "eps_4q_growth_year": null,
            "roe": 2.45,
            "roe_4q": 0.6799999999999999,
            "gross_profit": 64500,
            "gross_margin": 22.07,
            "gross_margin_4q_avg": 12.2,
            "net_income": 24413,
            "revenue": 292251,
            "common_shares": 881785,
            "book_valuer_per_share": 12.01,
            "book_valuer_per_share_4q_avg": 11.53,
            "equity": 1012804,
            "current_ratio": 214.75,
            "debt_ratio": 41.66,
            "inventory_turnover_ratio": 0.81,
            "account_receivable_turnover_ratio": 3.19,
            "reinvestment_rate": 531.97,
            "research_to_sale_ratio": 0.98,
            "price_fair": 16.1,
            "eps_avg_yearly": 0.46,
            "eps_latest_yearly": 0.68,
            "eps_growth_yearly": 38.52
        },
        "20102": {
            "year_quarter": 20102,
            "year": 2010,
            "quarter": 2,
            "eps": 0.3,
            "eps_growth_year": null,
            "eps_4q": 0.56,
            "eps_4q_growth_year": null,
            "roe": 2.45,
            "roe_4q": 4.720000000000001,
            "gross_profit": 73682,
            "gross_margin": 20.34,
            "gross_margin_4q_avg": 13.61,
            "net_income": 24948,
            "revenue": 362213,
            "common_shares": 881785,
            "book_valuer_per_share": 12.14,
            "book_valuer_per_share_4q_avg": 11.75,
            "equity": 1023116,
            "current_ratio": 224.66,
            "debt_ratio": 43.39,
            "inventory_turnover_ratio": 0.87,
            "account_receivable_turnover_ratio": 2.78,
            "reinvestment_rate": 118.55,
            "research_to_sale_ratio": 0.9,
            "price_fair": 21.28,
            "eps_avg_yearly": 0.61,
            "eps_latest_yearly": 1.2,
            "eps_growth_yearly": 33.57
        },
        "20103": {
            "year_quarter": 20103,
            "year": 2010,
            "quarter": 3,
            "eps": 0.38,
            "eps_growth_year": 3656.61,
            "eps_4q": 0.93,
            "eps_4q_growth_year": null,
            "roe": 3.04,
            "roe_4q": 7.67,
            "gross_profit": 78189,
            "gross_margin": 21.76,
            "gross_margin_4q_avg": 16.24,
            "net_income": 31668,
            "revenue": 359265,
            "common_shares": 881785,
            "book_valuer_per_share": 12.56,
            "book_valuer_per_share_4q_avg": 12.07,
            "equity": 1058444,
            "current_ratio": 210.34,
            "debt_ratio": 43.77,
            "inventory_turnover_ratio": 0.69,
            "account_receivable_turnover_ratio": 2.23,
            "reinvestment_rate": 54.01,
            "research_to_sale_ratio": 0.84,
            "price_fair": 26.6,
            "eps_avg_yearly": 0.76,
            "eps_latest_yearly": 1.52,
            "eps_growth_yearly": 45.76
        },
        "20104": {
            "year_quarter": 20104,
            "year": 2010,
            "quarter": 4,
            "eps": 0.12,
            "eps_growth_year": null,
            "eps_4q": 1.08,
            "eps_4q_growth_year": null,
            "roe": 0.92,
            "roe_4q": 8.86,
            "gross_profit": 70654,
            "gross_margin": 17.87,
            "gross_margin_4q_avg": 20.51,
            "net_income": 9781,
            "revenue": 395436,
            "common_shares": 881785,
            "book_valuer_per_share": 12.65,
            "book_valuer_per_share_4q_avg": 12.34,
            "equity": 1066755,
            "current_ratio": 198.34,
            "debt_ratio": 42.6,
            "inventory_turnover_ratio": 0.76,
            "account_receivable_turnover_ratio": 2.04,
            "reinvestment_rate": -62.17,
            "research_to_sale_ratio": 0.77,
            "price_fair": 26.83,
            "eps_avg_yearly": 0.77,
            "eps_latest_yearly": 0.48,
            "eps_growth_yearly": 38.6
        },
        "20111": {
            "year_quarter": 20111,
            "year": 2011,
            "quarter": 1,
            "eps": 0.17,
            "eps_growth_year": -41.38,
            "eps_4q": 0.96,
            "eps_4q_growth_year": 1126.55,
            "roe": 1.33,
            "roe_4q": 7.74,
            "gross_profit": 62996,
            "gross_margin": 15.69,
            "gross_margin_4q_avg": 18.92,
            "net_income": 14285,
            "revenue": 401393,
            "common_shares": 842995,
            "book_valuer_per_share": 12.91,
            "book_valuer_per_share_4q_avg": 12.57,
            "equity": 1088123,
            "current_ratio": 191.23,
            "debt_ratio": 49.33,
            "inventory_turnover_ratio": 0.74,
            "account_receivable_turnover_ratio": 1.63,
            "reinvestment_rate": -9.07,
            "research_to_sale_ratio": 0.72,
            "price_fair": 29.4,
            "eps_avg_yearly": 0.84,
            "eps_latest_yearly": 0.68,
            "eps_growth_yearly": 96.68
        },
        "20112": {
            "year_quarter": 20112,
            "year": 2011,
            "quarter": 2,
            "eps": 0.28,
            "eps_growth_year": -6.19,
            "eps_4q": 0.94,
            "eps_4q_growth_year": 66.43,
            "roe": 2.14,
            "roe_4q": 7.430000000000001,
            "gross_profit": 79934,
            "gross_margin": 17.09,
            "gross_margin_4q_avg": 18.1,
            "net_income": 23403,
            "revenue": 467728,
            "common_shares": 842995,
            "book_valuer_per_share": 13.07,
            "book_valuer_per_share_4q_avg": 12.8,
            "equity": 1102094,
            "current_ratio": 193.65,
            "debt_ratio": 49.3,
            "inventory_turnover_ratio": 0.74,
            "account_receivable_turnover_ratio": 1.58,
            "reinvestment_rate": -109.48,
            "research_to_sale_ratio": 0.74,
            "price_fair": 33.13,
            "eps_avg_yearly": 0.95,
            "eps_latest_yearly": 1.12,
            "eps_growth_yearly": 73.16
        },
        "20113": {
            "year_quarter": 20113,
            "year": 2011,
            "quarter": 3,
            "eps": 0.26,
            "eps_growth_year": -30.9,
            "eps_4q": 0.82,
            "eps_4q_growth_year": -11.49,
            "roe": 1.97,
            "roe_4q": 6.36,
            "gross_profit": 82555,
            "gross_margin": 17.42,
            "gross_margin_4q_avg": 17.02,
            "net_income": 21881,
            "revenue": 473838,
            "common_shares": 842995,
            "book_valuer_per_share": 13.32,
            "book_valuer_per_share_4q_avg": 12.99,
            "equity": 1122772,
            "current_ratio": 202.75,
            "debt_ratio": 51.72,
            "inventory_turnover_ratio": 0.65,
            "account_receivable_turnover_ratio": 1.3,
            "reinvestment_rate": -132.27,
            "research_to_sale_ratio": 1.01,
            "price_fair": 35.23,
            "eps_avg_yearly": 1.01,
            "eps_latest_yearly": 1.04,
            "eps_growth_yearly": 40.62
        },
        "20114": {
            "year_quarter": 20114,
            "year": 2011,
            "quarter": 4,
            "eps": 0.06,
            "eps_growth_year": -46.54,
            "eps_4q": 0.77,
            "eps_4q_growth_year": -28.64,
            "roe": 0.47,
            "roe_4q": 5.91,
            "gross_profit": 71621,
            "gross_margin": 19.2,
            "gross_margin_4q_avg": 17.35,
            "net_income": 5229,
            "revenue": 373032,
            "common_shares": 842995,
            "book_valuer_per_share": 13.23,
            "book_valuer_per_share_4q_avg": 13.13,
            "equity": 1115535,
            "current_ratio": 216.81,
            "debt_ratio": 50.18,
            "inventory_turnover_ratio": 0.43,
            "account_receivable_turnover_ratio": 1.08,
            "reinvestment_rate": -196.95,
            "research_to_sale_ratio": 1.27,
            "price_fair": 2.69,
            "eps_avg_yearly": 0.9,
            "eps_latest_yearly": 0.24,
            "eps_growth_yearly": -9.14
        },
        "20121": {
            "year_quarter": 20121,
            "year": 2012,
            "quarter": 1,
            "eps": 0.02,
            "eps_growth_year": -88.24,
            "eps_4q": 0.62,
            "eps_4q_growth_year": -35.45,
            "roe": 0.14,
            "roe_4q": 4.720000000000001,
            "gross_profit": 60359,
            "gross_margin": 16.59,
            "gross_margin_4q_avg": 17.58,
            "net_income": 1565,
            "revenue": 363823,
            "common_shares": 842995,
            "book_valuer_per_share": 13.61,
            "book_valuer_per_share_4q_avg": 13.31,
            "equity": 1147097,
            "current_ratio": 236.86,
            "debt_ratio": 47.15,
            "inventory_turnover_ratio": 0.45,
            "account_receivable_turnover_ratio": 1.37,
            "reinvestment_rate": -90.02,
            "research_to_sale_ratio": 1.41,
            "price_fair": 2.39,
            "eps_avg_yearly": 0.8,
            "eps_latest_yearly": 0.08,
            "eps_growth_yearly": -41.33
        },
        "20122": {
            "year_quarter": 20122,
            "year": 2012,
            "quarter": 2,
            "eps": 0.23,
            "eps_growth_year": -17.57,
            "eps_4q": 0.57,
            "eps_4q_growth_year": -39.39,
            "roe": 1.7,
            "roe_4q": 4.279999999999999,
            "gross_profit": 74694,
            "gross_margin": 16.94,
            "gross_margin_4q_avg": 17.54,
            "net_income": 19292,
            "revenue": 440930,
            "common_shares": 842995,
            "book_valuer_per_share": 13.3,
            "book_valuer_per_share_4q_avg": 13.37,
            "equity": 1121424,
            "current_ratio": 235.44,
            "debt_ratio": 47.88,
            "inventory_turnover_ratio": 0.58,
            "account_receivable_turnover_ratio": 1.58,
            "reinvestment_rate": -89.94,
            "research_to_sale_ratio": 1.11,
            "price_fair": 28.31,
            "eps_avg_yearly": 0.81,
            "eps_latest_yearly": 0.92,
            "eps_growth_yearly": 429.93
        },
        "20123": {
            "year_quarter": 20123,
            "year": 2012,
            "quarter": 3,
            "eps": 0.03,
            "eps_growth_year": -88.44,
            "eps_4q": 0.33,
            "eps_4q_growth_year": -59.83,
            "roe": 0.23,
            "roe_4q": 2.54,
            "gross_profit": 61863,
            "gross_margin": 20.22,
            "gross_margin_4q_avg": 18.24,
            "net_income": 2605,
            "revenue": 305983,
            "common_shares": 868285,
            "book_valuer_per_share": 13.07,
            "book_valuer_per_share_4q_avg": 13.3,
            "equity": 1134908,
            "current_ratio": 230.18,
            "debt_ratio": 45.65,
            "inventory_turnover_ratio": 0.4,
            "account_receivable_turnover_ratio": 1.05,
            "reinvestment_rate": -134.06,
            "research_to_sale_ratio": 1.65,
            "price_fair": 25.9,
            "eps_avg_yearly": 0.74,
            "eps_latest_yearly": 0.12,
            "eps_growth_yearly": 352.15
        },
        "20124": {
            "year_quarter": 20124,
            "year": 2012,
            "quarter": 4,
            "eps": -0.06,
            "eps_growth_year": -188.77,
            "eps_4q": 0.22,
            "eps_4q_growth_year": -72.01,
            "roe": -0.42,
            "roe_4q": 1.65,
            "gross_profit": 56336,
            "gross_margin": 15.02,
            "gross_margin_4q_avg": 17.19,
            "net_income": -4781,
            "revenue": 375104,
            "common_shares": 868285,
            "book_valuer_per_share": 12.94,
            "book_valuer_per_share_4q_avg": 13.23,
            "equity": 1123946,
            "current_ratio": 217.73,
            "debt_ratio": 46.38,
            "inventory_turnover_ratio": 0.55,
            "account_receivable_turnover_ratio": 1.18,
            "reinvestment_rate": 28.63,
            "research_to_sale_ratio": 1.65,
            "price_fair": 25.9,
            "eps_avg_yearly": 0.74,
            "eps_latest_yearly": 0.12,
            "eps_growth_yearly": 352.15
        },
        "20131": {
            "year_quarter": 20131,
            "year": 2013,
            "quarter": 1,
            "eps": 0.14,
            "eps_growth_year": 600,
            "eps_4q": 0.33,
            "eps_4q_growth_year": -46.2,
            "roe": 1.03,
            "roe_4q": 2.54,
            "gross_profit": 73204,
            "gross_margin": 18.3,
            "gross_margin_4q_avg": 17.62,
            "net_income": 11744,
            "revenue": 400104,
            "common_shares": 868285,
            "book_valuer_per_share": 13.22,
            "book_valuer_per_share_4q_avg": 13.13,
            "equity": 1148115,
            "current_ratio": 180.92,
            "debt_ratio": 49.09,
            "inventory_turnover_ratio": 0.59,
            "account_receivable_turnover_ratio": 1.12,
            "reinvestment_rate": 19.31,
            "research_to_sale_ratio": 1.5,
            "price_fair": 25.9,
            "eps_avg_yearly": 0.74,
            "eps_latest_yearly": 0.12,
            "eps_growth_yearly": 352.15
        },
        "20132": {
            "year_quarter": 20132,
            "year": 2013,
            "quarter": 2,
            "eps": 0.49,
            "eps_growth_year": 114.11,
            "eps_4q": 0.58,
            "eps_4q_growth_year": 2.73,
            "roe": 3.63,
            "roe_4q": 4.470000000000001,
            "gross_profit": 117583,
            "gross_margin": 22.34,
            "gross_margin_4q_avg": 18.97,
            "net_income": 42618,
            "revenue": 526287,
            "common_shares": 868285,
            "book_valuer_per_share": 13.8,
            "book_valuer_per_share_4q_avg": 13.26,
            "equity": 1201827,
            "current_ratio": 182.09,
            "debt_ratio": 49.11,
            "inventory_turnover_ratio": 0.7,
            "account_receivable_turnover_ratio": 1.39,
            "reinvestment_rate": 13.97,
            "research_to_sale_ratio": 1.18,
            "price_fair": 29.78,
            "eps_avg_yearly": 0.85,
            "eps_latest_yearly": 1.96,
            "eps_growth_yearly": 411.05
        },
        "20133": {
            "year_quarter": 20133,
            "year": 2013,
            "quarter": 3,
            "eps": 0.51,
            "eps_growth_year": 1599.89,
            "eps_4q": 1.07,
            "eps_4q_growth_year": 223.66,
            "roe": 3.55,
            "roe_4q": 7.789999999999999,
            "gross_profit": 136532,
            "gross_margin": 25.58,
            "gross_margin_4q_avg": 20.31,
            "net_income": 45934,
            "revenue": 533814,
            "common_shares": 894334,
            "book_valuer_per_share": 15.48,
            "book_valuer_per_share_4q_avg": 13.86,
            "equity": 1387741,
            "current_ratio": 187.2,
            "debt_ratio": 47.57,
            "inventory_turnover_ratio": 0.66,
            "account_receivable_turnover_ratio": 1.33,
            "reinvestment_rate": 46.15,
            "research_to_sale_ratio": 1.23,
            "price_fair": 33.25,
            "eps_avg_yearly": 0.95,
            "eps_latest_yearly": 2.04,
            "eps_growth_yearly": 378.15
        },
        "20134": {
            "year_quarter": 20134,
            "year": 2013,
            "quarter": 4,
            "eps": 0.38,
            "eps_growth_year": null,
            "eps_4q": 1.5,
            "eps_4q_growth_year": 596.46,
            "roe": 2.4,
            "roe_4q": 10.609999999999998,
            "gross_profit": 116371,
            "gross_margin": 20.79,
            "gross_margin_4q_avg": 21.75,
            "net_income": 33527,
            "revenue": 559762,
            "common_shares": 894334,
            "book_valuer_per_share": 15.71,
            "book_valuer_per_share_4q_avg": 14.55,
            "equity": 1408780,
            "current_ratio": 188.43,
            "debt_ratio": 47.12,
            "inventory_turnover_ratio": 0.76,
            "account_receivable_turnover_ratio": 1.43,
            "reinvestment_rate": 11.16,
            "research_to_sale_ratio": 1.52,
            "price_fair": 34.78,
            "eps_avg_yearly": 0.99,
            "eps_latest_yearly": 1.52,
            "eps_growth_yearly": 341.22
        },
        "20141": {
            "year_quarter": 20141,
            "year": 2014,
            "quarter": 1,
            "eps": 0.65,
            "eps_growth_year": 364.29,
            "eps_4q": 2.01,
            "eps_4q_growth_year": 505.96,
            "roe": 3.96,
            "roe_4q": 13.54,
            "gross_profit": 142764,
            "gross_margin": 25.56,
            "gross_margin_4q_avg": 23.57,
            "net_income": 57797,
            "revenue": 558631,
            "common_shares": 894334,
            "book_valuer_per_share": 16.81,
            "book_valuer_per_share_4q_avg": 15.45,
            "equity": 1506701,
            "current_ratio": 174.02,
            "debt_ratio": 48.14,
            "inventory_turnover_ratio": 0.69,
            "account_receivable_turnover_ratio": 1.3,
            "reinvestment_rate": 35.77,
            "research_to_sale_ratio": 1.78,
            "price_fair": 38.8,
            "eps_avg_yearly": 1.11,
            "eps_latest_yearly": 2.6,
            "eps_growth_yearly": 337.15
        },
        "20142": {
            "year_quarter": 20142,
            "year": 2014,
            "quarter": 2,
            "eps": 0.19,
            "eps_growth_year": -61.22,
            "eps_4q": 1.66,
            "eps_4q_growth_year": 183.45,
            "roe": 1.12,
            "roe_4q": 11.030000000000001,
            "gross_profit": 114340,
            "gross_margin": 23.84,
            "gross_margin_4q_avg": 23.94,
            "net_income": 16617,
            "revenue": 479585,
            "common_shares": 894334,
            "book_valuer_per_share": 16.35,
            "book_valuer_per_share_4q_avg": 16.09,
            "equity": 1465752,
            "current_ratio": 173.12,
            "debt_ratio": 52.05,
            "inventory_turnover_ratio": 0.55,
            "account_receivable_turnover_ratio": 1.03,
            "reinvestment_rate": 62.59,
            "research_to_sale_ratio": 1.8,
            "price_fair": 37.7,
            "eps_avg_yearly": 1.08,
            "eps_latest_yearly": 0.76,
            "eps_growth_yearly": 315.94
        },
        "20143": {
            "year_quarter": 20143,
            "year": 2014,
            "quarter": 3,
            "eps": 0.41,
            "eps_growth_year": -19.61,
            "eps_4q": 1.5,
            "eps_4q_growth_year": 40.23,
            "roe": 2.48,
            "roe_4q": 9.96,
            "gross_profit": 108520,
            "gross_margin": 21.22,
            "gross_margin_4q_avg": 22.85,
            "net_income": 37654,
            "revenue": 511334,
            "common_shares": 930107,
            "book_valuer_per_share": 16.41,
            "book_valuer_per_share_4q_avg": 16.32,
            "equity": 1573232,
            "current_ratio": 188.2,
            "debt_ratio": 52.97,
            "inventory_turnover_ratio": 0.58,
            "account_receivable_turnover_ratio": 1.11,
            "reinvestment_rate": 108.83,
            "research_to_sale_ratio": 1.86,
            "price_fair": 38,
            "eps_avg_yearly": 1.09,
            "eps_latest_yearly": 1.64,
            "eps_growth_yearly": 341.41
        },
        "20144": {
            "year_quarter": 20144,
            "year": 2014,
            "quarter": 4,
            "eps": 0.53,
            "eps_growth_year": 41.65,
            "eps_4q": 1.57,
            "eps_4q_growth_year": 4.92,
            "roe": 3.37,
            "roe_4q": 10.93,
            "gross_profit": 130709,
            "gross_margin": 23.93,
            "gross_margin_4q_avg": 23.64,
            "net_income": 57405,
            "revenue": 546220,
            "common_shares": 1080107,
            "book_valuer_per_share": 16.93,
            "book_valuer_per_share_4q_avg": 16.63,
            "equity": 1831894,
            "current_ratio": 217.91,
            "debt_ratio": 48.69,
            "inventory_turnover_ratio": 0.59,
            "account_receivable_turnover_ratio": 1.06,
            "reinvestment_rate": 110.3,
            "research_to_sale_ratio": 1.91,
            "price_fair": 42.1,
            "eps_avg_yearly": 1.2,
            "eps_latest_yearly": 2.12,
            "eps_growth_yearly": 369.32
        },
        "20151": {
            "year_quarter": 20151,
            "year": 2015,
            "quarter": 1,
            "eps": 0.4,
            "eps_growth_year": -38.46,
            "eps_4q": 1.44,
            "eps_4q_growth_year": -28.52,
            "roe": 2.33,
            "roe_4q": 9.3,
            "gross_profit": 144584,
            "gross_margin": 26.04,
            "gross_margin_4q_avg": 23.76,
            "net_income": 43536,
            "revenue": 555260,
            "common_shares": 1080107,
            "book_valuer_per_share": 17.64,
            "book_valuer_per_share_4q_avg": 16.83,
            "equity": 1908898,
            "current_ratio": 206.39,
            "debt_ratio": 50.53,
            "inventory_turnover_ratio": 0.57,
            "account_receivable_turnover_ratio": 0.9,
            "reinvestment_rate": 139.82,
            "research_to_sale_ratio": 1.75,
            "price_fair": 44.4,
            "eps_avg_yearly": 1.27,
            "eps_latest_yearly": 1.6,
            "eps_growth_yearly": 350.41
        },
        "20152": {
            "year_quarter": 20152,
            "year": 2015,
            "quarter": 2,
            "eps": 0.23,
            "eps_growth_year": 21.05,
            "eps_4q": 1.52,
            "eps_4q_growth_year": -8.34,
            "roe": 1.29,
            "roe_4q": 9.47,
            "gross_profit": 118026,
            "gross_margin": 22.48,
            "gross_margin_4q_avg": 23.42,
            "net_income": 25214,
            "revenue": 524970,
            "common_shares": 1080107,
            "book_valuer_per_share": 18.58,
            "book_valuer_per_share_4q_avg": 17.39,
            "equity": 2009919,
            "current_ratio": 191.04,
            "debt_ratio": 51.18,
            "inventory_turnover_ratio": 0.54,
            "account_receivable_turnover_ratio": 0.81,
            "reinvestment_rate": 155.11,
            "research_to_sale_ratio": 2.11,
            "price_fair": 43.9,
            "eps_avg_yearly": 1.25,
            "eps_latest_yearly": 0.92,
            "eps_growth_yearly": 319.78
        },
        "20153": {
            "year_quarter": 20153,
            "year": 2015,
            "quarter": 3,
            "eps": 0.61,
            "eps_growth_year": 48.78,
            "eps_4q": 1.77,
            "eps_4q_growth_year": 18.32,
            "roe": 3.17,
            "roe_4q": 10.16,
            "gross_profit": 126033,
            "gross_margin": 25.3,
            "gross_margin_4q_avg": 24.44,
            "net_income": 65417,
            "revenue": 498200,
            "common_shares": 1080107,
            "book_valuer_per_share": 19.55,
            "book_valuer_per_share_4q_avg": 18.18,
            "equity": 2114638,
            "current_ratio": 193.62,
            "debt_ratio": 50.76,
            "inventory_turnover_ratio": 0.47,
            "account_receivable_turnover_ratio": 0.8,
            "reinvestment_rate": 163.15,
            "research_to_sale_ratio": 2.45,
            "price_fair": 47.4,
            "eps_avg_yearly": 1.35,
            "eps_latest_yearly": 2.44,
            "eps_growth_yearly": 369.02
        },
        "20154": {
            "year_quarter": 20154,
            "year": 2015,
            "quarter": 4,
            "eps": -0.12,
            "eps_growth_year": -122.76,
            "eps_4q": 1.12,
            "eps_4q_growth_year": -28.65,
            "roe": -0.61,
            "roe_4q": 6.18,
            "gross_profit": 82056,
            "gross_margin": 18.09,
            "gross_margin_4q_avg": 22.98,
            "net_income": -13079,
            "revenue": 453535,
            "common_shares": 1080107,
            "book_valuer_per_share": 20.15,
            "book_valuer_per_share_4q_avg": 18.98,
            "equity": 2179875,
            "current_ratio": 205.63,
            "debt_ratio": 47.88,
            "inventory_turnover_ratio": 0.5,
            "account_receivable_turnover_ratio": 0.84,
            "reinvestment_rate": 173.24,
            "research_to_sale_ratio": 5.03,
            "price_fair": 50.4,
            "eps_avg_yearly": 1.44,
            "eps_latest_yearly": 2.44,
            "eps_growth_yearly": 421.08
        },
        "20161": {
            "year_quarter": 20161,
            "year": 2016,
            "quarter": 1,
            "eps": 0.01,
            "eps_growth_year": -97.5,
            "eps_4q": 0.72,
            "eps_4q_growth_year": -49.64,
            "roe": 0.03,
            "roe_4q": 3.88,
            "gross_profit": 93706,
            "gross_margin": 19.37,
            "gross_margin_4q_avg": 21.31,
            "net_income": 716,
            "revenue": 483709,
            "common_shares": 1080107,
            "book_valuer_per_share": 21.2,
            "book_valuer_per_share_4q_avg": 19.87,
            "equity": 2292606,
            "current_ratio": 202.47,
            "debt_ratio": 47.79,
            "inventory_turnover_ratio": 0.58,
            "account_receivable_turnover_ratio": 0.92,
            "reinvestment_rate": 181.2,
            "research_to_sale_ratio": 2.06,
            "price_fair": 54.37,
            "eps_avg_yearly": 1.55,
            "eps_latest_yearly": 2.44,
            "eps_growth_yearly": 478.39
        },
        "20162": {
            "year_quarter": 20162,
            "year": 2016,
            "quarter": 2,
            "eps": 0.33,
            "eps_growth_year": 43.48,
            "eps_4q": 0.82,
            "eps_4q_growth_year": -46.21,
            "roe": 1.53,
            "roe_4q": 4.12,
            "gross_profit": 147028,
            "gross_margin": 24.82,
            "gross_margin_4q_avg": 21.9,
            "net_income": 35164,
            "revenue": 592390,
            "common_shares": 1080107,
            "book_valuer_per_share": 21.19,
            "book_valuer_per_share_4q_avg": 20.52,
            "equity": 2291814,
            "current_ratio": 189.08,
            "debt_ratio": 49.83,
            "inventory_turnover_ratio": 0.65,
            "account_receivable_turnover_ratio": 0.93,
            "reinvestment_rate": 172.16,
            "research_to_sale_ratio": 2.11,
            "price_fair": 55.53,
            "eps_avg_yearly": 1.59,
            "eps_latest_yearly": 1.32,
            "eps_growth_yearly": 1195.06
        },
        "20163": {
            "year_quarter": 20163,
            "year": 2016,
            "quarter": 3,
            "eps": 0.3,
            "eps_growth_year": -50.82,
            "eps_4q": 0.51,
            "eps_4q_growth_year": -71.38,
            "roe": 1.39,
            "roe_4q": 2.34,
            "gross_profit": 123478,
            "gross_margin": 21.07,
            "gross_margin_4q_avg": 20.84,
            "net_income": 32061,
            "revenue": 585973,
            "common_shares": 1080107,
            "book_valuer_per_share": 21.55,
            "book_valuer_per_share_4q_avg": 21.02,
            "equity": 2330434,
            "current_ratio": 192.63,
            "debt_ratio": 48.92,
            "inventory_turnover_ratio": 0.65,
            "account_receivable_turnover_ratio": 0.86,
            "reinvestment_rate": 86.89,
            "research_to_sale_ratio": 2.09,
            "price_fair": 58.68,
            "eps_avg_yearly": 1.68,
            "eps_latest_yearly": 1.2,
            "eps_growth_yearly": 1221.01
        },
        "20164": {
            "year_quarter": 20164,
            "year": 2016,
            "quarter": 4,
            "eps": 0.06,
            "eps_growth_year": null,
            "eps_4q": 0.69,
            "eps_4q_growth_year": -38.77,
            "roe": 0.28,
            "roe_4q": 3.23,
            "gross_profit": 115689,
            "gross_margin": 19.06,
            "gross_margin_4q_avg": 21.08,
            "net_income": 6238,
            "revenue": 607030,
            "common_shares": 1080107,
            "book_valuer_per_share": 20.08,
            "book_valuer_per_share_4q_avg": 21.01,
            "equity": 2171773,
            "current_ratio": 169.26,
            "debt_ratio": 50.72,
            "inventory_turnover_ratio": 0.69,
            "account_receivable_turnover_ratio": 0.86,
            "reinvestment_rate": 79.14,
            "research_to_sale_ratio": 3.18,
            "price_fair": 54.82,
            "eps_avg_yearly": 1.57,
            "eps_latest_yearly": 0.24,
            "eps_growth_yearly": 1102.47
        },
        "20171": {
            "year_quarter": 20171,
            "year": 2017,
            "quarter": 1,
            "eps": -0.06,
            "eps_growth_year": -700,
            "eps_4q": 0.62,
            "eps_4q_growth_year": -14.59,
            "roe": -0.3,
            "roe_4q": 2.9,
            "gross_profit": 113414,
            "gross_margin": 19.22,
            "gross_margin_4q_avg": 21.04,
            "net_income": -6585,
            "revenue": 590120,
            "common_shares": 1080107,
            "book_valuer_per_share": 20.1,
            "book_valuer_per_share_4q_avg": 20.73,
            "equity": 2174554,
            "current_ratio": 165.24,
            "debt_ratio": 51.89,
            "inventory_turnover_ratio": 0.67,
            "account_receivable_turnover_ratio": 0.83,
            "reinvestment_rate": 76.11,
            "research_to_sale_ratio": 1.76,
            "price_fair": 54.82,
            "eps_avg_yearly": 1.57,
            "eps_latest_yearly": 0.24,
            "eps_growth_yearly": 1102.47
        },
        "20172": {
            "year_quarter": 20172,
            "year": 2017,
            "quarter": 2,
            "eps": 0.19,
            "eps_growth_year": -42.42,
            "eps_4q": 0.48,
            "eps_4q_growth_year": -41.21,
            "roe": 0.91,
            "roe_4q": 2.2800000000000002,
            "gross_profit": 115597,
            "gross_margin": 18.49,
            "gross_margin_4q_avg": 19.46,
            "net_income": 20161,
            "revenue": 625158,
            "common_shares": 1080107,
            "book_valuer_per_share": 20.95,
            "book_valuer_per_share_4q_avg": 20.67,
            "equity": 2266441,
            "current_ratio": 150.55,
            "debt_ratio": 52.23,
            "inventory_turnover_ratio": 0.66,
            "account_receivable_turnover_ratio": 0.85,
            "reinvestment_rate": 82.22,
            "research_to_sale_ratio": 2.62,
            "price_fair": 53.67,
            "eps_avg_yearly": 1.53,
            "eps_latest_yearly": 0.24,
            "eps_growth_yearly": 1111.01
        },
        "20173": {
            "year_quarter": 20173,
            "year": 2017,
            "quarter": 3,
            "eps": 0.6,
            "eps_growth_year": 100,
            "eps_4q": 0.78,
            "eps_4q_growth_year": 53.8,
            "roe": 2.83,
            "roe_4q": 3.7200000000000006,
            "gross_profit": 155865,
            "gross_margin": 19.07,
            "gross_margin_4q_avg": 18.96,
            "net_income": 64558,
            "revenue": 817481,
            "common_shares": 1080107,
            "book_valuer_per_share": 21.24,
            "book_valuer_per_share_4q_avg": 20.59,
            "equity": 2297125,
            "current_ratio": 149.79,
            "debt_ratio": 54.27,
            "inventory_turnover_ratio": 0.78,
            "account_receivable_turnover_ratio": 1.05,
            "reinvestment_rate": 61.71,
            "research_to_sale_ratio": 1.63,
            "price_fair": 54.72,
            "eps_avg_yearly": 1.56,
            "eps_latest_yearly": 2.4,
            "eps_growth_yearly": 1181.58
        },
        "20174": {
            "year_quarter": 20174,
            "year": 2017,
            "quarter": 4,
            "eps": -0.11,
            "eps_growth_year": -287.91,
            "eps_4q": 0.61,
            "eps_4q_growth_year": -10.47,
            "roe": -0.51,
            "roe_4q": 2.9300000000000006,
            "gross_profit": 104886,
            "gross_margin": 13.96,
            "gross_margin_4q_avg": 17.69,
            "net_income": -11723,
            "revenue": 751314,
            "common_shares": 1080107,
            "book_valuer_per_share": 21.29,
            "book_valuer_per_share_4q_avg": 20.9,
            "equity": 2302681,
            "current_ratio": 152.01,
            "debt_ratio": 55,
            "inventory_turnover_ratio": 0.74,
            "account_receivable_turnover_ratio": 0.92,
            "reinvestment_rate": 62.32,
            "research_to_sale_ratio": 3.09,
            "price_fair": 54.85,
            "eps_avg_yearly": 1.57,
            "eps_latest_yearly": 2.4,
            "eps_growth_yearly": 1298.27
        },
        "20181": {
            "year_quarter": 20181,
            "year": 2018,
            "quarter": 1,
            "eps": 0.01,
            "eps_growth_year": null,
            "eps_4q": 0.69,
            "eps_4q_growth_year": 11.53,
            "roe": 0.07,
            "roe_4q": 3.3000000000000003,
            "gross_profit": 102640,
            "gross_margin": 15.55,
            "gross_margin_4q_avg": 16.77,
            "net_income": 1616,
            "revenue": 660214,
            "common_shares": 1080107,
            "book_valuer_per_share": 20.25,
            "book_valuer_per_share_4q_avg": 20.93,
            "equity": 2190476,
            "current_ratio": 153.54,
            "debt_ratio": 59.04,
            "inventory_turnover_ratio": 0.59,
            "account_receivable_turnover_ratio": 0.74,
            "reinvestment_rate": 11.93,
            "research_to_sale_ratio": 1.65,
            "price_fair": 51.24,
            "eps_avg_yearly": 1.46,
            "eps_latest_yearly": 2.4,
            "eps_growth_yearly": 1399.67
        },
        "20182": {
            "year_quarter": 20182,
            "year": 2018,
            "quarter": 2,
            "eps": 0.18,
            "eps_growth_year": -5.26,
            "eps_4q": 0.69,
            "eps_4q_growth_year": 43.09,
            "roe": 0.87,
            "roe_4q": 3.26,
            "gross_profit": 126755,
            "gross_margin": 17.05,
            "gross_margin_4q_avg": 16.41,
            "net_income": 19781,
            "revenue": 743469,
            "common_shares": 1080107,
            "book_valuer_per_share": 21.56,
            "book_valuer_per_share_4q_avg": 21.09,
            "equity": 2331879,
            "current_ratio": 178.58,
            "debt_ratio": 57.05,
            "inventory_turnover_ratio": 0.6,
            "account_receivable_turnover_ratio": 0.76,
            "reinvestment_rate": -11.57,
            "research_to_sale_ratio": 1.54,
            "price_fair": 51.1,
            "eps_avg_yearly": 1.46,
            "eps_latest_yearly": 0.72,
            "eps_growth_yearly": 2107.98
        },
        "20183": {
            "year_quarter": 20183,
            "year": 2018,
            "quarter": 3,
            "eps": 0.94,
            "eps_growth_year": 56.67,
            "eps_4q": 1.03,
            "eps_4q_growth_year": 31.47,
            "roe": 4.35,
            "roe_4q": 4.78,
            "gross_profit": 146395,
            "gross_margin": 18.49,
            "gross_margin_4q_avg": 16.26,
            "net_income": 101244,
            "revenue": 791828,
            "common_shares": 1080107,
            "book_valuer_per_share": 21.51,
            "book_valuer_per_share_4q_avg": 21.15,
            "equity": 2326380,
            "current_ratio": 204.27,
            "debt_ratio": 53.49,
            "inventory_turnover_ratio": 0.63,
            "account_receivable_turnover_ratio": 0.77,
            "reinvestment_rate": -47.04,
            "research_to_sale_ratio": 1.51,
            "price_fair": 58.52,
            "eps_avg_yearly": 1.67,
            "eps_latest_yearly": 3.76,
            "eps_growth_yearly": 2230.55
        },
        "20184": {
            "year_quarter": 20184,
            "year": 2018,
            "quarter": 4,
            "eps": -0.02,
            "eps_growth_year": null,
            "eps_4q": 1.11,
            "eps_4q_growth_year": 81.31,
            "roe": -0.1,
            "roe_4q": 5.19,
            "gross_profit": 72346,
            "gross_margin": 13.5,
            "gross_margin_4q_avg": 16.15,
            "net_income": -2239,
            "revenue": 535725,
            "common_shares": 1080107,
            "book_valuer_per_share": 20.85,
            "book_valuer_per_share_4q_avg": 21.04,
            "equity": 2255058,
            "current_ratio": 210.23,
            "debt_ratio": 53.62,
            "inventory_turnover_ratio": 0.46,
            "account_receivable_turnover_ratio": 0.53,
            "reinvestment_rate": -76.19,
            "research_to_sale_ratio": 2.16,
            "price_fair": 56.78,
            "eps_avg_yearly": 1.62,
            "eps_latest_yearly": 3.76,
            "eps_growth_yearly": 2465.38
        },
        "20191": {
            "year_quarter": 20191,
            "year": 2019,
            "quarter": 1,
            "eps": -0.01,
            "eps_growth_year": -200,
            "eps_4q": 1.09,
            "eps_4q_growth_year": 57.33,
            "roe": -0.06,
            "roe_4q": 5.06,
            "gross_profit": 70229,
            "gross_margin": 14.97,
            "gross_margin_4q_avg": 16,
            "net_income": -1343,
            "revenue": 469078,
            "common_shares": 1080107,
            "book_valuer_per_share": 20.48,
            "book_valuer_per_share_4q_avg": 21.1,
            "equity": 2215727,
            "current_ratio": 208.37,
            "debt_ratio": 56.11,
            "inventory_turnover_ratio": 0.4,
            "account_receivable_turnover_ratio": 0.52,
            "reinvestment_rate": -132.48,
            "research_to_sale_ratio": 2.26,
            "price_fair": 56.88,
            "eps_avg_yearly": 1.63,
            "eps_latest_yearly": 3.76,
            "eps_growth_yearly": 2785.82
        },
        "20192": {
            "year_quarter": 20192,
            "year": 2019,
            "quarter": 2,
            "eps": -0.05,
            "eps_growth_year": -127.78,
            "eps_4q": 0.86,
            "eps_4q_growth_year": 24.78,
            "roe": -0.23,
            "roe_4q": 3.9599999999999995,
            "gross_profit": 85523,
            "gross_margin": 15.89,
            "gross_margin_4q_avg": 15.71,
            "net_income": -4924,
            "revenue": 538111,
            "common_shares": 1080107,
            "book_valuer_per_share": 19.06,
            "book_valuer_per_share_4q_avg": 20.48,
            "equity": 2061971,
            "current_ratio": 190.73,
            "debt_ratio": 55.9,
            "inventory_turnover_ratio": 0.48,
            "account_receivable_turnover_ratio": 0.65,
            "reinvestment_rate": -167.15,
            "research_to_sale_ratio": 1.96,
            "price_fair": 60.4,
            "eps_avg_yearly": 1.73,
            "eps_latest_yearly": 3.76,
            "eps_growth_yearly": 3208.08
        },
        "20193": {
            "year_quarter": 20193,
            "year": 2019,
            "quarter": 3,
            "eps": 0.09,
            "eps_growth_year": -90.43,
            "eps_4q": 0.01,
            "eps_4q_growth_year": -98.97,
            "roe": 0.47,
            "roe_4q": 0.07999999999999996,
            "gross_profit": 80770,
            "gross_margin": 17.02,
            "gross_margin_4q_avg": 15.35,
            "net_income": 9775,
            "revenue": 474432,
            "common_shares": 1080107,
            "book_valuer_per_share": 19.8,
            "book_valuer_per_share_4q_avg": 20.05,
            "equity": 2141779,
            "current_ratio": 213.55,
            "debt_ratio": 52.95,
            "inventory_turnover_ratio": 0.46,
            "account_receivable_turnover_ratio": 0.65,
            "reinvestment_rate": -245.56,
            "research_to_sale_ratio": 2.29,
            "price_fair": 56.23,
            "eps_avg_yearly": 1.61,
            "eps_latest_yearly": 3.76,
            "eps_growth_yearly": 3632.61
        },
        "20194": {
            "year_quarter": 20194,
            "year": 2019,
            "quarter": 4,
            "eps": -0.29,
            "eps_growth_year": null,
            "eps_4q": -0.26,
            "eps_4q_growth_year": -123.42,
            "roe": -1.49,
            "roe_4q": -1.31,
            "gross_profit": 55017,
            "gross_margin": 13.72,
            "gross_margin_4q_avg": 15.4,
            "net_income": -31639,
            "revenue": 401106,
            "common_shares": 1080107,
            "book_valuer_per_share": 19.4,
            "book_valuer_per_share_4q_avg": 19.69,
            "equity": 2097988,
            "current_ratio": 191.67,
            "debt_ratio": 52.04,
            "inventory_turnover_ratio": 0.45,
            "account_receivable_turnover_ratio": 0.66,
            "reinvestment_rate": -269.89,
            "research_to_sale_ratio": 2.7,
            "price_fair": 56.23,
            "eps_avg_yearly": 1.61,
            "eps_latest_yearly": 3.76,
            "eps_growth_yearly": 3632.61
        },
        "20201": {
            "year_quarter": 20201,
            "year": 2020,
            "quarter": 1,
            "eps": -0.25,
            "eps_growth_year": null,
            "eps_4q": -0.5,
            "eps_4q_growth_year": -145.66,
            "roe": -1.36,
            "roe_4q": -2.61,
            "gross_profit": 36012,
            "gross_margin": 10.32,
            "gross_margin_4q_avg": 14.24,
            "net_income": -26807,
            "revenue": 348941,
            "common_shares": 1080107,
            "book_valuer_per_share": 17.1,
            "book_valuer_per_share_4q_avg": 18.84,
            "equity": 1849648,
            "current_ratio": 171.97,
            "debt_ratio": 54.42,
            "inventory_turnover_ratio": 0.45,
            "account_receivable_turnover_ratio": 0.65,
            "reinvestment_rate": -324.05,
            "research_to_sale_ratio": 2.84,
            "price_fair": 56.23,
            "eps_avg_yearly": 1.61,
            "eps_latest_yearly": 3.76,
            "eps_growth_yearly": 3632.61
        },
        "20202": {
            "year_quarter": 20202,
            "year": 2020,
            "quarter": 2,
            "eps": 0.06,
            "eps_growth_year": null,
            "eps_4q": -0.39,
            "eps_4q_growth_year": -145.73,
            "roe": 0.32,
            "roe_4q": -2.0600000000000005,
            "gross_profit": 71798,
            "gross_margin": 15.29,
            "gross_margin_4q_avg": 14.09,
            "net_income": 6312,
            "revenue": 469487,
            "common_shares": 1080107,
            "book_valuer_per_share": 18.91,
            "book_valuer_per_share_4q_avg": 18.8,
            "equity": 2045220,
            "current_ratio": 182.57,
            "debt_ratio": 51.55,
            "inventory_turnover_ratio": 0.6,
            "account_receivable_turnover_ratio": 0.9,
            "reinvestment_rate": -371.6,
            "research_to_sale_ratio": 1.99,
            "price_fair": 58.24,
            "eps_avg_yearly": 1.66,
            "eps_latest_yearly": 3.76,
            "eps_growth_yearly": 1799.14
        },
        "20203": {
            "year_quarter": 20203,
            "year": 2020,
            "quarter": 3,
            "eps": 0.24,
            "eps_growth_year": 166.67,
            "eps_4q": -0.24,
            "eps_4q_growth_year": -2362.79,
            "roe": 1.3,
            "roe_4q": -1.23,
            "gross_profit": 61261,
            "gross_margin": 15.26,
            "gross_margin_4q_avg": 13.65,
            "net_income": 26297,
            "revenue": 401506,
            "common_shares": 1080107,
            "book_valuer_per_share": 18.55,
            "book_valuer_per_share_4q_avg": 18.49,
            "equity": 2006738,
            "current_ratio": 177.5,
            "debt_ratio": 52.42,
            "inventory_turnover_ratio": 0.53,
            "account_receivable_turnover_ratio": 0.78,
            "reinvestment_rate": -163.51,
            "research_to_sale_ratio": 2.7,
            "price_fair": 56.56,
            "eps_avg_yearly": 1.62,
            "eps_latest_yearly": 0.96,
            "eps_growth_yearly": 2046.41
        },
        "20204": {
            "year_quarter": 20204,
            "year": 2020,
            "quarter": 4,
            "eps": -0.17,
            "eps_growth_year": null,
            "eps_4q": -0.11,
            "eps_4q_growth_year": null,
            "roe": -0.86,
            "roe_4q": -0.6000000000000001,
            "gross_profit": 55810,
            "gross_margin": 14.35,
            "gross_margin_4q_avg": 13.81,
            "net_income": -17470,
            "revenue": 388803,
            "common_shares": 1080107,
            "book_valuer_per_share": 19.05,
            "book_valuer_per_share_4q_avg": 18.4,
            "equity": 2061518,
            "current_ratio": 168.8,
            "debt_ratio": 51.76,
            "inventory_turnover_ratio": 0.53,
            "account_receivable_turnover_ratio": 0.75,
            "reinvestment_rate": -176.77,
            "research_to_sale_ratio": 3.01,
            "price_fair": 68.6,
            "eps_avg_yearly": 1.96,
            "eps_latest_yearly": 0.96,
            "eps_growth_yearly": 2638.01
        },
        "20211": {
            "year_quarter": 20211,
            "year": 2021,
            "quarter": 1,
            "eps": -0.35,
            "eps_growth_year": null,
            "eps_4q": -0.21,
            "eps_4q_growth_year": null,
            "roe": -1.79,
            "roe_4q": -1.0299999999999998,
            "gross_profit": 27619,
            "gross_margin": 9.11,
            "gross_margin_4q_avg": 13.5,
            "net_income": -37293,
            "revenue": 303148,
            "common_shares": 1080107,
            "book_valuer_per_share": 19.56,
            "book_valuer_per_share_4q_avg": 19.02,
            "equity": 2116811,
            "current_ratio": 158.48,
            "debt_ratio": 53.31,
            "inventory_turnover_ratio": 0.42,
            "account_receivable_turnover_ratio": 0.6,
            "reinvestment_rate": -204.96,
            "research_to_sale_ratio": 4.39,
            "price_fair": 68.6,
            "eps_avg_yearly": 1.96,
            "eps_latest_yearly": 0.96,
            "eps_growth_yearly": 2638.01
        },
        "20212": {
            "year_quarter": 20212,
            "year": 2021,
            "quarter": 2,
            "eps": -0.15,
            "eps_growth_year": -350,
            "eps_4q": -0.42,
            "eps_4q_growth_year": null,
            "roe": -0.77,
            "roe_4q": -2.12,
            "gross_profit": 96495,
            "gross_margin": 16.6,
            "gross_margin_4q_avg": 13.83,
            "net_income": -15979,
            "revenue": 581405,
            "common_shares": 1080107,
            "book_valuer_per_share": 18.86,
            "book_valuer_per_share_4q_avg": 19.01,
            "equity": 2040191,
            "current_ratio": 149.62,
            "debt_ratio": 60.41,
            "inventory_turnover_ratio": 0.68,
            "account_receivable_turnover_ratio": 1.12,
            "reinvestment_rate": 418.39,
            "research_to_sale_ratio": 2.7,
            "price_fair": 68.6,
            "eps_avg_yearly": 1.96,
            "eps_latest_yearly": 0.96,
            "eps_growth_yearly": 2638.01
        },
        "20213": {
            "year_quarter": 20213,
            "year": 2021,
            "quarter": 3,
            "eps": 0.22,
            "eps_growth_year": -8.33,
            "eps_4q": -0.44,
            "eps_4q_growth_year": null,
            "roe": 1.25,
            "roe_4q": -2.17,
            "gross_profit": 96580,
            "gross_margin": 17.05,
            "gross_margin_4q_avg": 14.28,
            "net_income": 24810,
            "revenue": 566311,
            "common_shares": 1080107,
            "book_valuer_per_share": 17.94,
            "book_valuer_per_share_4q_avg": 18.85,
            "equity": 1941956,
            "current_ratio": 143.73,
            "debt_ratio": 61.74,
            "inventory_turnover_ratio": 0.6,
            "account_receivable_turnover_ratio": 0.99,
            "reinvestment_rate": 830.91,
            "research_to_sale_ratio": 1.6,
            "price_fair": 63.47,
            "eps_avg_yearly": 1.81,
            "eps_latest_yearly": 0.96,
            "eps_growth_yearly": 3229.63
        },
        "20214": {
            "year_quarter": 20214,
            "year": 2021,
            "quarter": 4,
            "eps": -0.06,
            "eps_growth_year": null,
            "eps_4q": -0.33,
            "eps_4q_growth_year": null,
            "roe": -0.34,
            "roe_4q": -1.6500000000000001,
            "gross_profit": 72070,
            "gross_margin": 14.21,
            "gross_margin_4q_avg": 14.24,
            "net_income": -6610,
            "revenue": 507076,
            "common_shares": 1080107,
            "book_valuer_per_share": 17.88,
            "book_valuer_per_share_4q_avg": 18.56,
            "equity": 1935567,
            "current_ratio": 143.25,
            "debt_ratio": 62.38,
            "inventory_turnover_ratio": 0.5,
            "account_receivable_turnover_ratio": 0.93,
            "reinvestment_rate": 927.25,
            "research_to_sale_ratio": 2.14,
            "price_fair": 63.47,
            "eps_avg_yearly": 1.81,
            "eps_latest_yearly": 0.96,
            "eps_growth_yearly": 3229.63
        },
        "20221": {
            "year_quarter": 20221,
            "year": 2022,
            "quarter": 1,
            "eps": 0.12,
            "eps_growth_year": null,
            "eps_4q": 0.13,
            "eps_4q_growth_year": null,
            "roe": 0.63,
            "roe_4q": 0.77,
            "gross_profit": 97986,
            "gross_margin": 18.63,
            "gross_margin_4q_avg": 16.62,
            "net_income": 12118,
            "revenue": 525981,
            "common_shares": 1080107,
            "book_valuer_per_share": 17.42,
            "book_valuer_per_share_4q_avg": 18.03,
            "equity": 1885865,
            "current_ratio": 142.08,
            "debt_ratio": 62.5,
            "inventory_turnover_ratio": 0.47,
            "account_receivable_turnover_ratio": 1.01,
            "reinvestment_rate": 1006.7,
            "research_to_sale_ratio": 2.35,
            "price_fair": 63.47,
            "eps_avg_yearly": 1.81,
            "eps_latest_yearly": 0.96,
            "eps_growth_yearly": 3229.63
        },
        "20222": {
            "year_quarter": 20222,
            "year": 2022,
            "quarter": 2,
            "eps": 0.11,
            "eps_growth_year": null,
            "eps_4q": 0.39,
            "eps_4q_growth_year": null,
            "roe": 0.64,
            "roe_4q": 2.1799999999999997,
            "gross_profit": 101684,
            "gross_margin": 20.85,
            "gross_margin_4q_avg": 17.69,
            "net_income": 11550,
            "revenue": 487593,
            "common_shares": 1080107,
            "book_valuer_per_share": 16.19,
            "book_valuer_per_share_4q_avg": 17.36,
            "equity": 1751936,
            "current_ratio": 149.51,
            "debt_ratio": 64.8,
            "inventory_turnover_ratio": 0.42,
            "account_receivable_turnover_ratio": 0.93,
            "reinvestment_rate": 1163.79,
            "research_to_sale_ratio": 2.11,
            "price_fair": 60.2,
            "eps_avg_yearly": 1.72,
            "eps_latest_yearly": 0.44,
            "eps_growth_yearly": 951.85
        },
        "20223": {
            "year_quarter": 20223,
            "year": 2022,
            "quarter": 3,
            "eps": 0.31,
            "eps_growth_year": 40.91,
            "eps_4q": 0.47,
            "eps_4q_growth_year": null,
            "roe": 1.77,
            "roe_4q": 2.7,
            "gross_profit": 126766,
            "gross_margin": 22.29,
            "gross_margin_4q_avg": 19,
            "net_income": 33104,
            "revenue": 568819,
            "common_shares": 1080107,
            "book_valuer_per_share": 18.46,
            "book_valuer_per_share_4q_avg": 17.49,
            "equity": 1997970,
            "current_ratio": 169.32,
            "debt_ratio": 59.61,
            "inventory_turnover_ratio": 0.49,
            "account_receivable_turnover_ratio": 1.23,
            "reinvestment_rate": null,
            "research_to_sale_ratio": 2.31,
            "price_fair": 30.8,
            "eps_avg_yearly": 0.88,
            "eps_latest_yearly": 1.24,
            "eps_growth_yearly": 631.31
        },
        "20224": {
            "year_quarter": 20224,
            "year": 2022,
            "quarter": 4,
            "eps": -0.08,
            "eps_growth_year": null,
            "eps_4q": 0.46,
            "eps_4q_growth_year": null,
            "roe": -0.53,
            "roe_4q": 2.51,
            "gross_profit": 84126,
            "gross_margin": 17.98,
            "gross_margin_4q_avg": 19.94,
            "net_income": -10179,
            "revenue": 467996,
            "common_shares": 1080107,
            "book_valuer_per_share": 16.98,
            "book_valuer_per_share_4q_avg": 17.26,
            "equity": 1836292,
            "current_ratio": 160.72,
            "debt_ratio": 60.84,
            "inventory_turnover_ratio": 0.46,
            "account_receivable_turnover_ratio": 1.18,
            "reinvestment_rate": null,
            "research_to_sale_ratio": 4,
            "price_fair": 30.8,
            "eps_avg_yearly": 0.88,
            "eps_latest_yearly": 1.24,
            "eps_growth_yearly": 631.31
        },
        "20231": {
            "year_quarter": 20231,
            "year": 2023,
            "quarter": 1,
            "eps": -0.06,
            "eps_growth_year": -150,
            "eps_4q": 0.28,
            "eps_4q_growth_year": 122.17,
            "roe": -0.29,
            "roe_4q": 1.5899999999999999,
            "gross_profit": 68830,
            "gross_margin": 18.07,
            "gross_margin_4q_avg": 19.8,
            "net_income": -5299,
            "revenue": 380953,
            "common_shares": 1080107,
            "book_valuer_per_share": 17.33,
            "book_valuer_per_share_4q_avg": 17.24,
            "equity": 1874281,
            "current_ratio": 164.76,
            "debt_ratio": 60.57,
            "inventory_turnover_ratio": 0.39,
            "account_receivable_turnover_ratio": 1.04,
            "reinvestment_rate": null,
            "research_to_sale_ratio": 3.59,
            "price_fair": 30.8,
            "eps_avg_yearly": 0.88,
            "eps_latest_yearly": 1.24,
            "eps_growth_yearly": 631.31
        }
    },
    "months": {
        "2001-06": {
            "month": "2001-06",
            "price": "16.16",
            "revenue": 49346
        },
        "2001-07": {
            "month": "2001-07",
            "price": "13.34",
            "revenue": 46744
        },
        "2001-08": {
            "month": "2001-08",
            "price": "11.77",
            "revenue": 48543
        },
        "2001-09": {
            "month": "2001-09",
            "price": "9.26",
            "revenue": 33873
        },
        "2001-10": {
            "month": "2001-10",
            "price": "8.36",
            "revenue": 31997
        },
        "2001-11": {
            "month": "2001-11",
            "price": "8.27",
            "revenue": 34861
        },
        "2001-12": {
            "month": "2001-12",
            "price": "11.31",
            "revenue": 34900
        },
        "2002-01": {
            "month": "2002-01",
            "price": "10.84",
            "revenue": 60296
        },
        "2002-02": {
            "month": "2002-02",
            "price": "10.75",
            "revenue": 39334
        },
        "2002-03": {
            "month": "2002-03",
            "price": "11.40",
            "revenue": 72769
        },
        "2002-04": {
            "month": "2002-04",
            "price": "16.73",
            "revenue": 72056
        },
        "2002-05": {
            "month": "2002-05",
            "price": "15.63",
            "revenue": 76429
        },
        "2002-06": {
            "month": "2002-06",
            "price": "19.60",
            "revenue": 90066
        },
        "2002-07": {
            "month": "2002-07",
            "price": "19.77",
            "revenue": 91354
        },
        "2002-08": {
            "month": "2002-08",
            "price": "15.85",
            "revenue": 65937
        },
        "2002-09": {
            "month": "2002-09",
            "price": "14.78",
            "revenue": 64605
        },
        "2002-10": {
            "month": "2002-10",
            "price": "14.77",
            "revenue": 80048
        },
        "2002-11": {
            "month": "2002-11",
            "price": "15.46",
            "revenue": 65301
        },
        "2002-12": {
            "month": "2002-12",
            "price": "15.82",
            "revenue": 107232
        },
        "2003-01": {
            "month": "2003-01",
            "price": "18.75",
            "revenue": 80031
        },
        "2003-02": {
            "month": "2003-02",
            "price": "16.41",
            "revenue": 83349
        },
        "2003-03": {
            "month": "2003-03",
            "price": "15.28",
            "revenue": 127133
        },
        "2003-04": {
            "month": "2003-04",
            "price": "15.98",
            "revenue": 109948
        },
        "2003-05": {
            "month": "2003-05",
            "price": "15.16",
            "revenue": 120252
        },
        "2003-06": {
            "month": "2003-06",
            "price": "16.26",
            "revenue": 145632
        },
        "2003-07": {
            "month": "2003-07",
            "price": "17.60",
            "revenue": 185715
        },
        "2003-08": {
            "month": "2003-08",
            "price": "19.00",
            "revenue": 116968
        },
        "2003-09": {
            "month": "2003-09",
            "price": "17.68",
            "revenue": 119647
        },
        "2003-10": {
            "month": "2003-10",
            "price": "17.60",
            "revenue": 101029
        },
        "2003-11": {
            "month": "2003-11",
            "price": "17.36",
            "revenue": 87692
        },
        "2003-12": {
            "month": "2003-12",
            "price": "16.47",
            "revenue": 108008
        },
        "2004-01": {
            "month": "2004-01",
            "price": "16.79",
            "revenue": 73908
        },
        "2004-02": {
            "month": "2004-02",
            "price": "18.00",
            "revenue": 125721
        },
        "2004-03": {
            "month": "2004-03",
            "price": "18.14",
            "revenue": 127461
        },
        "2004-04": {
            "month": "2004-04",
            "price": "19.61",
            "revenue": 111985
        },
        "2004-05": {
            "month": "2004-05",
            "price": "17.73",
            "revenue": 172715
        },
        "2004-06": {
            "month": "2004-06",
            "price": "16.85",
            "revenue": 111155
        },
        "2004-07": {
            "month": "2004-07",
            "price": "15.39",
            "revenue": 121776
        },
        "2004-08": {
            "month": "2004-08",
            "price": "14.15",
            "revenue": 107011
        },
        "2004-09": {
            "month": "2004-09",
            "price": "14.01",
            "revenue": 106915
        },
        "2004-10": {
            "month": "2004-10",
            "price": "11.64",
            "revenue": 119409
        },
        "2004-11": {
            "month": "2004-11",
            "price": "9.89",
            "revenue": 66094
        },
        "2004-12": {
            "month": "2004-12",
            "price": "9.48",
            "revenue": 69056
        },
        "2005-01": {
            "month": "2005-01",
            "price": "9.26",
            "revenue": 47686
        },
        "2005-02": {
            "month": "2005-02",
            "price": "9.02",
            "revenue": 49922
        },
        "2005-03": {
            "month": "2005-03",
            "price": "9.47",
            "revenue": 78352
        },
        "2005-04": {
            "month": "2005-04",
            "price": "9.67",
            "revenue": 77107
        },
        "2005-05": {
            "month": "2005-05",
            "price": "8.98",
            "revenue": 100774
        },
        "2005-06": {
            "month": "2005-06",
            "price": "9.18",
            "revenue": 95504
        },
        "2005-07": {
            "month": "2005-07",
            "price": "9.78",
            "revenue": 66462
        },
        "2005-08": {
            "month": "2005-08",
            "price": "9.72",
            "revenue": 69018
        },
        "2005-09": {
            "month": "2005-09",
            "price": "9.99",
            "revenue": 78852
        },
        "2005-10": {
            "month": "2005-10",
            "price": "8.69",
            "revenue": 64692
        },
        "2005-11": {
            "month": "2005-11",
            "price": "8.47",
            "revenue": 65023
        },
        "2005-12": {
            "month": "2005-12",
            "price": "9.72",
            "revenue": 80411
        },
        "2006-01": {
            "month": "2006-01",
            "price": "8.99",
            "revenue": 61123
        },
        "2006-02": {
            "month": "2006-02",
            "price": "8.66",
            "revenue": 76158
        },
        "2006-03": {
            "month": "2006-03",
            "price": "8.81",
            "revenue": 91884
        },
        "2006-04": {
            "month": "2006-04",
            "price": "9.38",
            "revenue": 84447
        },
        "2006-05": {
            "month": "2006-05",
            "price": "11.99",
            "revenue": 89797
        },
        "2006-06": {
            "month": "2006-06",
            "price": "12.54",
            "revenue": 75899
        },
        "2006-07": {
            "month": "2006-07",
            "price": "12.61",
            "revenue": 70837
        },
        "2006-08": {
            "month": "2006-08",
            "price": "13.47",
            "revenue": 67890
        },
        "2006-09": {
            "month": "2006-09",
            "price": "13.78",
            "revenue": 42830
        },
        "2006-10": {
            "month": "2006-10",
            "price": "14.53",
            "revenue": 33430
        },
        "2006-11": {
            "month": "2006-11",
            "price": "15.97",
            "revenue": 50536
        },
        "2006-12": {
            "month": "2006-12",
            "price": "15.61",
            "revenue": 54983
        },
        "2007-01": {
            "month": "2007-01",
            "price": "15.56",
            "revenue": 41718
        },
        "2007-02": {
            "month": "2007-02",
            "price": "15.13",
            "revenue": 43167
        },
        "2007-03": {
            "month": "2007-03",
            "price": "15.26",
            "revenue": 71957
        },
        "2007-04": {
            "month": "2007-04",
            "price": "15.63",
            "revenue": 27921
        },
        "2007-05": {
            "month": "2007-05",
            "price": "15.31",
            "revenue": 72348
        },
        "2007-06": {
            "month": "2007-06",
            "price": "15.75",
            "revenue": 99927
        },
        "2007-07": {
            "month": "2007-07",
            "price": "17.05",
            "revenue": 74850
        },
        "2007-08": {
            "month": "2007-08",
            "price": "15.15",
            "revenue": 66838
        },
        "2007-09": {
            "month": "2007-09",
            "price": "14.16",
            "revenue": 71511
        },
        "2007-10": {
            "month": "2007-10",
            "price": "12.75",
            "revenue": 43571
        },
        "2007-11": {
            "month": "2007-11",
            "price": "12.20",
            "revenue": 78905
        },
        "2007-12": {
            "month": "2007-12",
            "price": "12.15",
            "revenue": 57711
        },
        "2008-01": {
            "month": "2008-01",
            "price": "12.63",
            "revenue": 77499
        },
        "2008-02": {
            "month": "2008-02",
            "price": "12.59",
            "revenue": 74130
        },
        "2008-03": {
            "month": "2008-03",
            "price": "12.59",
            "revenue": 88057
        },
        "2008-04": {
            "month": "2008-04",
            "price": "13.25",
            "revenue": 63814
        },
        "2008-05": {
            "month": "2008-05",
            "price": "13.20",
            "revenue": 64905
        },
        "2008-06": {
            "month": "2008-06",
            "price": "11.93",
            "revenue": 72880
        },
        "2008-07": {
            "month": "2008-07",
            "price": "9.36",
            "revenue": 73068
        },
        "2008-08": {
            "month": "2008-08",
            "price": "9.08",
            "revenue": 47927
        },
        "2008-09": {
            "month": "2008-09",
            "price": "7.74",
            "revenue": 72753
        },
        "2008-10": {
            "month": "2008-10",
            "price": "5.80",
            "revenue": 68714
        },
        "2008-11": {
            "month": "2008-11",
            "price": "4.64",
            "revenue": 48746
        },
        "2008-12": {
            "month": "2008-12",
            "price": "4.07",
            "revenue": 64403
        },
        "2009-01": {
            "month": "2009-01",
            "price": "3.74",
            "revenue": 15270
        },
        "2009-02": {
            "month": "2009-02",
            "price": "3.56",
            "revenue": 30603
        },
        "2009-03": {
            "month": "2009-03",
            "price": "4.16",
            "revenue": 16704
        },
        "2009-04": {
            "month": "2009-04",
            "price": "5.04",
            "revenue": 51715
        },
        "2009-05": {
            "month": "2009-05",
            "price": "5.10",
            "revenue": 53941
        },
        "2009-06": {
            "month": "2009-06",
            "price": "5.09",
            "revenue": 45770
        },
        "2009-07": {
            "month": "2009-07",
            "price": "7.31",
            "revenue": 29488
        },
        "2009-08": {
            "month": "2009-08",
            "price": "7.07",
            "revenue": 34829
        },
        "2009-09": {
            "month": "2009-09",
            "price": "7.42",
            "revenue": 30989
        },
        "2009-10": {
            "month": "2009-10",
            "price": "7.63",
            "revenue": 54985
        },
        "2009-11": {
            "month": "2009-11",
            "price": "7.75",
            "revenue": 46471
        },
        "2009-12": {
            "month": "2009-12",
            "price": "8.04",
            "revenue": 79354
        },
        "2010-01": {
            "month": "2010-01",
            "price": "8.63",
            "revenue": 83919
        },
        "2010-02": {
            "month": "2010-02",
            "price": "8.20",
            "revenue": 88418
        },
        "2010-03": {
            "month": "2010-03",
            "price": "10.46",
            "revenue": 96588
        },
        "2010-04": {
            "month": "2010-04",
            "price": "16.74",
            "revenue": 110534
        },
        "2010-05": {
            "month": "2010-05",
            "price": "17.17",
            "revenue": 112750
        },
        "2010-06": {
            "month": "2010-06",
            "price": "16.38",
            "revenue": 114000
        },
        "2010-07": {
            "month": "2010-07",
            "price": "15.34",
            "revenue": 121705
        },
        "2010-08": {
            "month": "2010-08",
            "price": "16.16",
            "revenue": 121526
        },
        "2010-09": {
            "month": "2010-09",
            "price": "15.30",
            "revenue": 90480
        },
        "2010-10": {
            "month": "2010-10",
            "price": "15.41",
            "revenue": 111315
        },
        "2010-11": {
            "month": "2010-11",
            "price": "14.06",
            "revenue": 119890
        },
        "2010-12": {
            "month": "2010-12",
            "price": "14.82",
            "revenue": 130895
        },
        "2011-01": {
            "month": "2011-01",
            "price": "15.28",
            "revenue": 102128
        },
        "2011-02": {
            "month": "2011-02",
            "price": "14.64",
            "revenue": 126079
        },
        "2011-03": {
            "month": "2011-03",
            "price": "14.85",
            "revenue": 148553
        },
        "2011-04": {
            "month": "2011-04",
            "price": "15.50",
            "revenue": 129666
        },
        "2011-05": {
            "month": "2011-05",
            "price": "14.18",
            "revenue": 125142
        },
        "2011-06": {
            "month": "2011-06",
            "price": "13.30",
            "revenue": 184642
        },
        "2011-07": {
            "month": "2011-07",
            "price": "13.29",
            "revenue": 143538
        },
        "2011-08": {
            "month": "2011-08",
            "price": "14.58",
            "revenue": 179578
        },
        "2011-09": {
            "month": "2011-09",
            "price": "15.37",
            "revenue": 140566
        },
        "2011-10": {
            "month": "2011-10",
            "price": "15.08",
            "revenue": 107188
        },
        "2011-11": {
            "month": "2011-11",
            "price": "13.88",
            "revenue": 131803
        },
        "2011-12": {
            "month": "2011-12",
            "price": "12.49",
            "revenue": 107498
        },
        "2012-01": {
            "month": "2012-01",
            "price": "11.61",
            "revenue": 92607
        },
        "2012-02": {
            "month": "2012-02",
            "price": "12.98",
            "revenue": 116302
        },
        "2012-03": {
            "month": "2012-03",
            "price": "12.92",
            "revenue": 130734
        },
        "2012-04": {
            "month": "2012-04",
            "price": "11.05",
            "revenue": 144499
        },
        "2012-05": {
            "month": "2012-05",
            "price": "10.49",
            "revenue": 144621
        },
        "2012-06": {
            "month": "2012-06",
            "price": "10.20",
            "revenue": 126959
        },
        "2012-07": {
            "month": "2012-07",
            "price": "9.74",
            "revenue": 93493
        },
        "2012-08": {
            "month": "2012-08",
            "price": "9.70",
            "revenue": 84839
        },
        "2012-09": {
            "month": "2012-09",
            "price": "9.79",
            "revenue": 118046
        },
        "2012-10": {
            "month": "2012-10",
            "price": "9.40",
            "revenue": 105533
        },
        "2012-11": {
            "month": "2012-11",
            "price": "8.81",
            "revenue": 107092
        },
        "2012-12": {
            "month": "2012-12",
            "price": "8.82",
            "revenue": 136806
        },
        "2013-01": {
            "month": "2013-01",
            "price": "9.48",
            "revenue": 132388
        },
        "2013-02": {
            "month": "2013-02",
            "price": "10.14",
            "revenue": 103309
        },
        "2013-03": {
            "month": "2013-03",
            "price": "10.65",
            "revenue": 164408
        },
        "2013-04": {
            "month": "2013-04",
            "price": "10.39",
            "revenue": 166704
        },
        "2013-05": {
            "month": "2013-05",
            "price": "10.97",
            "revenue": 174454
        },
        "2013-06": {
            "month": "2013-06",
            "price": "11.06",
            "revenue": 185128
        },
        "2013-07": {
            "month": "2013-07",
            "price": "14.16",
            "revenue": 178969
        },
        "2013-08": {
            "month": "2013-08",
            "price": "15.30",
            "revenue": 178386
        },
        "2013-09": {
            "month": "2013-09",
            "price": "17.33",
            "revenue": 176459
        },
        "2013-10": {
            "month": "2013-10",
            "price": "19.92",
            "revenue": 189301
        },
        "2013-11": {
            "month": "2013-11",
            "price": "19.18",
            "revenue": 181502
        },
        "2013-12": {
            "month": "2013-12",
            "price": "19.45",
            "revenue": 188959
        },
        "2014-01": {
            "month": "2014-01",
            "price": "22.69",
            "revenue": 163679
        },
        "2014-02": {
            "month": "2014-02",
            "price": "27.00",
            "revenue": 196243
        },
        "2014-03": {
            "month": "2014-03",
            "price": "27.60",
            "revenue": 198541
        },
        "2014-04": {
            "month": "2014-04",
            "price": "25.18",
            "revenue": 176701
        },
        "2014-05": {
            "month": "2014-05",
            "price": "24.66",
            "revenue": 171702
        },
        "2014-06": {
            "month": "2014-06",
            "price": "24.58",
            "revenue": 131186
        },
        "2014-07": {
            "month": "2014-07",
            "price": "22.86",
            "revenue": 176439
        },
        "2014-08": {
            "month": "2014-08",
            "price": "20.91",
            "revenue": 172626
        },
        "2014-09": {
            "month": "2014-09",
            "price": "19.22",
            "revenue": 162269
        },
        "2014-10": {
            "month": "2014-10",
            "price": "17.20",
            "revenue": 173852
        },
        "2014-11": {
            "month": "2014-11",
            "price": "16.66",
            "revenue": 175832
        },
        "2014-12": {
            "month": "2014-12",
            "price": "17.29",
            "revenue": 200181
        },
        "2015-01": {
            "month": "2015-01",
            "price": "18.95",
            "revenue": 182896
        },
        "2015-02": {
            "month": "2015-02",
            "price": "19.95",
            "revenue": 158054
        },
        "2015-03": {
            "month": "2015-03",
            "price": "20.49",
            "revenue": 214814
        },
        "2015-04": {
            "month": "2015-04",
            "price": "20.97",
            "revenue": 181043
        },
        "2015-05": {
            "month": "2015-05",
            "price": "20.08",
            "revenue": 163271
        },
        "2015-06": {
            "month": "2015-06",
            "price": "19.64",
            "revenue": 177073
        },
        "2015-07": {
            "month": "2015-07",
            "price": "18.38",
            "revenue": 166797
        },
        "2015-08": {
            "month": "2015-08",
            "price": "16.54",
            "revenue": 162535
        },
        "2015-09": {
            "month": "2015-09",
            "price": "15.06",
            "revenue": 169331
        },
        "2015-10": {
            "month": "2015-10",
            "price": "16.35",
            "revenue": 176588
        },
        "2015-11": {
            "month": "2015-11",
            "price": "16.64",
            "revenue": 135193
        },
        "2015-12": {
            "month": "2015-12",
            "price": "15.77",
            "revenue": 142272
        },
        "2016-01": {
            "month": "2016-01",
            "price": "14.40",
            "revenue": 147864
        },
        "2016-02": {
            "month": "2016-02",
            "price": "14.81",
            "revenue": 131443
        },
        "2016-03": {
            "month": "2016-03",
            "price": "16.57",
            "revenue": 207887
        },
        "2016-04": {
            "month": "2016-04",
            "price": "18.66",
            "revenue": 183036
        },
        "2016-05": {
            "month": "2016-05",
            "price": "16.33",
            "revenue": 195538
        },
        "2016-06": {
            "month": "2016-06",
            "price": "17.02",
            "revenue": 214464
        },
        "2016-07": {
            "month": "2016-07",
            "price": "18.06",
            "revenue": 210861
        },
        "2016-08": {
            "month": "2016-08",
            "price": "17.81",
            "revenue": 191111
        },
        "2016-09": {
            "month": "2016-09",
            "price": "18.67",
            "revenue": 184830
        },
        "2016-10": {
            "month": "2016-10",
            "price": "17.42",
            "revenue": 181354
        },
        "2016-11": {
            "month": "2016-11",
            "price": "16.12",
            "revenue": 201293
        },
        "2016-12": {
            "month": "2016-12",
            "price": "16.79",
            "revenue": 224697
        },
        "2017-01": {
            "month": "2017-01",
            "price": "17.43",
            "revenue": 184922
        },
        "2017-02": {
            "month": "2017-02",
            "price": "18.44",
            "revenue": 189479
        },
        "2017-03": {
            "month": "2017-03",
            "price": "18.64",
            "revenue": 216520
        },
        "2017-04": {
            "month": "2017-04",
            "price": "17.09",
            "revenue": 214174
        },
        "2017-05": {
            "month": "2017-05",
            "price": "17.01",
            "revenue": 204102
        },
        "2017-06": {
            "month": "2017-06",
            "price": "17.32",
            "revenue": 207823
        },
        "2017-07": {
            "month": "2017-07",
            "price": "16.87",
            "revenue": 285212
        },
        "2017-08": {
            "month": "2017-08",
            "price": "18.96",
            "revenue": 262968
        },
        "2017-09": {
            "month": "2017-09",
            "price": "21.13",
            "revenue": 270379
        },
        "2017-10": {
            "month": "2017-10",
            "price": "20.92",
            "revenue": 231832
        },
        "2017-11": {
            "month": "2017-11",
            "price": "19.92",
            "revenue": 235754
        },
        "2017-12": {
            "month": "2017-12",
            "price": "18.87",
            "revenue": 285596
        },
        "2018-01": {
            "month": "2018-01",
            "price": "19.40",
            "revenue": 222014
        },
        "2018-02": {
            "month": "2018-02",
            "price": "18.24",
            "revenue": 168874
        },
        "2018-03": {
            "month": "2018-03",
            "price": "17.89",
            "revenue": 269996
        },
        "2018-04": {
            "month": "2018-04",
            "price": "17.16",
            "revenue": 232424
        },
        "2018-05": {
            "month": "2018-05",
            "price": "17.30",
            "revenue": 272860
        },
        "2018-06": {
            "month": "2018-06",
            "price": "18.36",
            "revenue": 239225
        },
        "2018-07": {
            "month": "2018-07",
            "price": "17.65",
            "revenue": 301057
        },
        "2018-08": {
            "month": "2018-08",
            "price": "17.65",
            "revenue": 263266
        },
        "2018-09": {
            "month": "2018-09",
            "price": "17.25",
            "revenue": 227956
        },
        "2018-10": {
            "month": "2018-10",
            "price": "15.45",
            "revenue": 183779
        },
        "2018-11": {
            "month": "2018-11",
            "price": "14.09",
            "revenue": 178189
        },
        "2018-12": {
            "month": "2018-12",
            "price": "14.25",
            "revenue": 175133
        },
        "2019-01": {
            "month": "2019-01",
            "price": "14.06",
            "revenue": 130154
        },
        "2019-02": {
            "month": "2019-02",
            "price": "14.22",
            "revenue": 122073
        },
        "2019-03": {
            "month": "2019-03",
            "price": "14.94",
            "revenue": 217993
        },
        "2019-04": {
            "month": "2019-04",
            "price": "14.87",
            "revenue": 197857
        },
        "2019-05": {
            "month": "2019-05",
            "price": "13.52",
            "revenue": 167144
        },
        "2019-06": {
            "month": "2019-06",
            "price": "13.66",
            "revenue": 173509
        },
        "2019-07": {
            "month": "2019-07",
            "price": "13.49",
            "revenue": 162281
        },
        "2019-08": {
            "month": "2019-08",
            "price": "12.52",
            "revenue": 160703
        },
        "2019-09": {
            "month": "2019-09",
            "price": "12.47",
            "revenue": 151530
        },
        "2019-10": {
            "month": "2019-10",
            "price": "12.20",
            "revenue": 150136
        },
        "2019-11": {
            "month": "2019-11",
            "price": "12.20",
            "revenue": 137120
        },
        "2019-12": {
            "month": "2019-12",
            "price": "12.13",
            "revenue": 113854
        },
        "2020-01": {
            "month": "2020-01",
            "price": "11.89",
            "revenue": 90006
        },
        "2020-02": {
            "month": "2020-02",
            "price": "11.39",
            "revenue": 85027
        },
        "2020-03": {
            "month": "2020-03",
            "price": "8.61",
            "revenue": 175229
        },
        "2020-04": {
            "month": "2020-04",
            "price": "8.98",
            "revenue": 157605
        },
        "2020-05": {
            "month": "2020-05",
            "price": "9.94",
            "revenue": 148381
        },
        "2020-06": {
            "month": "2020-06",
            "price": "10.10",
            "revenue": 164871
        },
        "2020-07": {
            "month": "2020-07",
            "price": "10.07",
            "revenue": 155009
        },
        "2020-08": {
            "month": "2020-08",
            "price": "10.00",
            "revenue": 114294
        },
        "2020-09": {
            "month": "2020-09",
            "price": "11.22",
            "revenue": 132589
        },
        "2020-10": {
            "month": "2020-10",
            "price": "11.30",
            "revenue": 116747
        },
        "2020-11": {
            "month": "2020-11",
            "price": "11.35",
            "revenue": 105980
        },
        "2020-12": {
            "month": "2020-12",
            "price": "11.95",
            "revenue": 164709
        },
        "2021-01": {
            "month": "2021-01",
            "price": "11.75",
            "revenue": 129691
        },
        "2021-02": {
            "month": "2021-02",
            "price": "11.75",
            "revenue": 107082
        },
        "2021-03": {
            "month": "2021-03",
            "price": "11.90",
            "revenue": 66355
        },
        "2021-04": {
            "month": "2021-04",
            "price": "12.32",
            "revenue": 165906
        },
        "2021-05": {
            "month": "2021-05",
            "price": "11.53",
            "revenue": 201664
        },
        "2021-06": {
            "month": "2021-06",
            "price": "11.49",
            "revenue": 214009
        },
        "2021-07": {
            "month": "2021-07",
            "price": "12.02",
            "revenue": 209135
        },
        "2021-08": {
            "month": "2021-08",
            "price": "11.40",
            "revenue": 178196
        },
        "2021-09": {
            "month": "2021-09",
            "price": "10.98",
            "revenue": 179367
        },
        "2021-10": {
            "month": "2021-10",
            "price": "11.06",
            "revenue": 135407
        },
        "2021-11": {
            "month": "2021-11",
            "price": "11.15",
            "revenue": 194402
        },
        "2021-12": {
            "month": "2021-12",
            "price": "11.70",
            "revenue": 177630
        },
        "2022-01": {
            "month": "2022-01",
            "price": "11.58",
            "revenue": 174159
        },
        "2022-02": {
            "month": "2022-02",
            "price": "11.71",
            "revenue": 157676
        },
        "2022-03": {
            "month": "2022-03",
            "price": "11.46",
            "revenue": 194362
        },
        "2022-04": {
            "month": "2022-04",
            "price": "11.54",
            "revenue": 176387
        },
        "2022-05": {
            "month": "2022-05",
            "price": "11.39",
            "revenue": 168301
        },
        "2022-06": {
            "month": "2022-06",
            "price": "11.13",
            "revenue": 142995
        },
        "2022-07": {
            "month": "2022-07",
            "price": "10.33",
            "revenue": 186749
        },
        "2022-08": {
            "month": "2022-08",
            "price": "10.63",
            "revenue": 196631
        },
        "2022-09": {
            "month": "2022-09",
            "price": "10.73",
            "revenue": 185475
        },
        "2022-10": {
            "month": "2022-10",
            "price": "10.15",
            "revenue": 160791
        },
        "2022-11": {
            "month": "2022-11",
            "price": "10.36",
            "revenue": 160934
        },
        "2022-12": {
            "month": "2022-12",
            "price": "10.37",
            "revenue": 146486
        },
        "2023-01": {
            "month": "2023-01",
            "price": "10.18",
            "revenue": 115821
        },
        "2023-02": {
            "month": "2023-02",
            "price": "10.49",
            "revenue": 117169
        },
        "2023-03": {
            "month": "2023-03",
            "price": "11.44",
            "revenue": 148316
        },
        "2023-04": {
            "month": "2023-04",
            "price": "13.09",
            "revenue": 165670
        },
        "2023-05": {
            "month": "2023-05",
            "price": "13.96",
            "revenue": 189562
        }
    }
}
