{
    "summary": {
        "stock_name": "福裕",
        "stock_id": "4513",
        "category": "電機機械",
        "main_business": "各項工作母機製造加工及內外銷販賣<br>前項有關工具之製造加工內外銷進出口貿易業務<br>電子產品製造及買賣",
        "website_url": "http://www.chevaliertw.com/tw/index-t.html",
        "ceo": "董上裕",
        "pe_ratio": -53,
        "report_year_from": 2001,
        "report_year_to": 2023,
        "age": 22,
        "eps_negative_percentage": 39,
        "eps_growth_avg": {
            "last_all": -22.23,
            "last_2y": -100,
            "last_4y": -33.33,
            "last_8y": -20,
            "last_12y": -39.17,
            "last_16y": -29.84,
            "last_20y": -22.23,
            "at_2006_last_3y": 72.33,
            "at_2007_last_3y": 60.17,
            "at_2008_last_3y": 17.73,
            "at_2009_last_3y": -13.52,
            "at_2010_last_3y": -51.35,
            "at_2011_last_3y": -88.87,
            "at_2012_last_3y": -87.11,
            "at_2013_last_3y": -87.11,
            "at_2014_last_3y": -87.11,
            "at_2015_last_3y": -24.74,
            "at_2016_last_3y": -33.33,
            "at_2017_last_3y": 0,
            "at_2018_last_3y": 33.33,
            "at_2019_last_3y": -33.33,
            "at_2020_last_3y": 0,
            "at_2021_last_3y": 0,
            "at_2022_last_3y": -100,
            "at_2023_last_3y": -100,
            "at_2006_last_all": 29.25,
            "at_2007_last_all": 28.13,
            "at_2008_last_all": 10.49,
            "at_2009_last_all": -5.29,
            "at_2010_last_all": -5.29,
            "at_2011_last_all": -5.29,
            "at_2012_last_all": -13.91,
            "at_2013_last_all": -23.48,
            "at_2014_last_all": -23.48,
            "at_2015_last_all": -11.13,
            "at_2016_last_all": -19.21,
            "at_2017_last_all": -19.21,
            "at_2018_last_all": -9.27,
            "at_2019_last_all": -16.25,
            "at_2020_last_all": -16.25,
            "at_2021_last_all": -16.25,
            "at_2022_last_all": -22.23,
            "at_2023_last_all": -22.23
        },
        "latest_eps": -0.39,
        "latest_price": 20.55,
        "latest_roe": -3.68,
        "latest_gross_margin": 32.87,
        "latest_equity": 812884,
        "latest_revenue": 280435,
        "latest_gross_profit": 92172,
        "latest_net_income": -7797,
        "latest_debt_ratio": 66.27,
        "latest_current_ratio": 143.64,
        "latest_account_receivable_turnover_ratio": 0.98,
        "latest_inventory_turnover_ratio": 0.19,
        "latest_reinvestment_rate": null,
        "latest_research_to_sale_ratio": 4.47
    },
    "eps_dividends": {
        "1997": {
            "cash": 0,
            "stock": 1.5,
            "eps": 0
        },
        "1998": {
            "cash": 0,
            "stock": 2.5,
            "eps": 0
        },
        "1999": {
            "cash": 0,
            "stock": 2,
            "eps": 0
        },
        "2001": {
            "cash": 0,
            "stock": 0,
            "eps": 0.33
        },
        "2002": {
            "cash": 0,
            "stock": 0,
            "eps": -3.25
        },
        "2003": {
            "cash": 0,
            "stock": 0,
            "eps": 0.25
        },
        "2004": {
            "cash": 0,
            "stock": 0,
            "eps": 0.48
        },
        "2005": {
            "cash": 0,
            "stock": 0,
            "eps": 0.6
        },
        "2006": {
            "cash": 0.75,
            "stock": 0.75,
            "eps": 2.07
        },
        "2007": {
            "cash": 1.5,
            "stock": 0,
            "eps": 2.56
        },
        "2008": {
            "cash": 1.7,
            "stock": 0,
            "eps": 0.57
        },
        "2009": {
            "cash": 0.5,
            "stock": 0,
            "eps": -2.21
        },
        "2010": {
            "cash": 0,
            "stock": 0,
            "eps": -0.65
        },
        "2011": {
            "cash": 0,
            "stock": 0,
            "eps": 1.28
        },
        "2012": {
            "cash": 0,
            "stock": 0,
            "eps": 0.33
        },
        "2013": {
            "cash": 0,
            "stock": 0,
            "eps": -0.6
        },
        "2014": {
            "cash": 0,
            "stock": 0,
            "eps": 0.34
        },
        "2015": {
            "cash": 0,
            "stock": 0,
            "eps": 1.67
        },
        "2016": {
            "cash": 0.5,
            "stock": 0,
            "eps": -0.92
        },
        "2017": {
            "cash": 0,
            "stock": 0,
            "eps": 0.27
        },
        "2018": {
            "cash": 0,
            "stock": 0,
            "eps": 1.27
        },
        "2019": {
            "cash": 0.8,
            "stock": 0,
            "eps": -0.16
        },
        "2020": {
            "cash": 0,
            "stock": 0,
            "eps": -0.51
        },
        "2021": {
            "cash": 0,
            "stock": 0,
            "eps": 0.44
        },
        "2022": {
            "cash": 0,
            "stock": 0,
            "eps": -0.3
        },
        "2023": {
            "cash": 0,
            "stock": 0,
            "eps": -0.1
        }
    },
    "dividends": {
        "1997-05-31": {
            "cash": 0,
            "stock": 1.5
        },
        "1998-05-18": {
            "cash": 0,
            "stock": 2.5
        },
        "1999-05-19": {
            "cash": 0,
            "stock": 2
        },
        "2006-04-26": {
            "cash": 0.75,
            "stock": 0.75
        },
        "2007-04-26": {
            "cash": 1.5,
            "stock": 0
        },
        "2008-04-03": {
            "cash": 1.7,
            "stock": 0
        },
        "2009-04-28": {
            "cash": 0.5,
            "stock": 0
        },
        "2016-08-19": {
            "cash": 0.5,
            "stock": 0
        },
        "2019-08-19": {
            "cash": 0.8,
            "stock": 0
        }
    },
    "prices": {
        "200101": "6.49",
        "200102": "7.61",
        "200103": "9.27",
        "200104": "10.62",
        "200105": "11.75",
        "200106": "11.02",
        "200107": "8.89",
        "200108": "8.60",
        "200109": "8.62",
        "200110": "6.95",
        "200111": "5.19",
        "200112": "5.81",
        "200201": "5.82",
        "200202": "5.68",
        "200203": "5.88",
        "200204": "6.68",
        "200205": "6.41",
        "200206": "6.28",
        "200207": "5.88",
        "200208": "5.35",
        "200209": "4.95",
        "200210": "4.66",
        "200211": "5.04",
        "200212": "5.90",
        "200301": "6.74",
        "200302": "6.36",
        "200303": "5.85",
        "200304": "6.46",
        "200305": "6.37",
        "200306": "6.86",
        "200307": "8.73",
        "200308": "9.54",
        "200309": "8.92",
        "200310": "10.05",
        "200311": "9.62",
        "200312": "9.88",
        "200401": "12.03",
        "200402": "14.15",
        "200403": "16.11",
        "200404": "17.64",
        "200405": "15.57",
        "200406": "15.09",
        "200407": "12.99",
        "200408": "11.60",
        "200409": "12.58",
        "200410": "13.89",
        "200411": "13.47",
        "200412": "13.37",
        "200501": "11.57",
        "200502": "11.51",
        "200503": "12.21",
        "200504": "12.22",
        "200505": "11.82",
        "200506": "12.28",
        "200507": "13.05",
        "200508": "12.65",
        "200509": "12.03",
        "200510": "11.27",
        "200511": "12.96",
        "200512": "12.89",
        "200601": "12.59",
        "200602": "12.39",
        "200603": "11.83",
        "200604": "12.21",
        "200605": "13.59",
        "200606": "12.74",
        "200607": "12.05",
        "200608": "12.72",
        "200609": "13.01",
        "200610": "14.47",
        "200611": "15.45",
        "200612": "14.94",
        "200701": "15.85",
        "200702": "18.82",
        "200703": "25.34",
        "200704": "27.78",
        "200705": "27.50",
        "200706": "26.76",
        "200707": "26.66",
        "200708": "24.66",
        "200709": "25.02",
        "200710": "24.03",
        "200711": "23.17",
        "200712": "23.64",
        "200801": "24.03",
        "200802": "26.17",
        "200803": "24.67",
        "200804": "22.47",
        "200805": "21.99",
        "200806": "20.92",
        "200807": "15.95",
        "200808": "15.66",
        "200809": "15.02",
        "200810": "11.98",
        "200811": "9.46",
        "200812": "10.96",
        "200901": "10.16",
        "200902": "8.90",
        "200903": "9.37",
        "200904": "10.59",
        "200905": "10.17",
        "200906": "10.72",
        "200907": "10.50",
        "200908": "11.29",
        "200909": "11.56",
        "200910": "11.57",
        "200911": "10.00",
        "200912": "10.29",
        "201001": "10.89",
        "201002": "10.04",
        "201003": "11.35",
        "201004": "14.39",
        "201005": "13.21",
        "201006": "12.56",
        "201007": "14.21",
        "201008": "14.75",
        "201009": "14.41",
        "201010": "13.99",
        "201011": "12.13",
        "201012": "11.95",
        "201101": "13.59",
        "201102": "15.58",
        "201103": "14.88",
        "201104": "17.74",
        "201105": "17.17",
        "201106": "16.33",
        "201107": "16.32",
        "201108": "12.50",
        "201109": "11.42",
        "201110": "11.41",
        "201111": "12.07",
        "201112": "11.00",
        "201201": "12.72",
        "201202": "14.86",
        "201203": "14.02",
        "201204": "11.91",
        "201205": "12.26",
        "201206": "11.85",
        "201207": "11.33",
        "201208": "10.94",
        "201209": "11.11",
        "201210": "10.02",
        "201211": "8.78",
        "201212": "8.93",
        "201301": "10.13",
        "201302": "11.70",
        "201303": "11.10",
        "201304": "9.85",
        "201305": "10.09",
        "201306": "9.44",
        "201307": "9.82",
        "201308": "9.55",
        "201309": "9.68",
        "201310": "10.04",
        "201311": "9.88",
        "201312": "9.74",
        "201401": "10.82",
        "201402": "12.18",
        "201403": "11.96",
        "201404": "11.41",
        "201405": "10.70",
        "201406": "11.17",
        "201407": "12.10",
        "201408": "11.64",
        "201409": "11.73",
        "201410": "10.56",
        "201411": "10.08",
        "201412": "10.28",
        "201501": "10.36",
        "201502": "10.33",
        "201503": "11.26",
        "201504": "12.60",
        "201505": "11.62",
        "201506": "11.00",
        "201507": "10.42",
        "201508": "9.81",
        "201509": "9.86",
        "201510": "10.80",
        "201511": "10.92",
        "201512": "10.25",
        "201601": "9.92",
        "201602": "10.01",
        "201603": "10.34",
        "201604": "10.44",
        "201605": "9.68",
        "201606": "9.28",
        "201607": "9.32",
        "201608": "9.51",
        "201609": "9.81",
        "201610": "9.56",
        "201611": "9.19",
        "201612": "9.43",
        "201701": "9.47",
        "201702": "9.58",
        "201703": "9.43",
        "201704": "9.12",
        "201705": "8.87",
        "201706": "8.77",
        "201707": "8.98",
        "201708": "9.49",
        "201709": "9.67",
        "201710": "9.44",
        "201711": "9.43",
        "201712": "9.32",
        "201801": "9.99",
        "201802": "9.62",
        "201803": "9.71",
        "201804": "9.42",
        "201805": "9.27",
        "201806": "13.99",
        "201807": "17.52",
        "201808": "15.57",
        "201809": "16.22",
        "201810": "12.78",
        "201811": "11.95",
        "201812": "11.34",
        "201901": "11.12",
        "201902": "11.51",
        "201903": "11.90",
        "201904": "12.46",
        "201905": "11.47",
        "201906": "11.08",
        "201907": "10.95",
        "201908": "10.06",
        "201909": "10.05",
        "201910": "10.02",
        "201911": "9.85",
        "201912": "9.87",
        "202001": "9.64",
        "202002": "9.29",
        "202003": "7.52",
        "202004": "6.69",
        "202005": "7.35",
        "202006": "7.49",
        "202007": "7.44",
        "202008": "7.29",
        "202009": "8.19",
        "202010": "9.08",
        "202011": "8.40",
        "202012": "9.15",
        "202101": "8.87",
        "202102": "8.55",
        "202103": "9.05",
        "202104": "10.93",
        "202105": "9.91",
        "202106": "10.03",
        "202107": "10.48",
        "202108": "9.73",
        "202109": "10.25",
        "202110": "13.36",
        "202111": "14.95",
        "202112": "15.41",
        "202201": "15.01",
        "202202": "18.01",
        "202203": "18.68",
        "202204": "20.80",
        "202205": "18.59",
        "202206": "19.10",
        "202207": "21.80",
        "202208": "24.83",
        "202209": "27.32",
        "202210": "25.58",
        "202211": "23.18",
        "202212": "22.12",
        "202301": "20.93",
        "202302": "19.79",
        "202303": "18.90",
        "202304": "19.77",
        "202305": "20.69",
        "202306": "20.42"
    },
    "quarters": {
        "20011": {
            "year_quarter": 20011,
            "year": 2001,
            "quarter": 1,
            "eps": 0.65,
            "eps_growth_year": null,
            "eps_4q": -1.11,
            "eps_4q_growth_year": null,
            "roe": 4.86,
            "roe_4q": 4.86,
            "gross_profit": 100156,
            "gross_margin": 25.21,
            "gross_margin_4q_avg": 25.21,
            "net_income": 47253,
            "revenue": 397335,
            "common_shares": 729957,
            "book_valuer_per_share": 13.63,
            "book_valuer_per_share_4q_avg": 13.63,
            "equity": 994871,
            "current_ratio": 121.04,
            "debt_ratio": 54.82,
            "inventory_turnover_ratio": 0.52,
            "account_receivable_turnover_ratio": null,
            "reinvestment_rate": null,
            "research_to_sale_ratio": null,
            "price_fair": 0,
            "eps_avg_yearly": 0,
            "eps_latest_yearly": 0,
            "eps_growth_yearly": 0
        },
        "20012": {
            "year_quarter": 20012,
            "year": 2001,
            "quarter": 2,
            "eps": 0.48,
            "eps_growth_year": 23.08,
            "eps_4q": -1.03,
            "eps_4q_growth_year": null,
            "roe": 3.43,
            "roe_4q": 8.290000000000001,
            "gross_profit": 79077,
            "gross_margin": 23.43,
            "gross_margin_4q_avg": 24.32,
            "net_income": 34812,
            "revenue": 337525,
            "common_shares": 729957,
            "book_valuer_per_share": 14.16,
            "book_valuer_per_share_4q_avg": 13.9,
            "equity": 1033878,
            "current_ratio": 121.41,
            "debt_ratio": 52.95,
            "inventory_turnover_ratio": 0.52,
            "account_receivable_turnover_ratio": null,
            "reinvestment_rate": null,
            "research_to_sale_ratio": null,
            "price_fair": 0,
            "eps_avg_yearly": 0,
            "eps_latest_yearly": 0,
            "eps_growth_yearly": 0
        },
        "20013": {
            "year_quarter": 20013,
            "year": 2001,
            "quarter": 3,
            "eps": -0.38,
            "eps_growth_year": null,
            "eps_4q": 0.09,
            "eps_4q_growth_year": null,
            "roe": -2.75,
            "roe_4q": 5.540000000000001,
            "gross_profit": 53139,
            "gross_margin": 19.62,
            "gross_margin_4q_avg": 22.75,
            "net_income": -28005,
            "revenue": 270874,
            "common_shares": 729957,
            "book_valuer_per_share": 13.78,
            "book_valuer_per_share_4q_avg": 13.86,
            "equity": 1005695,
            "current_ratio": 125.95,
            "debt_ratio": 50.31,
            "inventory_turnover_ratio": 0.46,
            "account_receivable_turnover_ratio": null,
            "reinvestment_rate": null,
            "research_to_sale_ratio": null,
            "price_fair": 0,
            "eps_avg_yearly": 0,
            "eps_latest_yearly": 0,
            "eps_growth_yearly": 0
        },
        "20014": {
            "year_quarter": 20014,
            "year": 2001,
            "quarter": 4,
            "eps": -0.42,
            "eps_growth_year": null,
            "eps_4q": 0.33,
            "eps_4q_growth_year": null,
            "roe": -3.05,
            "roe_4q": 2.4900000000000007,
            "gross_profit": 29582,
            "gross_margin": 15.88,
            "gross_margin_4q_avg": 21.04,
            "net_income": -30314,
            "revenue": 186321,
            "common_shares": 729957,
            "book_valuer_per_share": 13.49,
            "book_valuer_per_share_4q_avg": 13.77,
            "equity": 984944,
            "current_ratio": 118.03,
            "debt_ratio": 51.93,
            "inventory_turnover_ratio": 0.3,
            "account_receivable_turnover_ratio": null,
            "reinvestment_rate": null,
            "research_to_sale_ratio": null,
            "price_fair": 0,
            "eps_avg_yearly": 0,
            "eps_latest_yearly": 0,
            "eps_growth_yearly": 0
        },
        "20021": {
            "year_quarter": 20021,
            "year": 2002,
            "quarter": 1,
            "eps": -0.28,
            "eps_growth_year": -143.08,
            "eps_4q": -0.62,
            "eps_4q_growth_year": null,
            "roe": -1.99,
            "roe_4q": -4.359999999999999,
            "gross_profit": 27218,
            "gross_margin": 16.05,
            "gross_margin_4q_avg": 18.75,
            "net_income": -19155,
            "revenue": 169566,
            "common_shares": 729957,
            "book_valuer_per_share": 12.94,
            "book_valuer_per_share_4q_avg": 13.59,
            "equity": 944629,
            "current_ratio": 124.73,
            "debt_ratio": 49.16,
            "inventory_turnover_ratio": 0.29,
            "account_receivable_turnover_ratio": null,
            "reinvestment_rate": null,
            "research_to_sale_ratio": null,
            "price_fair": 0,
            "eps_avg_yearly": 0,
            "eps_latest_yearly": 0,
            "eps_growth_yearly": 0
        },
        "20022": {
            "year_quarter": 20022,
            "year": 2002,
            "quarter": 2,
            "eps": -0.83,
            "eps_growth_year": -272.92,
            "eps_4q": -1.84,
            "eps_4q_growth_year": null,
            "roe": -6.44,
            "roe_4q": -14.23,
            "gross_profit": 31721,
            "gross_margin": 17.88,
            "gross_margin_4q_avg": 17.36,
            "net_income": -57137,
            "revenue": 177395,
            "common_shares": 729957,
            "book_valuer_per_share": 11.37,
            "book_valuer_per_share_4q_avg": 12.9,
            "equity": 829663,
            "current_ratio": 112.69,
            "debt_ratio": 53.79,
            "inventory_turnover_ratio": 0.37,
            "account_receivable_turnover_ratio": null,
            "reinvestment_rate": null,
            "research_to_sale_ratio": null,
            "price_fair": 0,
            "eps_avg_yearly": 0,
            "eps_latest_yearly": 0,
            "eps_growth_yearly": 0
        },
        "20023": {
            "year_quarter": 20023,
            "year": 2002,
            "quarter": 3,
            "eps": -0.21,
            "eps_growth_year": null,
            "eps_4q": -1.66,
            "eps_4q_growth_year": -1922.19,
            "roe": -1.73,
            "roe_4q": -13.21,
            "gross_profit": 52557,
            "gross_margin": 18.15,
            "gross_margin_4q_avg": 16.99,
            "net_income": -14205,
            "revenue": 289501,
            "common_shares": 729957,
            "book_valuer_per_share": 11.1,
            "book_valuer_per_share_4q_avg": 12.23,
            "equity": 810089,
            "current_ratio": 111.11,
            "debt_ratio": 56.75,
            "inventory_turnover_ratio": 0.55,
            "account_receivable_turnover_ratio": null,
            "reinvestment_rate": null,
            "research_to_sale_ratio": null,
            "price_fair": 0,
            "eps_avg_yearly": 0,
            "eps_latest_yearly": 0,
            "eps_growth_yearly": 0
        },
        "20024": {
            "year_quarter": 20024,
            "year": 2002,
            "quarter": 4,
            "eps": -1.93,
            "eps_growth_year": null,
            "eps_4q": -3.24,
            "eps_4q_growth_year": -1081.82,
            "roe": -17.12,
            "roe_4q": -27.28,
            "gross_profit": 48299,
            "gross_margin": 16.59,
            "gross_margin_4q_avg": 17.17,
            "net_income": -131951,
            "revenue": 291196,
            "common_shares": 729957,
            "book_valuer_per_share": 10.02,
            "book_valuer_per_share_4q_avg": 11.36,
            "equity": 731507,
            "current_ratio": 106.51,
            "debt_ratio": 60.61,
            "inventory_turnover_ratio": 0.43,
            "account_receivable_turnover_ratio": null,
            "reinvestment_rate": null,
            "research_to_sale_ratio": null,
            "price_fair": 0,
            "eps_avg_yearly": 0,
            "eps_latest_yearly": 0,
            "eps_growth_yearly": 0
        },
        "20031": {
            "year_quarter": 20031,
            "year": 2003,
            "quarter": 1,
            "eps": -0.12,
            "eps_growth_year": null,
            "eps_4q": -2.98,
            "eps_4q_growth_year": null,
            "roe": -1.17,
            "roe_4q": -26.46,
            "gross_profit": 50327,
            "gross_margin": 23.35,
            "gross_margin_4q_avg": 18.99,
            "net_income": -8542,
            "revenue": 215548,
            "common_shares": 729957,
            "book_valuer_per_share": 9.97,
            "book_valuer_per_share_4q_avg": 10.62,
            "equity": 727714,
            "current_ratio": 104.63,
            "debt_ratio": 58.28,
            "inventory_turnover_ratio": 0.31,
            "account_receivable_turnover_ratio": null,
            "reinvestment_rate": null,
            "research_to_sale_ratio": null,
            "price_fair": 0,
            "eps_avg_yearly": 0,
            "eps_latest_yearly": 0,
            "eps_growth_yearly": 0
        },
        "20032": {
            "year_quarter": 20032,
            "year": 2003,
            "quarter": 2,
            "eps": 0.04,
            "eps_growth_year": null,
            "eps_4q": -1.94,
            "eps_4q_growth_year": null,
            "roe": 0.43,
            "roe_4q": -19.59,
            "gross_profit": 59473,
            "gross_margin": 19.84,
            "gross_margin_4q_avg": 19.48,
            "net_income": 3127,
            "revenue": 299777,
            "common_shares": 729957,
            "book_valuer_per_share": 10,
            "book_valuer_per_share_4q_avg": 10.27,
            "equity": 730221,
            "current_ratio": 104.89,
            "debt_ratio": 57.3,
            "inventory_turnover_ratio": 0.65,
            "account_receivable_turnover_ratio": null,
            "reinvestment_rate": null,
            "research_to_sale_ratio": null,
            "price_fair": 0,
            "eps_avg_yearly": 0,
            "eps_latest_yearly": 0,
            "eps_growth_yearly": 0
        },
        "20033": {
            "year_quarter": 20033,
            "year": 2003,
            "quarter": 3,
            "eps": -0.17,
            "eps_growth_year": null,
            "eps_4q": -2.05,
            "eps_4q_growth_year": null,
            "roe": -1.65,
            "roe_4q": -19.51,
            "gross_profit": 48738,
            "gross_margin": 19.39,
            "gross_margin_4q_avg": 19.79,
            "net_income": -11930,
            "revenue": 251384,
            "common_shares": 729957,
            "book_valuer_per_share": 9.82,
            "book_valuer_per_share_4q_avg": 9.95,
            "equity": 716854,
            "current_ratio": 100.75,
            "debt_ratio": 57.76,
            "inventory_turnover_ratio": 0.61,
            "account_receivable_turnover_ratio": null,
            "reinvestment_rate": null,
            "research_to_sale_ratio": null,
            "price_fair": 0,
            "eps_avg_yearly": 0,
            "eps_latest_yearly": 0,
            "eps_growth_yearly": 0
        },
        "20034": {
            "year_quarter": 20034,
            "year": 2003,
            "quarter": 4,
            "eps": 0.5,
            "eps_growth_year": null,
            "eps_4q": 0.25,
            "eps_4q_growth_year": null,
            "roe": 4.79,
            "roe_4q": 2.4000000000000004,
            "gross_profit": 71163,
            "gross_margin": 23.04,
            "gross_margin_4q_avg": 21.41,
            "net_income": 35363,
            "revenue": 308867,
            "common_shares": 729957,
            "book_valuer_per_share": 10.41,
            "book_valuer_per_share_4q_avg": 10.05,
            "equity": 759932,
            "current_ratio": 108.36,
            "debt_ratio": 59.09,
            "inventory_turnover_ratio": 0.54,
            "account_receivable_turnover_ratio": null,
            "reinvestment_rate": null,
            "research_to_sale_ratio": null,
            "price_fair": 0,
            "eps_avg_yearly": 0,
            "eps_latest_yearly": 0,
            "eps_growth_yearly": 0
        },
        "20041": {
            "year_quarter": 20041,
            "year": 2004,
            "quarter": 1,
            "eps": 0.05,
            "eps_growth_year": null,
            "eps_4q": 0.43,
            "eps_4q_growth_year": null,
            "roe": 0.46,
            "roe_4q": 4.03,
            "gross_profit": 71462,
            "gross_margin": 25.08,
            "gross_margin_4q_avg": 21.84,
            "net_income": 3497,
            "revenue": 284968,
            "common_shares": 729957,
            "book_valuer_per_share": 10.41,
            "book_valuer_per_share_4q_avg": 10.16,
            "equity": 759747,
            "current_ratio": 110.94,
            "debt_ratio": 58.41,
            "inventory_turnover_ratio": 0.45,
            "account_receivable_turnover_ratio": null,
            "reinvestment_rate": null,
            "research_to_sale_ratio": null,
            "price_fair": 0.6,
            "eps_avg_yearly": 0.2,
            "eps_latest_yearly": 0.2,
            "eps_growth_yearly": -360
        },
        "20042": {
            "year_quarter": 20042,
            "year": 2004,
            "quarter": 2,
            "eps": 0.36,
            "eps_growth_year": 800,
            "eps_4q": 0.74,
            "eps_4q_growth_year": null,
            "roe": 3.32,
            "roe_4q": 6.92,
            "gross_profit": 85872,
            "gross_margin": 22.53,
            "gross_margin_4q_avg": 22.51,
            "net_income": 25610,
            "revenue": 381087,
            "common_shares": 729957,
            "book_valuer_per_share": 10.76,
            "book_valuer_per_share_4q_avg": 10.35,
            "equity": 785317,
            "current_ratio": 160.05,
            "debt_ratio": 60.57,
            "inventory_turnover_ratio": 0.73,
            "account_receivable_turnover_ratio": null,
            "reinvestment_rate": null,
            "research_to_sale_ratio": null,
            "price_fair": 28.7,
            "eps_avg_yearly": 0.82,
            "eps_latest_yearly": 1.44,
            "eps_growth_yearly": 1060
        },
        "20043": {
            "year_quarter": 20043,
            "year": 2004,
            "quarter": 3,
            "eps": 0.38,
            "eps_growth_year": null,
            "eps_4q": 1.29,
            "eps_4q_growth_year": null,
            "roe": 3.38,
            "roe_4q": 11.95,
            "gross_profit": 101970,
            "gross_margin": 25.42,
            "gross_margin_4q_avg": 24.02,
            "net_income": 27050,
            "revenue": 401082,
            "common_shares": 729957,
            "book_valuer_per_share": 11.14,
            "book_valuer_per_share_4q_avg": 10.68,
            "equity": 813107,
            "current_ratio": 155.99,
            "debt_ratio": 61.1,
            "inventory_turnover_ratio": 0.7,
            "account_receivable_turnover_ratio": null,
            "reinvestment_rate": null,
            "research_to_sale_ratio": null,
            "price_fair": 36.87,
            "eps_avg_yearly": 1.05,
            "eps_latest_yearly": 1.52,
            "eps_growth_yearly": 714.07
        },
        "20044": {
            "year_quarter": 20044,
            "year": 2004,
            "quarter": 4,
            "eps": -0.31,
            "eps_growth_year": -162,
            "eps_4q": 0.48,
            "eps_4q_growth_year": 88.41,
            "roe": -2.77,
            "roe_4q": 4.39,
            "gross_profit": 77619,
            "gross_margin": 21.01,
            "gross_margin_4q_avg": 23.51,
            "net_income": -21993,
            "revenue": 369431,
            "common_shares": 729957,
            "book_valuer_per_share": 10.65,
            "book_valuer_per_share_4q_avg": 10.74,
            "equity": 777459,
            "current_ratio": 143.06,
            "debt_ratio": 61.78,
            "inventory_turnover_ratio": 0.51,
            "account_receivable_turnover_ratio": null,
            "reinvestment_rate": null,
            "research_to_sale_ratio": null,
            "price_fair": 36.87,
            "eps_avg_yearly": 1.05,
            "eps_latest_yearly": 1.52,
            "eps_growth_yearly": 714.07
        },
        "20051": {
            "year_quarter": 20051,
            "year": 2005,
            "quarter": 1,
            "eps": -0.25,
            "eps_growth_year": -600,
            "eps_4q": 0.19,
            "eps_4q_growth_year": -55.93,
            "roe": -2.27,
            "roe_4q": 1.6599999999999997,
            "gross_profit": 54725,
            "gross_margin": 17.76,
            "gross_margin_4q_avg": 21.68,
            "net_income": -17448,
            "revenue": 308173,
            "common_shares": 729957,
            "book_valuer_per_share": 10.39,
            "book_valuer_per_share_4q_avg": 10.74,
            "equity": 758619,
            "current_ratio": 128.99,
            "debt_ratio": 60.66,
            "inventory_turnover_ratio": 0.46,
            "account_receivable_turnover_ratio": null,
            "reinvestment_rate": null,
            "research_to_sale_ratio": null,
            "price_fair": 36.87,
            "eps_avg_yearly": 1.05,
            "eps_latest_yearly": 1.52,
            "eps_growth_yearly": 714.07
        },
        "20052": {
            "year_quarter": 20052,
            "year": 2005,
            "quarter": 2,
            "eps": 0.29,
            "eps_growth_year": -19.44,
            "eps_4q": 0.12,
            "eps_4q_growth_year": -84.2,
            "roe": 2.7,
            "roe_4q": 1.04,
            "gross_profit": 73675,
            "gross_margin": 17.83,
            "gross_margin_4q_avg": 20.51,
            "net_income": 20735,
            "revenue": 413148,
            "common_shares": 729957,
            "book_valuer_per_share": 10.68,
            "book_valuer_per_share_4q_avg": 10.72,
            "equity": 779884,
            "current_ratio": 141.48,
            "debt_ratio": 60.1,
            "inventory_turnover_ratio": 0.88,
            "account_receivable_turnover_ratio": null,
            "reinvestment_rate": null,
            "research_to_sale_ratio": null,
            "price_fair": 36.87,
            "eps_avg_yearly": 1.05,
            "eps_latest_yearly": 1.52,
            "eps_growth_yearly": 714.07
        },
        "20053": {
            "year_quarter": 20053,
            "year": 2005,
            "quarter": 3,
            "eps": 0.69,
            "eps_growth_year": 81.58,
            "eps_4q": 0.43,
            "eps_4q_growth_year": -66.73,
            "roe": 6.08,
            "roe_4q": 3.7400000000000015,
            "gross_profit": 80716,
            "gross_margin": 23.13,
            "gross_margin_4q_avg": 19.93,
            "net_income": 49209,
            "revenue": 349034,
            "common_shares": 729957,
            "book_valuer_per_share": 11.5,
            "book_valuer_per_share_4q_avg": 10.81,
            "equity": 839651,
            "current_ratio": 136.46,
            "debt_ratio": 60.07,
            "inventory_turnover_ratio": 0.66,
            "account_receivable_turnover_ratio": null,
            "reinvestment_rate": null,
            "research_to_sale_ratio": null,
            "price_fair": 51.8,
            "eps_avg_yearly": 1.48,
            "eps_latest_yearly": 2.76,
            "eps_growth_yearly": 673.49
        },
        "20054": {
            "year_quarter": 20054,
            "year": 2005,
            "quarter": 4,
            "eps": -0.13,
            "eps_growth_year": null,
            "eps_4q": 0.51,
            "eps_4q_growth_year": 6.08,
            "roe": -1.1,
            "roe_4q": 5.41,
            "gross_profit": 81177,
            "gross_margin": 21.8,
            "gross_margin_4q_avg": 20.13,
            "net_income": -9258,
            "revenue": 372328,
            "common_shares": 729957,
            "book_valuer_per_share": 10.87,
            "book_valuer_per_share_4q_avg": 10.86,
            "equity": 841862,
            "current_ratio": 145.81,
            "debt_ratio": 64.18,
            "inventory_turnover_ratio": 0.44,
            "account_receivable_turnover_ratio": null,
            "reinvestment_rate": null,
            "research_to_sale_ratio": null,
            "price_fair": 51.8,
            "eps_avg_yearly": 1.48,
            "eps_latest_yearly": 2.76,
            "eps_growth_yearly": 673.49
        },
        "20061": {
            "year_quarter": 20061,
            "year": 2006,
            "quarter": 1,
            "eps": 0.4,
            "eps_growth_year": null,
            "eps_4q": 1.29,
            "eps_4q_growth_year": 583.35,
            "roe": 3.28,
            "roe_4q": 10.96,
            "gross_profit": 92522,
            "gross_margin": 24.31,
            "gross_margin_4q_avg": 21.77,
            "net_income": 27143,
            "revenue": 380613,
            "common_shares": 718697,
            "book_valuer_per_share": 11.33,
            "book_valuer_per_share_4q_avg": 11.1,
            "equity": 814436,
            "current_ratio": 204.78,
            "debt_ratio": 59.76,
            "inventory_turnover_ratio": 0.45,
            "account_receivable_turnover_ratio": null,
            "reinvestment_rate": null,
            "research_to_sale_ratio": null,
            "price_fair": 51.8,
            "eps_avg_yearly": 1.48,
            "eps_latest_yearly": 2.76,
            "eps_growth_yearly": 673.49
        },
        "20062": {
            "year_quarter": 20062,
            "year": 2006,
            "quarter": 2,
            "eps": 0.72,
            "eps_growth_year": 148.28,
            "eps_4q": 1.71,
            "eps_4q_growth_year": 1368.09,
            "roe": 6.1,
            "roe_4q": 14.36,
            "gross_profit": 91157,
            "gross_margin": 21.9,
            "gross_margin_4q_avg": 22.79,
            "net_income": 48636,
            "revenue": 416262,
            "common_shares": 695037,
            "book_valuer_per_share": 11.24,
            "book_valuer_per_share_4q_avg": 11.24,
            "equity": 781074,
            "current_ratio": 193.22,
            "debt_ratio": 61.1,
            "inventory_turnover_ratio": 0.75,
            "account_receivable_turnover_ratio": null,
            "reinvestment_rate": -443.44,
            "research_to_sale_ratio": null,
            "price_fair": 61.6,
            "eps_avg_yearly": 1.76,
            "eps_latest_yearly": 2.88,
            "eps_growth_yearly": 602.79
        },
        "20063": {
            "year_quarter": 20063,
            "year": 2006,
            "quarter": 3,
            "eps": 0.46,
            "eps_growth_year": -33.33,
            "eps_4q": 1.48,
            "eps_4q_growth_year": 245.33,
            "roe": 3.76,
            "roe_4q": 12.04,
            "gross_profit": 122419,
            "gross_margin": 26.6,
            "gross_margin_4q_avg": 23.65,
            "net_income": 30088,
            "revenue": 460299,
            "common_shares": 695037,
            "book_valuer_per_share": 11.76,
            "book_valuer_per_share_4q_avg": 11.3,
            "equity": 817594,
            "current_ratio": 211.6,
            "debt_ratio": 58.81,
            "inventory_turnover_ratio": 0.75,
            "account_receivable_turnover_ratio": null,
            "reinvestment_rate": -155.36,
            "research_to_sale_ratio": null,
            "price_fair": 62.07,
            "eps_avg_yearly": 1.77,
            "eps_latest_yearly": 1.84,
            "eps_growth_yearly": 478.25
        },
        "20064": {
            "year_quarter": 20064,
            "year": 2006,
            "quarter": 4,
            "eps": 0.49,
            "eps_growth_year": null,
            "eps_4q": 2.07,
            "eps_4q_growth_year": 307,
            "roe": 3.81,
            "roe_4q": 16.95,
            "gross_profit": 114295,
            "gross_margin": 25.59,
            "gross_margin_4q_avg": 24.6,
            "net_income": 32785,
            "revenue": 446602,
            "common_shares": 673823,
            "book_valuer_per_share": 12.57,
            "book_valuer_per_share_4q_avg": 11.73,
            "equity": 905073,
            "current_ratio": 191.17,
            "debt_ratio": 62.31,
            "inventory_turnover_ratio": 0.48,
            "account_receivable_turnover_ratio": null,
            "reinvestment_rate": -8.74,
            "research_to_sale_ratio": null,
            "price_fair": 63,
            "eps_avg_yearly": 1.8,
            "eps_latest_yearly": 1.96,
            "eps_growth_yearly": 413.66
        },
        "20071": {
            "year_quarter": 20071,
            "year": 2007,
            "quarter": 1,
            "eps": 0.89,
            "eps_growth_year": 122.5,
            "eps_4q": 2.58,
            "eps_4q_growth_year": 99.35,
            "roe": 6.46,
            "roe_4q": 20.13,
            "gross_profit": 112921,
            "gross_margin": 28.51,
            "gross_margin_4q_avg": 25.65,
            "net_income": 58714,
            "revenue": 396035,
            "common_shares": 673823,
            "book_valuer_per_share": 13.54,
            "book_valuer_per_share_4q_avg": 12.28,
            "equity": 912329,
            "current_ratio": 228.02,
            "debt_ratio": 55.22,
            "inventory_turnover_ratio": 0.41,
            "account_receivable_turnover_ratio": null,
            "reinvestment_rate": -29.85,
            "research_to_sale_ratio": null,
            "price_fair": 70.7,
            "eps_avg_yearly": 2.02,
            "eps_latest_yearly": 3.56,
            "eps_growth_yearly": 402.76
        },
        "20072": {
            "year_quarter": 20072,
            "year": 2007,
            "quarter": 2,
            "eps": 0.49,
            "eps_growth_year": -31.94,
            "eps_4q": 2.33,
            "eps_4q_growth_year": 36.27,
            "roe": 3.7,
            "roe_4q": 17.73,
            "gross_profit": 95094,
            "gross_margin": 24.22,
            "gross_margin_4q_avg": 26.23,
            "net_income": 32298,
            "revenue": 392640,
            "common_shares": 673823,
            "book_valuer_per_share": 12.4,
            "book_valuer_per_share_4q_avg": 12.57,
            "equity": 835289,
            "current_ratio": 156.74,
            "debt_ratio": 63.04,
            "inventory_turnover_ratio": 0.69,
            "account_receivable_turnover_ratio": null,
            "reinvestment_rate": -24.45,
            "research_to_sale_ratio": null,
            "price_fair": 70.47,
            "eps_avg_yearly": 2.01,
            "eps_latest_yearly": 1.96,
            "eps_growth_yearly": 338.04
        },
        "20073": {
            "year_quarter": 20073,
            "year": 2007,
            "quarter": 3,
            "eps": 0.54,
            "eps_growth_year": 17.39,
            "eps_4q": 2.4,
            "eps_4q_growth_year": 62.67,
            "roe": 4.21,
            "roe_4q": 18.18,
            "gross_profit": 115293,
            "gross_margin": 26.8,
            "gross_margin_4q_avg": 26.28,
            "net_income": 35889,
            "revenue": 430195,
            "common_shares": 673823,
            "book_valuer_per_share": 12.93,
            "book_valuer_per_share_4q_avg": 12.86,
            "equity": 871338,
            "current_ratio": 159.38,
            "debt_ratio": 55.85,
            "inventory_turnover_ratio": 0.74,
            "account_receivable_turnover_ratio": null,
            "reinvestment_rate": -18.03,
            "research_to_sale_ratio": null,
            "price_fair": 70.98,
            "eps_avg_yearly": 2.03,
            "eps_latest_yearly": 2.16,
            "eps_growth_yearly": 308.32
        },
        "20074": {
            "year_quarter": 20074,
            "year": 2007,
            "quarter": 4,
            "eps": 0.64,
            "eps_growth_year": 30.61,
            "eps_4q": 2.55,
            "eps_4q_growth_year": 23.11,
            "roe": 4.62,
            "roe_4q": 18.990000000000002,
            "gross_profit": 120231,
            "gross_margin": 27.03,
            "gross_margin_4q_avg": 26.64,
            "net_income": 42497,
            "revenue": 444869,
            "common_shares": 673823,
            "book_valuer_per_share": 13.3,
            "book_valuer_per_share_4q_avg": 13.04,
            "equity": 968131,
            "current_ratio": 182.3,
            "debt_ratio": 60.15,
            "inventory_turnover_ratio": 0.48,
            "account_receivable_turnover_ratio": null,
            "reinvestment_rate": -1.11,
            "research_to_sale_ratio": null,
            "price_fair": 72.67,
            "eps_avg_yearly": 2.08,
            "eps_latest_yearly": 2.56,
            "eps_growth_yearly": 287.02
        },
        "20081": {
            "year_quarter": 20081,
            "year": 2008,
            "quarter": 1,
            "eps": 0.41,
            "eps_growth_year": -53.93,
            "eps_4q": 1.82,
            "eps_4q_growth_year": -29.3,
            "roe": 3.1,
            "roe_4q": 15.629999999999999,
            "gross_profit": 181787,
            "gross_margin": 30.15,
            "gross_margin_4q_avg": 27.05,
            "net_income": 30943,
            "revenue": 603008,
            "common_shares": 673823,
            "book_valuer_per_share": 13.61,
            "book_valuer_per_share_4q_avg": 13.06,
            "equity": 1029459,
            "current_ratio": 174.84,
            "debt_ratio": 59.93,
            "inventory_turnover_ratio": 0.47,
            "account_receivable_turnover_ratio": null,
            "reinvestment_rate": 18.26,
            "research_to_sale_ratio": null,
            "price_fair": 77.25,
            "eps_avg_yearly": 2.21,
            "eps_latest_yearly": 1.64,
            "eps_growth_yearly": 306.68
        },
        "20082": {
            "year_quarter": 20082,
            "year": 2008,
            "quarter": 2,
            "eps": 0.22,
            "eps_growth_year": -55.1,
            "eps_4q": 1.68,
            "eps_4q_growth_year": -28.11,
            "roe": 1.61,
            "roe_4q": 13.54,
            "gross_profit": 168119,
            "gross_margin": 26.4,
            "gross_margin_4q_avg": 27.6,
            "net_income": 15719,
            "revenue": 636784,
            "common_shares": 660003,
            "book_valuer_per_share": 12.26,
            "book_valuer_per_share_4q_avg": 13.03,
            "equity": 918922,
            "current_ratio": 159.83,
            "debt_ratio": 62.72,
            "inventory_turnover_ratio": 0.51,
            "account_receivable_turnover_ratio": null,
            "reinvestment_rate": 19.57,
            "research_to_sale_ratio": null,
            "price_fair": 75.47,
            "eps_avg_yearly": 2.16,
            "eps_latest_yearly": 0.88,
            "eps_growth_yearly": 64.37
        },
        "20083": {
            "year_quarter": 20083,
            "year": 2008,
            "quarter": 3,
            "eps": 0.25,
            "eps_growth_year": -53.7,
            "eps_4q": 1.67,
            "eps_4q_growth_year": -30.49,
            "roe": 1.61,
            "roe_4q": 10.940000000000001,
            "gross_profit": 174153,
            "gross_margin": 25.61,
            "gross_margin_4q_avg": 27.3,
            "net_income": 15092,
            "revenue": 679963,
            "common_shares": 660003,
            "book_valuer_per_share": 12.79,
            "book_valuer_per_share_4q_avg": 12.99,
            "equity": 952520,
            "current_ratio": 156.44,
            "debt_ratio": 62.64,
            "inventory_turnover_ratio": 0.51,
            "account_receivable_turnover_ratio": null,
            "reinvestment_rate": 24.04,
            "research_to_sale_ratio": null,
            "price_fair": 73.82,
            "eps_avg_yearly": 2.11,
            "eps_latest_yearly": 1,
            "eps_growth_yearly": 67.31
        },
        "20084": {
            "year_quarter": 20084,
            "year": 2008,
            "quarter": 4,
            "eps": -0.31,
            "eps_growth_year": -148.44,
            "eps_4q": 0.61,
            "eps_4q_growth_year": -76.04,
            "roe": -2.93,
            "roe_4q": 3.39,
            "gross_profit": 91948,
            "gross_margin": 22.46,
            "gross_margin_4q_avg": 26.16,
            "net_income": -26713,
            "revenue": 409472,
            "common_shares": 660003,
            "book_valuer_per_share": 11.99,
            "book_valuer_per_share_4q_avg": 12.66,
            "equity": 870882,
            "current_ratio": 205.25,
            "debt_ratio": 62.1,
            "inventory_turnover_ratio": 0.31,
            "account_receivable_turnover_ratio": 2.81,
            "reinvestment_rate": 16.49,
            "research_to_sale_ratio": null,
            "price_fair": 73.82,
            "eps_avg_yearly": 2.11,
            "eps_latest_yearly": 1,
            "eps_growth_yearly": 67.31
        },
        "20091": {
            "year_quarter": 20091,
            "year": 2009,
            "quarter": 1,
            "eps": -0.3,
            "eps_growth_year": -173.17,
            "eps_4q": -0.13,
            "eps_4q_growth_year": -107.31,
            "roe": -2.68,
            "roe_4q": -2.3899999999999997,
            "gross_profit": 53798,
            "gross_margin": 21.94,
            "gross_margin_4q_avg": 24.1,
            "net_income": -23500,
            "revenue": 245231,
            "common_shares": 660003,
            "book_valuer_per_share": 12.27,
            "book_valuer_per_share_4q_avg": 12.33,
            "equity": 883384,
            "current_ratio": 273.65,
            "debt_ratio": 60.03,
            "inventory_turnover_ratio": 0.2,
            "account_receivable_turnover_ratio": 0.9,
            "reinvestment_rate": 25.3,
            "research_to_sale_ratio": null,
            "price_fair": 73.82,
            "eps_avg_yearly": 2.11,
            "eps_latest_yearly": 1,
            "eps_growth_yearly": 67.31
        },
        "20092": {
            "year_quarter": 20092,
            "year": 2009,
            "quarter": 2,
            "eps": -0.82,
            "eps_growth_year": -472.73,
            "eps_4q": -1.18,
            "eps_4q_growth_year": -170.11,
            "roe": -6.75,
            "roe_4q": -10.75,
            "gross_profit": 39378,
            "gross_margin": 23.97,
            "gross_margin_4q_avg": 23.5,
            "net_income": -56325,
            "revenue": 164300,
            "common_shares": 648803,
            "book_valuer_per_share": 11.03,
            "book_valuer_per_share_4q_avg": 12.02,
            "equity": 785354,
            "current_ratio": 288.79,
            "debt_ratio": 60.85,
            "inventory_turnover_ratio": 0.14,
            "account_receivable_turnover_ratio": 0.71,
            "reinvestment_rate": 31.84,
            "research_to_sale_ratio": null,
            "price_fair": 73.82,
            "eps_avg_yearly": 2.11,
            "eps_latest_yearly": 1,
            "eps_growth_yearly": 67.31
        },
        "20093": {
            "year_quarter": 20093,
            "year": 2009,
            "quarter": 3,
            "eps": -0.67,
            "eps_growth_year": -368,
            "eps_4q": -2.1,
            "eps_4q_growth_year": -225.9,
            "roe": -6.03,
            "roe_4q": -18.39,
            "gross_profit": 21303,
            "gross_margin": 6.93,
            "gross_margin_4q_avg": 18.83,
            "net_income": -45861,
            "revenue": 307268,
            "common_shares": 648803,
            "book_valuer_per_share": 10.3,
            "book_valuer_per_share_4q_avg": 11.4,
            "equity": 735464,
            "current_ratio": 259.62,
            "debt_ratio": 62.95,
            "inventory_turnover_ratio": 0.35,
            "account_receivable_turnover_ratio": 1.51,
            "reinvestment_rate": 39.29,
            "research_to_sale_ratio": null,
            "price_fair": 59.01,
            "eps_avg_yearly": 2.04,
            "eps_latest_yearly": 1,
            "eps_growth_yearly": 18.87
        },
        "20094": {
            "year_quarter": 20094,
            "year": 2009,
            "quarter": 4,
            "eps": -0.42,
            "eps_growth_year": null,
            "eps_4q": -2.2,
            "eps_4q_growth_year": -460.48,
            "roe": -3.64,
            "roe_4q": -19.1,
            "gross_profit": 51830,
            "gross_margin": 14.82,
            "gross_margin_4q_avg": 16.92,
            "net_income": -26818,
            "revenue": 349679,
            "common_shares": 648803,
            "book_valuer_per_share": 10.32,
            "book_valuer_per_share_4q_avg": 10.98,
            "equity": 737633,
            "current_ratio": 247.91,
            "debt_ratio": 61.51,
            "inventory_turnover_ratio": 0.39,
            "account_receivable_turnover_ratio": 2.88,
            "reinvestment_rate": 25.35,
            "research_to_sale_ratio": null,
            "price_fair": 59.01,
            "eps_avg_yearly": 2.04,
            "eps_latest_yearly": 1,
            "eps_growth_yearly": 18.87
        },
        "20101": {
            "year_quarter": 20101,
            "year": 2010,
            "quarter": 1,
            "eps": -0.28,
            "eps_growth_year": null,
            "eps_4q": -2.18,
            "eps_4q_growth_year": null,
            "roe": -2.47,
            "roe_4q": -18.89,
            "gross_profit": 69245,
            "gross_margin": 19.84,
            "gross_margin_4q_avg": 16.39,
            "net_income": -18003,
            "revenue": 349103,
            "common_shares": 648803,
            "book_valuer_per_share": 10.03,
            "book_valuer_per_share_4q_avg": 10.42,
            "equity": 718773,
            "current_ratio": 159.67,
            "debt_ratio": 65.82,
            "inventory_turnover_ratio": 0.37,
            "account_receivable_turnover_ratio": 1.28,
            "reinvestment_rate": 76.66,
            "research_to_sale_ratio": 4.26,
            "price_fair": 59.01,
            "eps_avg_yearly": 2.04,
            "eps_latest_yearly": 1,
            "eps_growth_yearly": 18.87
        },
        "20102": {
            "year_quarter": 20102,
            "year": 2010,
            "quarter": 2,
            "eps": 0.16,
            "eps_growth_year": null,
            "eps_4q": -1.2,
            "eps_4q_growth_year": null,
            "roe": 1.71,
            "roe_4q": -10.43,
            "gross_profit": 120681,
            "gross_margin": 23.42,
            "gross_margin_4q_avg": 16.25,
            "net_income": 12496,
            "revenue": 515349,
            "common_shares": 648803,
            "book_valuer_per_share": 10.33,
            "book_valuer_per_share_4q_avg": 10.25,
            "equity": 739987,
            "current_ratio": 151.62,
            "debt_ratio": 67.57,
            "inventory_turnover_ratio": 0.5,
            "account_receivable_turnover_ratio": 1.58,
            "reinvestment_rate": 100.03,
            "research_to_sale_ratio": 2.54,
            "price_fair": 5.85,
            "eps_avg_yearly": 1.95,
            "eps_latest_yearly": 1,
            "eps_growth_yearly": -14.59
        },
        "20103": {
            "year_quarter": 20103,
            "year": 2010,
            "quarter": 3,
            "eps": 0.06,
            "eps_growth_year": null,
            "eps_4q": -0.47,
            "eps_4q_growth_year": null,
            "roe": 0.85,
            "roe_4q": -3.5500000000000003,
            "gross_profit": 114736,
            "gross_margin": 21.33,
            "gross_margin_4q_avg": 19.85,
            "net_income": 6285,
            "revenue": 537809,
            "common_shares": 648803,
            "book_valuer_per_share": 10.24,
            "book_valuer_per_share_4q_avg": 10.23,
            "equity": 736100,
            "current_ratio": 143.52,
            "debt_ratio": 69.55,
            "inventory_turnover_ratio": 0.47,
            "account_receivable_turnover_ratio": 1.57,
            "reinvestment_rate": 127.53,
            "research_to_sale_ratio": 3.61,
            "price_fair": 5.32,
            "eps_avg_yearly": 1.77,
            "eps_latest_yearly": 0.24,
            "eps_growth_yearly": -26.32
        },
        "20104": {
            "year_quarter": 20104,
            "year": 2010,
            "quarter": 4,
            "eps": -0.59,
            "eps_growth_year": null,
            "eps_4q": -0.64,
            "eps_4q_growth_year": null,
            "roe": -4.85,
            "roe_4q": -4.76,
            "gross_profit": 116029,
            "gross_margin": 20.16,
            "gross_margin_4q_avg": 21.19,
            "net_income": -34492,
            "revenue": 575447,
            "common_shares": 648803,
            "book_valuer_per_share": 9.39,
            "book_valuer_per_share_4q_avg": 10,
            "equity": 685122,
            "current_ratio": 186.76,
            "debt_ratio": 71.64,
            "inventory_turnover_ratio": 0.44,
            "account_receivable_turnover_ratio": 1.65,
            "reinvestment_rate": 106.78,
            "research_to_sale_ratio": 2.5,
            "price_fair": 5.25,
            "eps_avg_yearly": 1.75,
            "eps_latest_yearly": 0.24,
            "eps_growth_yearly": -32.87
        },
        "20111": {
            "year_quarter": 20111,
            "year": 2011,
            "quarter": 1,
            "eps": 0.14,
            "eps_growth_year": null,
            "eps_4q": -0.22,
            "eps_4q_growth_year": null,
            "roe": 1.98,
            "roe_4q": -0.3099999999999996,
            "gross_profit": 136887,
            "gross_margin": 20.29,
            "gross_margin_4q_avg": 21.3,
            "net_income": 13706,
            "revenue": 674770,
            "common_shares": 648803,
            "book_valuer_per_share": 9.51,
            "book_valuer_per_share_4q_avg": 9.87,
            "equity": 697296,
            "current_ratio": 164.5,
            "debt_ratio": 75.32,
            "inventory_turnover_ratio": 0.47,
            "account_receivable_turnover_ratio": 1.58,
            "reinvestment_rate": null,
            "research_to_sale_ratio": 2.94,
            "price_fair": 4.47,
            "eps_avg_yearly": 1.49,
            "eps_latest_yearly": 0.24,
            "eps_growth_yearly": -84.21
        },
        "20112": {
            "year_quarter": 20112,
            "year": 2011,
            "quarter": 2,
            "eps": 0.15,
            "eps_growth_year": -9.03,
            "eps_4q": -0.24,
            "eps_4q_growth_year": null,
            "roe": 2.34,
            "roe_4q": 0.3200000000000006,
            "gross_profit": 156786,
            "gross_margin": 22.78,
            "gross_margin_4q_avg": 21.14,
            "net_income": 16419,
            "revenue": 688244,
            "common_shares": 648803,
            "book_valuer_per_share": 9.53,
            "book_valuer_per_share_4q_avg": 9.67,
            "equity": 703434,
            "current_ratio": 170.42,
            "debt_ratio": 76.84,
            "inventory_turnover_ratio": 0.41,
            "account_receivable_turnover_ratio": 1.36,
            "reinvestment_rate": null,
            "research_to_sale_ratio": 2.52,
            "price_fair": 3.89,
            "eps_avg_yearly": 1.3,
            "eps_latest_yearly": 0.6,
            "eps_growth_yearly": -54.44
        },
        "20113": {
            "year_quarter": 20113,
            "year": 2011,
            "quarter": 3,
            "eps": 0.55,
            "eps_growth_year": 761.34,
            "eps_4q": 0.25,
            "eps_4q_growth_year": null,
            "roe": 5.89,
            "roe_4q": 5.360000000000001,
            "gross_profit": 183829,
            "gross_margin": 22.41,
            "gross_margin_4q_avg": 21.41,
            "net_income": 43500,
            "revenue": 820256,
            "common_shares": 648803,
            "book_valuer_per_share": 10.47,
            "book_valuer_per_share_4q_avg": 9.73,
            "equity": 772569,
            "current_ratio": 168.4,
            "debt_ratio": 75.91,
            "inventory_turnover_ratio": 0.44,
            "account_receivable_turnover_ratio": 1.38,
            "reinvestment_rate": null,
            "research_to_sale_ratio": 3.45,
            "price_fair": 45.6,
            "eps_avg_yearly": 1.3,
            "eps_latest_yearly": 2.2,
            "eps_growth_yearly": 92.11
        },
        "20114": {
            "year_quarter": 20114,
            "year": 2011,
            "quarter": 4,
            "eps": 0.44,
            "eps_growth_year": null,
            "eps_4q": 1.28,
            "eps_4q_growth_year": null,
            "roe": 4.67,
            "roe_4q": 14.879999999999999,
            "gross_profit": 227549,
            "gross_margin": 26.42,
            "gross_margin_4q_avg": 22.98,
            "net_income": 37038,
            "revenue": 861383,
            "common_shares": 648803,
            "book_valuer_per_share": 10.97,
            "book_valuer_per_share_4q_avg": 10.12,
            "equity": 813348,
            "current_ratio": 181.73,
            "debt_ratio": 72.66,
            "inventory_turnover_ratio": 0.43,
            "account_receivable_turnover_ratio": 1.4,
            "reinvestment_rate": null,
            "research_to_sale_ratio": 1.71,
            "price_fair": 41.6,
            "eps_avg_yearly": 1.19,
            "eps_latest_yearly": 1.76,
            "eps_growth_yearly": 70.1
        },
        "20121": {
            "year_quarter": 20121,
            "year": 2012,
            "quarter": 1,
            "eps": 0.15,
            "eps_growth_year": 7.14,
            "eps_4q": 1.09,
            "eps_4q_growth_year": null,
            "roe": 2.03,
            "roe_4q": 14.93,
            "gross_profit": 167434,
            "gross_margin": 25.09,
            "gross_margin_4q_avg": 24.18,
            "net_income": 17936,
            "revenue": 667394,
            "common_shares": 768803,
            "book_valuer_per_share": 10.96,
            "book_valuer_per_share_4q_avg": 10.48,
            "equity": 952154,
            "current_ratio": 187.7,
            "debt_ratio": 68.08,
            "inventory_turnover_ratio": 0.34,
            "account_receivable_turnover_ratio": 1.38,
            "reinvestment_rate": null,
            "research_to_sale_ratio": 3.14,
            "price_fair": 36.4,
            "eps_avg_yearly": 1.04,
            "eps_latest_yearly": 0.6,
            "eps_growth_yearly": 52.97
        },
        "20122": {
            "year_quarter": 20122,
            "year": 2012,
            "quarter": 2,
            "eps": 0.36,
            "eps_growth_year": 143.01,
            "eps_4q": 1.33,
            "eps_4q_growth_year": null,
            "roe": 3.59,
            "roe_4q": 16.18,
            "gross_profit": 180088,
            "gross_margin": 24.23,
            "gross_margin_4q_avg": 24.54,
            "net_income": 34752,
            "revenue": 743314,
            "common_shares": 768803,
            "book_valuer_per_share": 11.33,
            "book_valuer_per_share_4q_avg": 10.93,
            "equity": 981711,
            "current_ratio": 201.74,
            "debt_ratio": 65.44,
            "inventory_turnover_ratio": 0.39,
            "account_receivable_turnover_ratio": 1.53,
            "reinvestment_rate": null,
            "research_to_sale_ratio": 2.21,
            "price_fair": 39.2,
            "eps_avg_yearly": 1.12,
            "eps_latest_yearly": 1.44,
            "eps_growth_yearly": 159.45
        },
        "20123": {
            "year_quarter": 20123,
            "year": 2012,
            "quarter": 3,
            "eps": 0.03,
            "eps_growth_year": -95.43,
            "eps_4q": 0.89,
            "eps_4q_growth_year": 251.5,
            "roe": 0.75,
            "roe_4q": 11.04,
            "gross_profit": 151080,
            "gross_margin": 21.27,
            "gross_margin_4q_avg": 24.25,
            "net_income": 7374,
            "revenue": 710240,
            "common_shares": 768803,
            "book_valuer_per_share": 11.3,
            "book_valuer_per_share_4q_avg": 11.14,
            "equity": 984449,
            "current_ratio": 183.53,
            "debt_ratio": 66.81,
            "inventory_turnover_ratio": 0.4,
            "account_receivable_turnover_ratio": 1.39,
            "reinvestment_rate": null,
            "research_to_sale_ratio": 3.58,
            "price_fair": 34.8,
            "eps_avg_yearly": 0.99,
            "eps_latest_yearly": 0.12,
            "eps_growth_yearly": 99.28
        },
        "20124": {
            "year_quarter": 20124,
            "year": 2012,
            "quarter": 4,
            "eps": -0.21,
            "eps_growth_year": -148.09,
            "eps_4q": 0.31,
            "eps_4q_growth_year": -75.84,
            "roe": -1.12,
            "roe_4q": 5.25,
            "gross_profit": 148627,
            "gross_margin": 29.68,
            "gross_margin_4q_avg": 25.07,
            "net_income": -10896,
            "revenue": 500753,
            "common_shares": 768803,
            "book_valuer_per_share": 10.87,
            "book_valuer_per_share_4q_avg": 11.12,
            "equity": 956944,
            "current_ratio": 236.66,
            "debt_ratio": 67.41,
            "inventory_turnover_ratio": 0.25,
            "account_receivable_turnover_ratio": 0.95,
            "reinvestment_rate": null,
            "research_to_sale_ratio": 2.75,
            "price_fair": 34.8,
            "eps_avg_yearly": 0.99,
            "eps_latest_yearly": 0.12,
            "eps_growth_yearly": 99.28
        },
        "20131": {
            "year_quarter": 20131,
            "year": 2013,
            "quarter": 1,
            "eps": -0.16,
            "eps_growth_year": -206.67,
            "eps_4q": 0.02,
            "eps_4q_growth_year": -98.21,
            "roe": -0.85,
            "roe_4q": 2.3699999999999997,
            "gross_profit": 112933,
            "gross_margin": 23.37,
            "gross_margin_4q_avg": 24.64,
            "net_income": -8166,
            "revenue": 483274,
            "common_shares": 768803,
            "book_valuer_per_share": 10.86,
            "book_valuer_per_share_4q_avg": 11.09,
            "equity": 959903,
            "current_ratio": 277.04,
            "debt_ratio": 68.14,
            "inventory_turnover_ratio": 0.26,
            "account_receivable_turnover_ratio": 0.93,
            "reinvestment_rate": null,
            "research_to_sale_ratio": 3.95,
            "price_fair": 34.8,
            "eps_avg_yearly": 0.99,
            "eps_latest_yearly": 0.12,
            "eps_growth_yearly": 99.28
        },
        "20132": {
            "year_quarter": 20132,
            "year": 2013,
            "quarter": 2,
            "eps": -0.2,
            "eps_growth_year": -155.36,
            "eps_4q": -0.54,
            "eps_4q_growth_year": -140.65,
            "roe": -0.88,
            "roe_4q": -2.1,
            "gross_profit": 129422,
            "gross_margin": 24.97,
            "gross_margin_4q_avg": 24.82,
            "net_income": -8377,
            "revenue": 518362,
            "common_shares": 768803,
            "book_valuer_per_share": 10.76,
            "book_valuer_per_share_4q_avg": 10.95,
            "equity": 953178,
            "current_ratio": 228.21,
            "debt_ratio": 69.55,
            "inventory_turnover_ratio": 0.27,
            "account_receivable_turnover_ratio": 1.29,
            "reinvestment_rate": null,
            "research_to_sale_ratio": 3.88,
            "price_fair": 34.8,
            "eps_avg_yearly": 0.99,
            "eps_latest_yearly": 0.12,
            "eps_growth_yearly": 99.28
        },
        "20133": {
            "year_quarter": 20133,
            "year": 2013,
            "quarter": 3,
            "eps": -0.26,
            "eps_growth_year": -1128.77,
            "eps_4q": -0.83,
            "eps_4q_growth_year": -193.22,
            "roe": -1.41,
            "roe_4q": -4.26,
            "gross_profit": 124613,
            "gross_margin": 22.01,
            "gross_margin_4q_avg": 25.01,
            "net_income": -13280,
            "revenue": 566188,
            "common_shares": 768803,
            "book_valuer_per_share": 10.41,
            "book_valuer_per_share_4q_avg": 10.73,
            "equity": 932729,
            "current_ratio": 244.46,
            "debt_ratio": 71.39,
            "inventory_turnover_ratio": 0.29,
            "account_receivable_turnover_ratio": 1.44,
            "reinvestment_rate": null,
            "research_to_sale_ratio": 3.36,
            "price_fair": 34.8,
            "eps_avg_yearly": 0.99,
            "eps_latest_yearly": 0.12,
            "eps_growth_yearly": 99.28
        },
        "20134": {
            "year_quarter": 20134,
            "year": 2013,
            "quarter": 4,
            "eps": 0.02,
            "eps_growth_year": null,
            "eps_4q": -0.6,
            "eps_4q_growth_year": -293.15,
            "roe": 0.68,
            "roe_4q": -2.46,
            "gross_profit": 158123,
            "gross_margin": 21.57,
            "gross_margin_4q_avg": 22.98,
            "net_income": 6360,
            "revenue": 733048,
            "common_shares": 768803,
            "book_valuer_per_share": 10.53,
            "book_valuer_per_share_4q_avg": 10.64,
            "equity": 946686,
            "current_ratio": 288.61,
            "debt_ratio": 69.61,
            "inventory_turnover_ratio": 0.39,
            "account_receivable_turnover_ratio": 1.63,
            "reinvestment_rate": 215.6,
            "research_to_sale_ratio": 2.89,
            "price_fair": 34.8,
            "eps_avg_yearly": 0.99,
            "eps_latest_yearly": 0.12,
            "eps_growth_yearly": 99.28
        },
        "20141": {
            "year_quarter": 20141,
            "year": 2014,
            "quarter": 1,
            "eps": -0.06,
            "eps_growth_year": null,
            "eps_4q": -0.5,
            "eps_4q_growth_year": -2657.29,
            "roe": 0.4,
            "roe_4q": -1.21,
            "gross_profit": 129836,
            "gross_margin": 23.3,
            "gross_margin_4q_avg": 22.96,
            "net_income": 3823,
            "revenue": 557334,
            "common_shares": 768803,
            "book_valuer_per_share": 10.47,
            "book_valuer_per_share_4q_avg": 10.54,
            "equity": 950783,
            "current_ratio": 277.28,
            "debt_ratio": 69.47,
            "inventory_turnover_ratio": 0.31,
            "account_receivable_turnover_ratio": 1.2,
            "reinvestment_rate": 261.08,
            "research_to_sale_ratio": 3.15,
            "price_fair": 34.8,
            "eps_avg_yearly": 0.99,
            "eps_latest_yearly": 0.12,
            "eps_growth_yearly": 99.28
        },
        "20142": {
            "year_quarter": 20142,
            "year": 2014,
            "quarter": 2,
            "eps": 0.15,
            "eps_growth_year": null,
            "eps_4q": -0.16,
            "eps_4q_growth_year": null,
            "roe": 2.01,
            "roe_4q": 1.68,
            "gross_profit": 161442,
            "gross_margin": 25.17,
            "gross_margin_4q_avg": 23.01,
            "net_income": 19086,
            "revenue": 641315,
            "common_shares": 768803,
            "book_valuer_per_share": 10.48,
            "book_valuer_per_share_4q_avg": 10.47,
            "equity": 952168,
            "current_ratio": 204.65,
            "debt_ratio": 70.24,
            "inventory_turnover_ratio": 0.34,
            "account_receivable_turnover_ratio": 1.32,
            "reinvestment_rate": 321.64,
            "research_to_sale_ratio": 2.18,
            "price_fair": 34.8,
            "eps_avg_yearly": 0.99,
            "eps_latest_yearly": 0.12,
            "eps_growth_yearly": 99.28
        },
        "20143": {
            "year_quarter": 20143,
            "year": 2014,
            "quarter": 3,
            "eps": 0.02,
            "eps_growth_year": null,
            "eps_4q": 0.13,
            "eps_4q_growth_year": null,
            "roe": 1.14,
            "roe_4q": 4.2299999999999995,
            "gross_profit": 144638,
            "gross_margin": 23.02,
            "gross_margin_4q_avg": 23.27,
            "net_income": 10989,
            "revenue": 628360,
            "common_shares": 768803,
            "book_valuer_per_share": 10.67,
            "book_valuer_per_share_4q_avg": 10.54,
            "equity": 976491,
            "current_ratio": 188.82,
            "debt_ratio": 70.48,
            "inventory_turnover_ratio": 0.33,
            "account_receivable_turnover_ratio": 1.28,
            "reinvestment_rate": 335.58,
            "research_to_sale_ratio": 2.79,
            "price_fair": 34,
            "eps_avg_yearly": 0.97,
            "eps_latest_yearly": 0.08,
            "eps_growth_yearly": 85.47
        },
        "20144": {
            "year_quarter": 20144,
            "year": 2014,
            "quarter": 4,
            "eps": 0.23,
            "eps_growth_year": 1002.75,
            "eps_4q": 0.34,
            "eps_4q_growth_year": null,
            "roe": 1.91,
            "roe_4q": 5.46,
            "gross_profit": 162821,
            "gross_margin": 25.21,
            "gross_margin_4q_avg": 24.18,
            "net_income": 19051,
            "revenue": 645945,
            "common_shares": 768803,
            "book_valuer_per_share": 11.25,
            "book_valuer_per_share_4q_avg": 10.72,
            "equity": 1021803,
            "current_ratio": 181.28,
            "debt_ratio": 70.03,
            "inventory_turnover_ratio": 0.32,
            "account_receivable_turnover_ratio": 1.33,
            "reinvestment_rate": 152.56,
            "research_to_sale_ratio": 3.95,
            "price_fair": 33.78,
            "eps_avg_yearly": 0.97,
            "eps_latest_yearly": 0.92,
            "eps_growth_yearly": 599.78
        },
        "20151": {
            "year_quarter": 20151,
            "year": 2015,
            "quarter": 1,
            "eps": 0.08,
            "eps_growth_year": null,
            "eps_4q": 0.48,
            "eps_4q_growth_year": null,
            "roe": 1.02,
            "roe_4q": 6.079999999999999,
            "gross_profit": 152653,
            "gross_margin": 24.99,
            "gross_margin_4q_avg": 24.6,
            "net_income": 10485,
            "revenue": 610848,
            "common_shares": 768803,
            "book_valuer_per_share": 11.24,
            "book_valuer_per_share_4q_avg": 10.91,
            "equity": 1037195,
            "current_ratio": 184.6,
            "debt_ratio": 70.05,
            "inventory_turnover_ratio": 0.3,
            "account_receivable_turnover_ratio": 1.09,
            "reinvestment_rate": 45.12,
            "research_to_sale_ratio": 2.8,
            "price_fair": 31.27,
            "eps_avg_yearly": 0.89,
            "eps_latest_yearly": 0.32,
            "eps_growth_yearly": 504.16
        },
        "20152": {
            "year_quarter": 20152,
            "year": 2015,
            "quarter": 2,
            "eps": 0.02,
            "eps_growth_year": -86.67,
            "eps_4q": 0.32,
            "eps_4q_growth_year": null,
            "roe": -0.02,
            "roe_4q": 4.05,
            "gross_profit": 141869,
            "gross_margin": 24.37,
            "gross_margin_4q_avg": 24.4,
            "net_income": -230,
            "revenue": 582244,
            "common_shares": 768803,
            "book_valuer_per_share": 11.1,
            "book_valuer_per_share_4q_avg": 11.07,
            "equity": 1017734,
            "current_ratio": 185,
            "debt_ratio": 69.06,
            "inventory_turnover_ratio": 0.29,
            "account_receivable_turnover_ratio": 1.06,
            "reinvestment_rate": 32.1,
            "research_to_sale_ratio": 3.13,
            "price_fair": 29.24,
            "eps_avg_yearly": 0.84,
            "eps_latest_yearly": 0.08,
            "eps_growth_yearly": 467.65
        },
        "20153": {
            "year_quarter": 20153,
            "year": 2015,
            "quarter": 3,
            "eps": 2.05,
            "eps_growth_year": 10150,
            "eps_4q": 2.34,
            "eps_4q_growth_year": 1746.5,
            "roe": 14.54,
            "roe_4q": 17.45,
            "gross_profit": 145106,
            "gross_margin": 28.84,
            "gross_margin_4q_avg": 25.85,
            "net_income": 162209,
            "revenue": 503208,
            "common_shares": 768803,
            "book_valuer_per_share": 13.59,
            "book_valuer_per_share_4q_avg": 11.8,
            "equity": 1213584,
            "current_ratio": 225.8,
            "debt_ratio": 60.58,
            "inventory_turnover_ratio": 0.24,
            "account_receivable_turnover_ratio": 1.11,
            "reinvestment_rate": 15.59,
            "research_to_sale_ratio": 3.18,
            "price_fair": 52.58,
            "eps_avg_yearly": 1.5,
            "eps_latest_yearly": 8.2,
            "eps_growth_yearly": 4860.24
        },
        "20154": {
            "year_quarter": 20154,
            "year": 2015,
            "quarter": 4,
            "eps": -0.48,
            "eps_growth_year": -306.92,
            "eps_4q": 1.63,
            "eps_4q_growth_year": 381.21,
            "roe": -3.25,
            "roe_4q": 12.29,
            "gross_profit": 102871,
            "gross_margin": 19.85,
            "gross_margin_4q_avg": 24.51,
            "net_income": -38129,
            "revenue": 518126,
            "common_shares": 768803,
            "book_valuer_per_share": 12.72,
            "book_valuer_per_share_4q_avg": 12.16,
            "equity": 1130824,
            "current_ratio": 214.78,
            "debt_ratio": 61.24,
            "inventory_turnover_ratio": 0.29,
            "account_receivable_turnover_ratio": 1.2,
            "reinvestment_rate": 21.41,
            "research_to_sale_ratio": 6.17,
            "price_fair": 51.45,
            "eps_avg_yearly": 1.47,
            "eps_latest_yearly": 8.2,
            "eps_growth_yearly": 5477.77
        },
        "20161": {
            "year_quarter": 20161,
            "year": 2016,
            "quarter": 1,
            "eps": -0.33,
            "eps_growth_year": -512.5,
            "eps_4q": 1.23,
            "eps_4q_growth_year": 157.26,
            "roe": -2.24,
            "roe_4q": 9.03,
            "gross_profit": 89987,
            "gross_margin": 25.74,
            "gross_margin_4q_avg": 24.7,
            "net_income": -24972,
            "revenue": 349650,
            "common_shares": 768803,
            "book_valuer_per_share": 12.3,
            "book_valuer_per_share_4q_avg": 12.43,
            "equity": 1098435,
            "current_ratio": 197.85,
            "debt_ratio": 61.3,
            "inventory_turnover_ratio": 0.2,
            "account_receivable_turnover_ratio": 0.87,
            "reinvestment_rate": 34.89,
            "research_to_sale_ratio": 5.19,
            "price_fair": 55.8,
            "eps_avg_yearly": 1.59,
            "eps_latest_yearly": 8.2,
            "eps_growth_yearly": 6297.97
        },
        "20162": {
            "year_quarter": 20162,
            "year": 2016,
            "quarter": 2,
            "eps": -0.13,
            "eps_growth_year": -750,
            "eps_4q": 1.1,
            "eps_4q_growth_year": 245.9,
            "roe": -0.95,
            "roe_4q": 8.099999999999998,
            "gross_profit": 97912,
            "gross_margin": 26.36,
            "gross_margin_4q_avg": 25.2,
            "net_income": -9456,
            "revenue": 371450,
            "common_shares": 768803,
            "book_valuer_per_share": 11.57,
            "book_valuer_per_share_4q_avg": 12.55,
            "equity": 889385,
            "current_ratio": 177.68,
            "debt_ratio": 65.35,
            "inventory_turnover_ratio": 0.22,
            "account_receivable_turnover_ratio": 1.2,
            "reinvestment_rate": 228.95,
            "research_to_sale_ratio": 6.12,
            "price_fair": 56.7,
            "eps_avg_yearly": 1.62,
            "eps_latest_yearly": 8.2,
            "eps_growth_yearly": 7254.3
        },
        "20163": {
            "year_quarter": 20163,
            "year": 2016,
            "quarter": 3,
            "eps": -0.41,
            "eps_growth_year": -120,
            "eps_4q": -1.35,
            "eps_4q_growth_year": -157.45,
            "roe": -3.61,
            "roe_4q": -10.05,
            "gross_profit": 100991,
            "gross_margin": 25.29,
            "gross_margin_4q_avg": 24.31,
            "net_income": -31214,
            "revenue": 399374,
            "common_shares": 768803,
            "book_valuer_per_share": 10.93,
            "book_valuer_per_share_4q_avg": 11.88,
            "equity": 840486,
            "current_ratio": 216.41,
            "debt_ratio": 65.6,
            "inventory_turnover_ratio": 0.26,
            "account_receivable_turnover_ratio": 1.62,
            "reinvestment_rate": 444.79,
            "research_to_sale_ratio": 3.71,
            "price_fair": 67.2,
            "eps_avg_yearly": 1.92,
            "eps_latest_yearly": 8.2,
            "eps_growth_yearly": 8778.49
        },
        "20164": {
            "year_quarter": 20164,
            "year": 2016,
            "quarter": 4,
            "eps": -0.05,
            "eps_growth_year": null,
            "eps_4q": -0.91,
            "eps_4q_growth_year": -155.93,
            "roe": -0.45,
            "roe_4q": -7.25,
            "gross_profit": 101665,
            "gross_margin": 25.06,
            "gross_margin_4q_avg": 25.61,
            "net_income": -3768,
            "revenue": 405747,
            "common_shares": 768803,
            "book_valuer_per_share": 10.91,
            "book_valuer_per_share_4q_avg": 11.43,
            "equity": 838999,
            "current_ratio": 251.18,
            "debt_ratio": 65.51,
            "inventory_turnover_ratio": 0.28,
            "account_receivable_turnover_ratio": 1.64,
            "reinvestment_rate": 302.77,
            "research_to_sale_ratio": 4.72,
            "price_fair": 67.2,
            "eps_avg_yearly": 1.92,
            "eps_latest_yearly": 8.2,
            "eps_growth_yearly": 8778.49
        },
        "20171": {
            "year_quarter": 20171,
            "year": 2017,
            "quarter": 1,
            "eps": -0.05,
            "eps_growth_year": null,
            "eps_4q": -0.63,
            "eps_4q_growth_year": -151.62,
            "roe": -0.45,
            "roe_4q": -5.46,
            "gross_profit": 94944,
            "gross_margin": 23.94,
            "gross_margin_4q_avg": 25.16,
            "net_income": -3691,
            "revenue": 396523,
            "common_shares": 768803,
            "book_valuer_per_share": 10.48,
            "book_valuer_per_share_4q_avg": 10.97,
            "equity": 805874,
            "current_ratio": 263.34,
            "debt_ratio": 66.95,
            "inventory_turnover_ratio": 0.28,
            "account_receivable_turnover_ratio": 1.4,
            "reinvestment_rate": 226.35,
            "research_to_sale_ratio": 3.84,
            "price_fair": 67.2,
            "eps_avg_yearly": 1.92,
            "eps_latest_yearly": 8.2,
            "eps_growth_yearly": 8778.49
        },
        "20172": {
            "year_quarter": 20172,
            "year": 2017,
            "quarter": 2,
            "eps": -0.23,
            "eps_growth_year": null,
            "eps_4q": -0.73,
            "eps_4q_growth_year": -166.43,
            "roe": -2.22,
            "roe_4q": -6.73,
            "gross_profit": 92069,
            "gross_margin": 22.57,
            "gross_margin_4q_avg": 24.22,
            "net_income": -17763,
            "revenue": 407938,
            "common_shares": 768803,
            "book_valuer_per_share": 10.36,
            "book_valuer_per_share_4q_avg": 10.67,
            "equity": 796768,
            "current_ratio": 235.36,
            "debt_ratio": 68.6,
            "inventory_turnover_ratio": 0.3,
            "account_receivable_turnover_ratio": 1.27,
            "reinvestment_rate": 167.41,
            "research_to_sale_ratio": 5.69,
            "price_fair": 67.2,
            "eps_avg_yearly": 1.92,
            "eps_latest_yearly": 8.2,
            "eps_growth_yearly": 8778.49
        },
        "20173": {
            "year_quarter": 20173,
            "year": 2017,
            "quarter": 3,
            "eps": 0.31,
            "eps_growth_year": null,
            "eps_4q": -0.02,
            "eps_4q_growth_year": null,
            "roe": 2.96,
            "roe_4q": -0.16000000000000025,
            "gross_profit": 117029,
            "gross_margin": 22.83,
            "gross_margin_4q_avg": 23.6,
            "net_income": 24040,
            "revenue": 512713,
            "common_shares": 768803,
            "book_valuer_per_share": 10.79,
            "book_valuer_per_share_4q_avg": 10.64,
            "equity": 829480,
            "current_ratio": 213.59,
            "debt_ratio": 68.4,
            "inventory_turnover_ratio": 0.37,
            "account_receivable_turnover_ratio": 1.47,
            "reinvestment_rate": 53.03,
            "research_to_sale_ratio": 3.24,
            "price_fair": 67.2,
            "eps_avg_yearly": 1.92,
            "eps_latest_yearly": 8.2,
            "eps_growth_yearly": 8778.49
        },
        "20174": {
            "year_quarter": 20174,
            "year": 2017,
            "quarter": 4,
            "eps": 0.24,
            "eps_growth_year": null,
            "eps_4q": 0.27,
            "eps_4q_growth_year": null,
            "roe": 2.2,
            "roe_4q": 2.4899999999999998,
            "gross_profit": 121722,
            "gross_margin": 21.24,
            "gross_margin_4q_avg": 22.65,
            "net_income": 18201,
            "revenue": 573100,
            "common_shares": 768803,
            "book_valuer_per_share": 10.74,
            "book_valuer_per_share_4q_avg": 10.59,
            "equity": 825626,
            "current_ratio": 204.56,
            "debt_ratio": 68.76,
            "inventory_turnover_ratio": 0.42,
            "account_receivable_turnover_ratio": 1.58,
            "reinvestment_rate": 3.34,
            "research_to_sale_ratio": 3.3,
            "price_fair": 61.6,
            "eps_avg_yearly": 1.76,
            "eps_latest_yearly": 0.96,
            "eps_growth_yearly": 7300.36
        },
        "20181": {
            "year_quarter": 20181,
            "year": 2018,
            "quarter": 1,
            "eps": 0.01,
            "eps_growth_year": null,
            "eps_4q": 0.33,
            "eps_4q_growth_year": null,
            "roe": 0.12,
            "roe_4q": 3.06,
            "gross_profit": 111901,
            "gross_margin": 27.29,
            "gross_margin_4q_avg": 23.48,
            "net_income": 1021,
            "revenue": 409987,
            "common_shares": 768803,
            "book_valuer_per_share": 10.78,
            "book_valuer_per_share_4q_avg": 10.67,
            "equity": 829012,
            "current_ratio": 182.01,
            "debt_ratio": 69.35,
            "inventory_turnover_ratio": 0.27,
            "account_receivable_turnover_ratio": 1.15,
            "reinvestment_rate": -60.9,
            "research_to_sale_ratio": 4.39,
            "price_fair": 53,
            "eps_avg_yearly": 1.51,
            "eps_latest_yearly": 0.04,
            "eps_growth_yearly": 6202.69
        },
        "20182": {
            "year_quarter": 20182,
            "year": 2018,
            "quarter": 2,
            "eps": 0.89,
            "eps_growth_year": null,
            "eps_4q": 1.45,
            "eps_4q_growth_year": null,
            "roe": 7.88,
            "roe_4q": 13.16,
            "gross_profit": 170871,
            "gross_margin": 24.58,
            "gross_margin_4q_avg": 23.99,
            "net_income": 68506,
            "revenue": 695024,
            "common_shares": 768803,
            "book_valuer_per_share": 11.83,
            "book_valuer_per_share_4q_avg": 11.04,
            "equity": 909181,
            "current_ratio": 183.88,
            "debt_ratio": 67,
            "inventory_turnover_ratio": 0.46,
            "account_receivable_turnover_ratio": 1.78,
            "reinvestment_rate": -39.69,
            "research_to_sale_ratio": 2.34,
            "price_fair": 61.95,
            "eps_avg_yearly": 1.77,
            "eps_latest_yearly": 3.56,
            "eps_growth_yearly": 9827.35
        },
        "20183": {
            "year_quarter": 20183,
            "year": 2018,
            "quarter": 3,
            "eps": 0.37,
            "eps_growth_year": 19.35,
            "eps_4q": 1.51,
            "eps_4q_growth_year": null,
            "roe": 3.08,
            "roe_4q": 13.280000000000001,
            "gross_profit": 144735,
            "gross_margin": 28.02,
            "gross_margin_4q_avg": 25.28,
            "net_income": 28273,
            "revenue": 516544,
            "common_shares": 768803,
            "book_valuer_per_share": 12.05,
            "book_valuer_per_share_4q_avg": 11.35,
            "equity": 926328,
            "current_ratio": 183.06,
            "debt_ratio": 64.92,
            "inventory_turnover_ratio": 0.33,
            "account_receivable_turnover_ratio": 1.32,
            "reinvestment_rate": -33.43,
            "research_to_sale_ratio": 3.69,
            "price_fair": 68.08,
            "eps_avg_yearly": 1.95,
            "eps_latest_yearly": 1.48,
            "eps_growth_yearly": 9841.47
        },
        "20184": {
            "year_quarter": 20184,
            "year": 2018,
            "quarter": 4,
            "eps": -0,
            "eps_growth_year": -101.86,
            "eps_4q": 1.27,
            "eps_4q_growth_year": 368.86,
            "roe": -0.04,
            "roe_4q": 11.04,
            "gross_profit": 113999,
            "gross_margin": 26.24,
            "gross_margin_4q_avg": 26.53,
            "net_income": -339,
            "revenue": 434495,
            "common_shares": 768803,
            "book_valuer_per_share": 12.04,
            "book_valuer_per_share_4q_avg": 11.68,
            "equity": 925412,
            "current_ratio": 181.6,
            "debt_ratio": 63.37,
            "inventory_turnover_ratio": 0.29,
            "account_receivable_turnover_ratio": 1.3,
            "reinvestment_rate": -54.4,
            "research_to_sale_ratio": 3.13,
            "price_fair": 73.2,
            "eps_avg_yearly": 2.09,
            "eps_latest_yearly": 1.48,
            "eps_growth_yearly": 10647.4
        },
        "20191": {
            "year_quarter": 20191,
            "year": 2019,
            "quarter": 1,
            "eps": -0.24,
            "eps_growth_year": -2500,
            "eps_4q": 1.01,
            "eps_4q_growth_year": 206.02,
            "roe": -2,
            "roe_4q": 8.92,
            "gross_profit": 73446,
            "gross_margin": 25.65,
            "gross_margin_4q_avg": 26.12,
            "net_income": -18407,
            "revenue": 286290,
            "common_shares": 768803,
            "book_valuer_per_share": 11.93,
            "book_valuer_per_share_4q_avg": 11.96,
            "equity": 917116,
            "current_ratio": 168.36,
            "debt_ratio": 65.12,
            "inventory_turnover_ratio": 0.19,
            "account_receivable_turnover_ratio": 0.94,
            "reinvestment_rate": -1.91,
            "research_to_sale_ratio": 5.36,
            "price_fair": 83.53,
            "eps_avg_yearly": 2.39,
            "eps_latest_yearly": 1.48,
            "eps_growth_yearly": 12465.44
        },
        "20192": {
            "year_quarter": 20192,
            "year": 2019,
            "quarter": 2,
            "eps": 0.15,
            "eps_growth_year": -83.15,
            "eps_4q": 0.28,
            "eps_4q_growth_year": -81.06,
            "roe": 1.31,
            "roe_4q": 2.35,
            "gross_profit": 105541,
            "gross_margin": 27.41,
            "gross_margin_4q_avg": 26.83,
            "net_income": 11647,
            "revenue": 385042,
            "common_shares": 768803,
            "book_valuer_per_share": 11.24,
            "book_valuer_per_share_4q_avg": 11.82,
            "equity": 864400,
            "current_ratio": 152.47,
            "debt_ratio": 66.74,
            "inventory_turnover_ratio": 0.26,
            "account_receivable_turnover_ratio": 1.4,
            "reinvestment_rate": 1.17,
            "research_to_sale_ratio": 4.14,
            "price_fair": 99.68,
            "eps_avg_yearly": 2.85,
            "eps_latest_yearly": 1.48,
            "eps_growth_yearly": 15018.53
        },
        "20193": {
            "year_quarter": 20193,
            "year": 2019,
            "quarter": 3,
            "eps": -0.14,
            "eps_growth_year": -137.84,
            "eps_4q": -0.24,
            "eps_4q_growth_year": -115.61,
            "roe": -1.29,
            "roe_4q": -2.02,
            "gross_profit": 83399,
            "gross_margin": 26.03,
            "gross_margin_4q_avg": 26.33,
            "net_income": -11007,
            "revenue": 320375,
            "common_shares": 768803,
            "book_valuer_per_share": 10.94,
            "book_valuer_per_share_4q_avg": 11.54,
            "equity": 840881,
            "current_ratio": 156.58,
            "debt_ratio": 65.78,
            "inventory_turnover_ratio": 0.23,
            "account_receivable_turnover_ratio": 1.3,
            "reinvestment_rate": null,
            "research_to_sale_ratio": 4.75,
            "price_fair": 52.85,
            "eps_avg_yearly": 1.51,
            "eps_latest_yearly": 1.48,
            "eps_growth_yearly": 8623.16
        },
        "20194": {
            "year_quarter": 20194,
            "year": 2019,
            "quarter": 4,
            "eps": 0.07,
            "eps_growth_year": null,
            "eps_4q": -0.16,
            "eps_4q_growth_year": -112.84,
            "roe": 0.63,
            "roe_4q": -1.35,
            "gross_profit": 112459,
            "gross_margin": 29.25,
            "gross_margin_4q_avg": 27.09,
            "net_income": 5252,
            "revenue": 384534,
            "common_shares": 768803,
            "book_valuer_per_share": 10.85,
            "book_valuer_per_share_4q_avg": 11.24,
            "equity": 834358,
            "current_ratio": 142.43,
            "debt_ratio": 64.11,
            "inventory_turnover_ratio": 0.28,
            "account_receivable_turnover_ratio": 1.6,
            "reinvestment_rate": -131.28,
            "research_to_sale_ratio": 4.14,
            "price_fair": 52.85,
            "eps_avg_yearly": 1.51,
            "eps_latest_yearly": 1.48,
            "eps_growth_yearly": 8623.16
        },
        "20201": {
            "year_quarter": 20201,
            "year": 2020,
            "quarter": 1,
            "eps": -0.35,
            "eps_growth_year": null,
            "eps_4q": -0.27,
            "eps_4q_growth_year": -126.9,
            "roe": -3.28,
            "roe_4q": -2.63,
            "gross_profit": 47085,
            "gross_margin": 26.52,
            "gross_margin_4q_avg": 27.3,
            "net_income": -26880,
            "revenue": 177519,
            "common_shares": 768803,
            "book_valuer_per_share": 10.46,
            "book_valuer_per_share_4q_avg": 10.87,
            "equity": 803986,
            "current_ratio": 207.42,
            "debt_ratio": 64.94,
            "inventory_turnover_ratio": 0.14,
            "account_receivable_turnover_ratio": 0.79,
            "reinvestment_rate": -167.19,
            "research_to_sale_ratio": 7.79,
            "price_fair": 52.85,
            "eps_avg_yearly": 1.51,
            "eps_latest_yearly": 1.48,
            "eps_growth_yearly": 8623.16
        },
        "20202": {
            "year_quarter": 20202,
            "year": 2020,
            "quarter": 2,
            "eps": -0.17,
            "eps_growth_year": -213.33,
            "eps_4q": -0.59,
            "eps_4q_growth_year": -315.19,
            "roe": -1.63,
            "roe_4q": -5.57,
            "gross_profit": 53088,
            "gross_margin": 19.43,
            "gross_margin_4q_avg": 25.31,
            "net_income": -12929,
            "revenue": 273176,
            "common_shares": 768803,
            "book_valuer_per_share": 10.17,
            "book_valuer_per_share_4q_avg": 10.61,
            "equity": 782046,
            "current_ratio": 179.72,
            "debt_ratio": 65.59,
            "inventory_turnover_ratio": 0.24,
            "account_receivable_turnover_ratio": 1.36,
            "reinvestment_rate": -520.51,
            "research_to_sale_ratio": 5.21,
            "price_fair": 52.85,
            "eps_avg_yearly": 1.51,
            "eps_latest_yearly": 1.48,
            "eps_growth_yearly": 8623.16
        },
        "20203": {
            "year_quarter": 20203,
            "year": 2020,
            "quarter": 3,
            "eps": -0.07,
            "eps_growth_year": null,
            "eps_4q": -0.51,
            "eps_4q_growth_year": null,
            "roe": -0.65,
            "roe_4q": -4.93,
            "gross_profit": 59994,
            "gross_margin": 20.23,
            "gross_margin_4q_avg": 23.86,
            "net_income": -5034,
            "revenue": 296528,
            "common_shares": 768803,
            "book_valuer_per_share": 10.12,
            "book_valuer_per_share_4q_avg": 10.4,
            "equity": 778329,
            "current_ratio": 175.12,
            "debt_ratio": 66.06,
            "inventory_turnover_ratio": 0.26,
            "account_receivable_turnover_ratio": 1.44,
            "reinvestment_rate": -268.46,
            "research_to_sale_ratio": 4.83,
            "price_fair": 52.85,
            "eps_avg_yearly": 1.51,
            "eps_latest_yearly": 1.48,
            "eps_growth_yearly": 8623.16
        },
        "20204": {
            "year_quarter": 20204,
            "year": 2020,
            "quarter": 4,
            "eps": 0.08,
            "eps_growth_year": 13.5,
            "eps_4q": -0.51,
            "eps_4q_growth_year": null,
            "roe": 0.76,
            "roe_4q": -4.8,
            "gross_profit": 95928,
            "gross_margin": 25.95,
            "gross_margin_4q_avg": 23.03,
            "net_income": 5961,
            "revenue": 369645,
            "common_shares": 768803,
            "book_valuer_per_share": 10.18,
            "book_valuer_per_share_4q_avg": 10.23,
            "equity": 782440,
            "current_ratio": 171.43,
            "debt_ratio": 66.26,
            "inventory_turnover_ratio": 0.31,
            "account_receivable_turnover_ratio": 1.55,
            "reinvestment_rate": -202.74,
            "research_to_sale_ratio": 6.95,
            "price_fair": 52.85,
            "eps_avg_yearly": 1.51,
            "eps_latest_yearly": 1.48,
            "eps_growth_yearly": 8623.16
        },
        "20211": {
            "year_quarter": 20211,
            "year": 2021,
            "quarter": 1,
            "eps": 0.1,
            "eps_growth_year": null,
            "eps_4q": -0.06,
            "eps_4q_growth_year": null,
            "roe": 0.97,
            "roe_4q": -0.5499999999999998,
            "gross_profit": 89355,
            "gross_margin": 25.54,
            "gross_margin_4q_avg": 22.79,
            "net_income": 7598,
            "revenue": 349848,
            "common_shares": 768803,
            "book_valuer_per_share": 10.25,
            "book_valuer_per_share_4q_avg": 10.18,
            "equity": 788304,
            "current_ratio": 166.06,
            "debt_ratio": 67.21,
            "inventory_turnover_ratio": 0.3,
            "account_receivable_turnover_ratio": 1.27,
            "reinvestment_rate": -167.83,
            "research_to_sale_ratio": 3.87,
            "price_fair": 45.08,
            "eps_avg_yearly": 1.29,
            "eps_latest_yearly": 0.4,
            "eps_growth_yearly": 6918.53
        },
        "20212": {
            "year_quarter": 20212,
            "year": 2021,
            "quarter": 2,
            "eps": 0.06,
            "eps_growth_year": null,
            "eps_4q": 0.17,
            "eps_4q_growth_year": null,
            "roe": 0.58,
            "roe_4q": 1.6599999999999997,
            "gross_profit": 93767,
            "gross_margin": 22.94,
            "gross_margin_4q_avg": 23.67,
            "net_income": 4561,
            "revenue": 408696,
            "common_shares": 768803,
            "book_valuer_per_share": 10.19,
            "book_valuer_per_share_4q_avg": 10.19,
            "equity": 783658,
            "current_ratio": 176.39,
            "debt_ratio": 68,
            "inventory_turnover_ratio": 0.35,
            "account_receivable_turnover_ratio": 1.3,
            "reinvestment_rate": -136.12,
            "research_to_sale_ratio": 3.43,
            "price_fair": 38.97,
            "eps_avg_yearly": 1.11,
            "eps_latest_yearly": 0.24,
            "eps_growth_yearly": 5738.77
        },
        "20213": {
            "year_quarter": 20213,
            "year": 2021,
            "quarter": 3,
            "eps": 0,
            "eps_growth_year": null,
            "eps_4q": 0.24,
            "eps_4q_growth_year": null,
            "roe": 0.03,
            "roe_4q": 2.34,
            "gross_profit": 93758,
            "gross_margin": 22.34,
            "gross_margin_4q_avg": 24.19,
            "net_income": 203,
            "revenue": 419647,
            "common_shares": 768803,
            "book_valuer_per_share": 10.21,
            "book_valuer_per_share_4q_avg": 10.21,
            "equity": 785052,
            "current_ratio": 171.79,
            "debt_ratio": 69.48,
            "inventory_turnover_ratio": 0.35,
            "account_receivable_turnover_ratio": 1.25,
            "reinvestment_rate": -192.87,
            "research_to_sale_ratio": 4.26,
            "price_fair": 38.97,
            "eps_avg_yearly": 1.11,
            "eps_latest_yearly": 0.24,
            "eps_growth_yearly": 5738.77
        },
        "20214": {
            "year_quarter": 20214,
            "year": 2021,
            "quarter": 4,
            "eps": 0.28,
            "eps_growth_year": 261.32,
            "eps_4q": 0.44,
            "eps_4q_growth_year": null,
            "roe": 2.7,
            "roe_4q": 4.28,
            "gross_profit": 112384,
            "gross_margin": 26.2,
            "gross_margin_4q_avg": 24.26,
            "net_income": 21538,
            "revenue": 428900,
            "common_shares": 768803,
            "book_valuer_per_share": 10.55,
            "book_valuer_per_share_4q_avg": 10.3,
            "equity": 811131,
            "current_ratio": 185.92,
            "debt_ratio": 67.95,
            "inventory_turnover_ratio": 0.32,
            "account_receivable_turnover_ratio": 1.33,
            "reinvestment_rate": -146.18,
            "research_to_sale_ratio": 3.98,
            "price_fair": 40.04,
            "eps_avg_yearly": 1.14,
            "eps_latest_yearly": 0.24,
            "eps_growth_yearly": 6904.59
        },
        "20221": {
            "year_quarter": 20221,
            "year": 2022,
            "quarter": 1,
            "eps": -0.01,
            "eps_growth_year": -110,
            "eps_4q": 0.34,
            "eps_4q_growth_year": null,
            "roe": -0.06,
            "roe_4q": 3.25,
            "gross_profit": 93055,
            "gross_margin": 22.5,
            "gross_margin_4q_avg": 23.5,
            "net_income": -480,
            "revenue": 413626,
            "common_shares": 768803,
            "book_valuer_per_share": 10.84,
            "book_valuer_per_share_4q_avg": 10.45,
            "equity": 833740,
            "current_ratio": 186.49,
            "debt_ratio": 67.29,
            "inventory_turnover_ratio": 0.31,
            "account_receivable_turnover_ratio": 1.22,
            "reinvestment_rate": -106.95,
            "research_to_sale_ratio": 3.09,
            "price_fair": 49.7,
            "eps_avg_yearly": 1.42,
            "eps_latest_yearly": 0.24,
            "eps_growth_yearly": 8726.57
        },
        "20222": {
            "year_quarter": 20222,
            "year": 2022,
            "quarter": 2,
            "eps": 0.27,
            "eps_growth_year": 350,
            "eps_4q": 0.55,
            "eps_4q_growth_year": 221.89,
            "roe": 2.46,
            "roe_4q": 5.13,
            "gross_profit": 117141,
            "gross_margin": 27.84,
            "gross_margin_4q_avg": 24.72,
            "net_income": 20861,
            "revenue": 420717,
            "common_shares": 768803,
            "book_valuer_per_share": 11.21,
            "book_valuer_per_share_4q_avg": 10.7,
            "equity": 861770,
            "current_ratio": 189.23,
            "debt_ratio": 66.18,
            "inventory_turnover_ratio": 0.3,
            "account_receivable_turnover_ratio": 1.19,
            "reinvestment_rate": -351.59,
            "research_to_sale_ratio": 3.4,
            "price_fair": 2.12,
            "eps_avg_yearly": 0.71,
            "eps_latest_yearly": 0.24,
            "eps_growth_yearly": -97.9
        },
        "20223": {
            "year_quarter": 20223,
            "year": 2022,
            "quarter": 3,
            "eps": 0.06,
            "eps_growth_year": null,
            "eps_4q": 0.6,
            "eps_4q_growth_year": 152.73,
            "roe": 0.5,
            "roe_4q": 5.6,
            "gross_profit": 109385,
            "gross_margin": 27.49,
            "gross_margin_4q_avg": 26.01,
            "net_income": 4389,
            "revenue": 397926,
            "common_shares": 768803,
            "book_valuer_per_share": 11.65,
            "book_valuer_per_share_4q_avg": 11.06,
            "equity": 896036,
            "current_ratio": 165.1,
            "debt_ratio": 64.95,
            "inventory_turnover_ratio": 0.28,
            "account_receivable_turnover_ratio": 1.14,
            "reinvestment_rate": -1458.77,
            "research_to_sale_ratio": 3.25,
            "price_fair": 0.88,
            "eps_avg_yearly": 0.29,
            "eps_latest_yearly": 0.24,
            "eps_growth_yearly": -123.7
        },
        "20224": {
            "year_quarter": 20224,
            "year": 2022,
            "quarter": 4,
            "eps": -0.62,
            "eps_growth_year": -321.77,
            "eps_4q": -0.3,
            "eps_4q_growth_year": -167.83,
            "roe": -5.56,
            "roe_4q": -2.6599999999999997,
            "gross_profit": 84288,
            "gross_margin": 22.28,
            "gross_margin_4q_avg": 25.03,
            "net_income": -47765,
            "revenue": 378283,
            "common_shares": 768803,
            "book_valuer_per_share": 10.68,
            "book_valuer_per_share_4q_avg": 11.1,
            "equity": 820973,
            "current_ratio": 156.54,
            "debt_ratio": 66.81,
            "inventory_turnover_ratio": 0.3,
            "account_receivable_turnover_ratio": 1.14,
            "reinvestment_rate": null,
            "research_to_sale_ratio": 3.84,
            "price_fair": 0.88,
            "eps_avg_yearly": 0.29,
            "eps_latest_yearly": 0.24,
            "eps_growth_yearly": -123.7
        },
        "20231": {
            "year_quarter": 20231,
            "year": 2023,
            "quarter": 1,
            "eps": -0.1,
            "eps_growth_year": null,
            "eps_4q": -0.39,
            "eps_4q_growth_year": -217.39,
            "roe": -0.95,
            "roe_4q": -3.55,
            "gross_profit": 92172,
            "gross_margin": 32.87,
            "gross_margin_4q_avg": 27.62,
            "net_income": -7797,
            "revenue": 280435,
            "common_shares": 768803,
            "book_valuer_per_share": 10.57,
            "book_valuer_per_share_4q_avg": 11.03,
            "equity": 812884,
            "current_ratio": 143.64,
            "debt_ratio": 66.27,
            "inventory_turnover_ratio": 0.19,
            "account_receivable_turnover_ratio": 0.98,
            "reinvestment_rate": null,
            "research_to_sale_ratio": 4.47,
            "price_fair": 0.88,
            "eps_avg_yearly": 0.29,
            "eps_latest_yearly": 0.24,
            "eps_growth_yearly": -123.7
        }
    },
    "months": {
        "2001-06": {
            "month": "2001-06",
            "price": "11.02",
            "revenue": 99007
        },
        "2001-07": {
            "month": "2001-07",
            "price": "8.89",
            "revenue": 104306
        },
        "2001-08": {
            "month": "2001-08",
            "price": "8.60",
            "revenue": 83989
        },
        "2001-09": {
            "month": "2001-09",
            "price": "8.62",
            "revenue": 82579
        },
        "2001-10": {
            "month": "2001-10",
            "price": "6.95",
            "revenue": 62434
        },
        "2001-11": {
            "month": "2001-11",
            "price": "5.19",
            "revenue": 62603
        },
        "2001-12": {
            "month": "2001-12",
            "price": "5.81",
            "revenue": 61283
        },
        "2002-01": {
            "month": "2002-01",
            "price": "5.82",
            "revenue": 60428
        },
        "2002-02": {
            "month": "2002-02",
            "price": "5.68",
            "revenue": 40085
        },
        "2002-03": {
            "month": "2002-03",
            "price": "5.88",
            "revenue": 69052
        },
        "2002-04": {
            "month": "2002-04",
            "price": "6.68",
            "revenue": 62023
        },
        "2002-05": {
            "month": "2002-05",
            "price": "6.41",
            "revenue": 62464
        },
        "2002-06": {
            "month": "2002-06",
            "price": "6.28",
            "revenue": 52907
        },
        "2002-07": {
            "month": "2002-07",
            "price": "5.88",
            "revenue": 94331
        },
        "2002-08": {
            "month": "2002-08",
            "price": "5.35",
            "revenue": 120004
        },
        "2002-09": {
            "month": "2002-09",
            "price": "4.95",
            "revenue": 87166
        },
        "2002-10": {
            "month": "2002-10",
            "price": "4.66",
            "revenue": 106916
        },
        "2002-11": {
            "month": "2002-11",
            "price": "5.04",
            "revenue": 73922
        },
        "2002-12": {
            "month": "2002-12",
            "price": "5.90",
            "revenue": 99863
        },
        "2003-01": {
            "month": "2003-01",
            "price": "6.74",
            "revenue": 64639
        },
        "2003-02": {
            "month": "2003-02",
            "price": "6.36",
            "revenue": 62885
        },
        "2003-03": {
            "month": "2003-03",
            "price": "5.85",
            "revenue": 121729
        },
        "2003-04": {
            "month": "2003-04",
            "price": "6.46",
            "revenue": 83929
        },
        "2003-05": {
            "month": "2003-05",
            "price": "6.37",
            "revenue": 100184
        },
        "2003-06": {
            "month": "2003-06",
            "price": "6.86",
            "revenue": 112143
        },
        "2003-07": {
            "month": "2003-07",
            "price": "8.73",
            "revenue": 85586
        },
        "2003-08": {
            "month": "2003-08",
            "price": "9.54",
            "revenue": 70509
        },
        "2003-09": {
            "month": "2003-09",
            "price": "8.92",
            "revenue": 95290
        },
        "2003-10": {
            "month": "2003-10",
            "price": "10.05",
            "revenue": 97200
        },
        "2003-11": {
            "month": "2003-11",
            "price": "9.62",
            "revenue": 85964
        },
        "2003-12": {
            "month": "2003-12",
            "price": "9.88",
            "revenue": 125703
        },
        "2004-01": {
            "month": "2004-01",
            "price": "12.03",
            "revenue": 82083
        },
        "2004-02": {
            "month": "2004-02",
            "price": "14.15",
            "revenue": 92663
        },
        "2004-03": {
            "month": "2004-03",
            "price": "16.11",
            "revenue": 110223
        },
        "2004-04": {
            "month": "2004-04",
            "price": "17.64",
            "revenue": 131548
        },
        "2004-05": {
            "month": "2004-05",
            "price": "15.57",
            "revenue": 127938
        },
        "2004-06": {
            "month": "2004-06",
            "price": "15.09",
            "revenue": 121466
        },
        "2004-07": {
            "month": "2004-07",
            "price": "12.99",
            "revenue": 133670
        },
        "2004-08": {
            "month": "2004-08",
            "price": "11.60",
            "revenue": 133814
        },
        "2004-09": {
            "month": "2004-09",
            "price": "12.58",
            "revenue": 127616
        },
        "2004-10": {
            "month": "2004-10",
            "price": "13.89",
            "revenue": 129781
        },
        "2004-11": {
            "month": "2004-11",
            "price": "13.47",
            "revenue": 122128
        },
        "2004-12": {
            "month": "2004-12",
            "price": "13.37",
            "revenue": 117523
        },
        "2005-01": {
            "month": "2005-01",
            "price": "11.57",
            "revenue": 111178
        },
        "2005-02": {
            "month": "2005-02",
            "price": "11.51",
            "revenue": 72948
        },
        "2005-03": {
            "month": "2005-03",
            "price": "12.21",
            "revenue": 124049
        },
        "2005-04": {
            "month": "2005-04",
            "price": "12.22",
            "revenue": 145120
        },
        "2005-05": {
            "month": "2005-05",
            "price": "11.82",
            "revenue": 119619
        },
        "2005-06": {
            "month": "2005-06",
            "price": "12.28",
            "revenue": 148406
        },
        "2005-07": {
            "month": "2005-07",
            "price": "13.05",
            "revenue": 116151
        },
        "2005-08": {
            "month": "2005-08",
            "price": "12.65",
            "revenue": 120154
        },
        "2005-09": {
            "month": "2005-09",
            "price": "12.03",
            "revenue": 132297
        },
        "2005-10": {
            "month": "2005-10",
            "price": "11.27",
            "revenue": 121264
        },
        "2005-11": {
            "month": "2005-11",
            "price": "12.96",
            "revenue": 106660
        },
        "2005-12": {
            "month": "2005-12",
            "price": "12.89",
            "revenue": 144404
        },
        "2006-01": {
            "month": "2006-01",
            "price": "12.59",
            "revenue": 119865
        },
        "2006-02": {
            "month": "2006-02",
            "price": "12.39",
            "revenue": 113373
        },
        "2006-03": {
            "month": "2006-03",
            "price": "11.83",
            "revenue": 147375
        },
        "2006-04": {
            "month": "2006-04",
            "price": "12.21",
            "revenue": 117254
        },
        "2006-05": {
            "month": "2006-05",
            "price": "13.59",
            "revenue": 148676
        },
        "2006-06": {
            "month": "2006-06",
            "price": "12.74",
            "revenue": 150342
        },
        "2006-07": {
            "month": "2006-07",
            "price": "12.05",
            "revenue": 176903
        },
        "2006-08": {
            "month": "2006-08",
            "price": "12.72",
            "revenue": 160642
        },
        "2006-09": {
            "month": "2006-09",
            "price": "13.01",
            "revenue": 122744
        },
        "2006-10": {
            "month": "2006-10",
            "price": "14.47",
            "revenue": 143184
        },
        "2006-11": {
            "month": "2006-11",
            "price": "15.45",
            "revenue": 144708
        },
        "2006-12": {
            "month": "2006-12",
            "price": "14.94",
            "revenue": 158710
        },
        "2007-01": {
            "month": "2007-01",
            "price": "15.85",
            "revenue": 127684
        },
        "2007-02": {
            "month": "2007-02",
            "price": "18.82",
            "revenue": 93991
        },
        "2007-03": {
            "month": "2007-03",
            "price": "25.34",
            "revenue": 174360
        },
        "2007-04": {
            "month": "2007-04",
            "price": "27.78",
            "revenue": 123687
        },
        "2007-05": {
            "month": "2007-05",
            "price": "27.50",
            "revenue": 142818
        },
        "2007-06": {
            "month": "2007-06",
            "price": "26.76",
            "revenue": 128509
        },
        "2007-07": {
            "month": "2007-07",
            "price": "26.66",
            "revenue": 102451
        },
        "2007-08": {
            "month": "2007-08",
            "price": "24.66",
            "revenue": 191362
        },
        "2007-09": {
            "month": "2007-09",
            "price": "25.02",
            "revenue": 134007
        },
        "2007-10": {
            "month": "2007-10",
            "price": "24.03",
            "revenue": 149290
        },
        "2007-11": {
            "month": "2007-11",
            "price": "23.17",
            "revenue": 111373
        },
        "2007-12": {
            "month": "2007-12",
            "price": "23.64",
            "revenue": 189706
        },
        "2008-01": {
            "month": "2008-01",
            "price": "24.03",
            "revenue": 129847
        },
        "2008-02": {
            "month": "2008-02",
            "price": "26.17",
            "revenue": 107166
        },
        "2008-03": {
            "month": "2008-03",
            "price": "24.67",
            "revenue": 163679
        },
        "2008-04": {
            "month": "2008-04",
            "price": "22.47",
            "revenue": 152894
        },
        "2008-05": {
            "month": "2008-05",
            "price": "21.99",
            "revenue": 163476
        },
        "2008-06": {
            "month": "2008-06",
            "price": "20.92",
            "revenue": 121486
        },
        "2008-07": {
            "month": "2008-07",
            "price": "15.95",
            "revenue": 152523
        },
        "2008-08": {
            "month": "2008-08",
            "price": "15.66",
            "revenue": 178930
        },
        "2008-09": {
            "month": "2008-09",
            "price": "15.02",
            "revenue": 124116
        },
        "2008-10": {
            "month": "2008-10",
            "price": "11.98",
            "revenue": 105856
        },
        "2008-11": {
            "month": "2008-11",
            "price": "9.46",
            "revenue": 117003
        },
        "2008-12": {
            "month": "2008-12",
            "price": "10.96",
            "revenue": 74515
        },
        "2009-01": {
            "month": "2009-01",
            "price": "10.16",
            "revenue": 39448
        },
        "2009-02": {
            "month": "2009-02",
            "price": "8.90",
            "revenue": 40527
        },
        "2009-03": {
            "month": "2009-03",
            "price": "9.37",
            "revenue": 75112
        },
        "2009-04": {
            "month": "2009-04",
            "price": "10.59",
            "revenue": 24065
        },
        "2009-05": {
            "month": "2009-05",
            "price": "10.17",
            "revenue": 45871
        },
        "2009-06": {
            "month": "2009-06",
            "price": "10.72",
            "revenue": 45710
        },
        "2009-07": {
            "month": "2009-07",
            "price": "10.50",
            "revenue": 29247
        },
        "2009-08": {
            "month": "2009-08",
            "price": "11.29",
            "revenue": 42344
        },
        "2009-09": {
            "month": "2009-09",
            "price": "11.56",
            "revenue": 61558
        },
        "2009-10": {
            "month": "2009-10",
            "price": "11.57",
            "revenue": 68535
        },
        "2009-11": {
            "month": "2009-11",
            "price": "10.00",
            "revenue": 56345
        },
        "2009-12": {
            "month": "2009-12",
            "price": "10.29",
            "revenue": 83533
        },
        "2010-01": {
            "month": "2010-01",
            "price": "10.89",
            "revenue": 32766
        },
        "2010-02": {
            "month": "2010-02",
            "price": "10.04",
            "revenue": 44760
        },
        "2010-03": {
            "month": "2010-03",
            "price": "11.35",
            "revenue": 104628
        },
        "2010-04": {
            "month": "2010-04",
            "price": "14.39",
            "revenue": 90409
        },
        "2010-05": {
            "month": "2010-05",
            "price": "13.21",
            "revenue": 101354
        },
        "2010-06": {
            "month": "2010-06",
            "price": "12.56",
            "revenue": 122410
        },
        "2010-07": {
            "month": "2010-07",
            "price": "14.21",
            "revenue": 86194
        },
        "2010-08": {
            "month": "2010-08",
            "price": "14.75",
            "revenue": 80528
        },
        "2010-09": {
            "month": "2010-09",
            "price": "14.41",
            "revenue": 87589
        },
        "2010-10": {
            "month": "2010-10",
            "price": "13.99",
            "revenue": 82375
        },
        "2010-11": {
            "month": "2010-11",
            "price": "12.13",
            "revenue": 107146
        },
        "2010-12": {
            "month": "2010-12",
            "price": "11.95",
            "revenue": 156368
        },
        "2011-01": {
            "month": "2011-01",
            "price": "13.59",
            "revenue": 102387
        },
        "2011-02": {
            "month": "2011-02",
            "price": "15.58",
            "revenue": 105578
        },
        "2011-03": {
            "month": "2011-03",
            "price": "14.88",
            "revenue": 167376
        },
        "2011-04": {
            "month": "2011-04",
            "price": "17.74",
            "revenue": 115760
        },
        "2011-05": {
            "month": "2011-05",
            "price": "17.17",
            "revenue": 112719
        },
        "2011-06": {
            "month": "2011-06",
            "price": "16.33",
            "revenue": 161711
        },
        "2011-07": {
            "month": "2011-07",
            "price": "16.32",
            "revenue": 157206
        },
        "2011-08": {
            "month": "2011-08",
            "price": "12.50",
            "revenue": 181628
        },
        "2011-09": {
            "month": "2011-09",
            "price": "11.42",
            "revenue": 173262
        },
        "2011-10": {
            "month": "2011-10",
            "price": "11.41",
            "revenue": 187240
        },
        "2011-11": {
            "month": "2011-11",
            "price": "12.07",
            "revenue": 186034
        },
        "2011-12": {
            "month": "2011-12",
            "price": "11.00",
            "revenue": 172007
        },
        "2012-01": {
            "month": "2012-01",
            "price": "12.72",
            "revenue": 135884
        },
        "2012-02": {
            "month": "2012-02",
            "price": "14.86",
            "revenue": 136438
        },
        "2012-03": {
            "month": "2012-03",
            "price": "14.02",
            "revenue": 143785
        },
        "2012-04": {
            "month": "2012-04",
            "price": "11.91",
            "revenue": 128052
        },
        "2012-05": {
            "month": "2012-05",
            "price": "12.26",
            "revenue": 141491
        },
        "2012-06": {
            "month": "2012-06",
            "price": "11.85",
            "revenue": 174015
        },
        "2012-07": {
            "month": "2012-07",
            "price": "11.33",
            "revenue": 146185
        },
        "2012-08": {
            "month": "2012-08",
            "price": "10.94",
            "revenue": 144411
        },
        "2012-09": {
            "month": "2012-09",
            "price": "11.11",
            "revenue": 117223
        },
        "2012-10": {
            "month": "2012-10",
            "price": "10.02",
            "revenue": 136736
        },
        "2012-11": {
            "month": "2012-11",
            "price": "8.78",
            "revenue": 122363
        },
        "2012-12": {
            "month": "2012-12",
            "price": "8.93",
            "revenue": 130063
        },
        "2013-01": {
            "month": "2013-01",
            "price": "10.13",
            "revenue": 159474
        },
        "2013-02": {
            "month": "2013-02",
            "price": "11.70",
            "revenue": 136531
        },
        "2013-03": {
            "month": "2013-03",
            "price": "11.10",
            "revenue": 181405
        },
        "2013-04": {
            "month": "2013-04",
            "price": "9.85",
            "revenue": 131302
        },
        "2013-05": {
            "month": "2013-05",
            "price": "10.09",
            "revenue": 230693
        },
        "2013-06": {
            "month": "2013-06",
            "price": "9.44",
            "revenue": 160477
        },
        "2013-07": {
            "month": "2013-07",
            "price": "9.82",
            "revenue": 209690
        },
        "2013-08": {
            "month": "2013-08",
            "price": "9.55",
            "revenue": 159407
        },
        "2013-09": {
            "month": "2013-09",
            "price": "9.68",
            "revenue": 199357
        },
        "2013-10": {
            "month": "2013-10",
            "price": "10.04",
            "revenue": 224841
        },
        "2013-11": {
            "month": "2013-11",
            "price": "9.88",
            "revenue": 168687
        },
        "2013-12": {
            "month": "2013-12",
            "price": "9.74",
            "revenue": 336766
        },
        "2014-01": {
            "month": "2014-01",
            "price": "10.82",
            "revenue": 173597
        },
        "2014-02": {
            "month": "2014-02",
            "price": "12.18",
            "revenue": 173446
        },
        "2014-03": {
            "month": "2014-03",
            "price": "11.96",
            "revenue": 210884
        },
        "2014-04": {
            "month": "2014-04",
            "price": "11.41",
            "revenue": 177362
        },
        "2014-05": {
            "month": "2014-05",
            "price": "10.70",
            "revenue": 222173
        },
        "2014-06": {
            "month": "2014-06",
            "price": "11.17",
            "revenue": 239809
        },
        "2014-07": {
            "month": "2014-07",
            "price": "12.10",
            "revenue": 186545
        },
        "2014-08": {
            "month": "2014-08",
            "price": "11.64",
            "revenue": 200611
        },
        "2014-09": {
            "month": "2014-09",
            "price": "11.73",
            "revenue": 243004
        },
        "2014-10": {
            "month": "2014-10",
            "price": "10.56",
            "revenue": 213916
        },
        "2014-11": {
            "month": "2014-11",
            "price": "10.08",
            "revenue": 175638
        },
        "2014-12": {
            "month": "2014-12",
            "price": "10.28",
            "revenue": 256367
        },
        "2015-01": {
            "month": "2015-01",
            "price": "10.36",
            "revenue": 155086
        },
        "2015-02": {
            "month": "2015-02",
            "price": "10.33",
            "revenue": 139224
        },
        "2015-03": {
            "month": "2015-03",
            "price": "11.26",
            "revenue": 315510
        },
        "2015-04": {
            "month": "2015-04",
            "price": "12.60",
            "revenue": 188958
        },
        "2015-05": {
            "month": "2015-05",
            "price": "11.62",
            "revenue": 170136
        },
        "2015-06": {
            "month": "2015-06",
            "price": "11.00",
            "revenue": 224439
        },
        "2015-07": {
            "month": "2015-07",
            "price": "10.42",
            "revenue": 153038
        },
        "2015-08": {
            "month": "2015-08",
            "price": "9.81",
            "revenue": 202959
        },
        "2015-09": {
            "month": "2015-09",
            "price": "9.86",
            "revenue": 149074
        },
        "2015-10": {
            "month": "2015-10",
            "price": "10.80",
            "revenue": 138651
        },
        "2015-11": {
            "month": "2015-11",
            "price": "10.92",
            "revenue": 143753
        },
        "2015-12": {
            "month": "2015-12",
            "price": "10.25",
            "revenue": 233598
        },
        "2016-01": {
            "month": "2016-01",
            "price": "9.92",
            "revenue": 110174
        },
        "2016-02": {
            "month": "2016-02",
            "price": "10.01",
            "revenue": 81837
        },
        "2016-03": {
            "month": "2016-03",
            "price": "10.34",
            "revenue": 159938
        },
        "2016-04": {
            "month": "2016-04",
            "price": "10.44",
            "revenue": 123891
        },
        "2016-05": {
            "month": "2016-05",
            "price": "9.68",
            "revenue": 117199
        },
        "2016-06": {
            "month": "2016-06",
            "price": "9.28",
            "revenue": 129850
        },
        "2016-07": {
            "month": "2016-07",
            "price": "9.32",
            "revenue": 131463
        },
        "2016-08": {
            "month": "2016-08",
            "price": "9.51",
            "revenue": 151343
        },
        "2016-09": {
            "month": "2016-09",
            "price": "9.81",
            "revenue": 114599
        },
        "2016-10": {
            "month": "2016-10",
            "price": "9.56",
            "revenue": 107787
        },
        "2016-11": {
            "month": "2016-11",
            "price": "9.19",
            "revenue": 142523
        },
        "2016-12": {
            "month": "2016-12",
            "price": "9.43",
            "revenue": 156283
        },
        "2017-01": {
            "month": "2017-01",
            "price": "9.47",
            "revenue": 107986
        },
        "2017-02": {
            "month": "2017-02",
            "price": "9.58",
            "revenue": 81254
        },
        "2017-03": {
            "month": "2017-03",
            "price": "9.43",
            "revenue": 208102
        },
        "2017-04": {
            "month": "2017-04",
            "price": "9.12",
            "revenue": 100761
        },
        "2017-05": {
            "month": "2017-05",
            "price": "8.87",
            "revenue": 118156
        },
        "2017-06": {
            "month": "2017-06",
            "price": "8.77",
            "revenue": 189951
        },
        "2017-07": {
            "month": "2017-07",
            "price": "8.98",
            "revenue": 189288
        },
        "2017-08": {
            "month": "2017-08",
            "price": "9.49",
            "revenue": 160632
        },
        "2017-09": {
            "month": "2017-09",
            "price": "9.67",
            "revenue": 161374
        },
        "2017-10": {
            "month": "2017-10",
            "price": "9.44",
            "revenue": 139172
        },
        "2017-11": {
            "month": "2017-11",
            "price": "9.43",
            "revenue": 195418
        },
        "2017-12": {
            "month": "2017-12",
            "price": "9.32",
            "revenue": 239932
        },
        "2018-01": {
            "month": "2018-01",
            "price": "9.99",
            "revenue": 120690
        },
        "2018-02": {
            "month": "2018-02",
            "price": "9.62",
            "revenue": 107983
        },
        "2018-03": {
            "month": "2018-03",
            "price": "9.71",
            "revenue": 181104
        },
        "2018-04": {
            "month": "2018-04",
            "price": "9.42",
            "revenue": 162480
        },
        "2018-05": {
            "month": "2018-05",
            "price": "9.27",
            "revenue": 279706
        },
        "2018-06": {
            "month": "2018-06",
            "price": "13.99",
            "revenue": 253753
        },
        "2018-07": {
            "month": "2018-07",
            "price": "17.52",
            "revenue": 200887
        },
        "2018-08": {
            "month": "2018-08",
            "price": "15.57",
            "revenue": 184414
        },
        "2018-09": {
            "month": "2018-09",
            "price": "16.22",
            "revenue": 129670
        },
        "2018-10": {
            "month": "2018-10",
            "price": "12.78",
            "revenue": 143391
        },
        "2018-11": {
            "month": "2018-11",
            "price": "11.95",
            "revenue": 142266
        },
        "2018-12": {
            "month": "2018-12",
            "price": "11.34",
            "revenue": 151542
        },
        "2019-01": {
            "month": "2019-01",
            "price": "11.12",
            "revenue": 79285
        },
        "2019-02": {
            "month": "2019-02",
            "price": "11.51",
            "revenue": 84841
        },
        "2019-03": {
            "month": "2019-03",
            "price": "11.90",
            "revenue": 122023
        },
        "2019-04": {
            "month": "2019-04",
            "price": "12.46",
            "revenue": 127005
        },
        "2019-05": {
            "month": "2019-05",
            "price": "11.47",
            "revenue": 121447
        },
        "2019-06": {
            "month": "2019-06",
            "price": "11.08",
            "revenue": 137384
        },
        "2019-07": {
            "month": "2019-07",
            "price": "10.95",
            "revenue": 110150
        },
        "2019-08": {
            "month": "2019-08",
            "price": "10.06",
            "revenue": 104427
        },
        "2019-09": {
            "month": "2019-09",
            "price": "10.05",
            "revenue": 105349
        },
        "2019-10": {
            "month": "2019-10",
            "price": "10.02",
            "revenue": 116044
        },
        "2019-11": {
            "month": "2019-11",
            "price": "9.85",
            "revenue": 105513
        },
        "2019-12": {
            "month": "2019-12",
            "price": "9.87",
            "revenue": 167132
        },
        "2020-01": {
            "month": "2020-01",
            "price": "9.64",
            "revenue": 77338
        },
        "2020-02": {
            "month": "2020-02",
            "price": "9.29",
            "revenue": 30766
        },
        "2020-03": {
            "month": "2020-03",
            "price": "7.52",
            "revenue": 69724
        },
        "2020-04": {
            "month": "2020-04",
            "price": "6.69",
            "revenue": 73938
        },
        "2020-05": {
            "month": "2020-05",
            "price": "7.35",
            "revenue": 106406
        },
        "2020-06": {
            "month": "2020-06",
            "price": "7.49",
            "revenue": 92218
        },
        "2020-07": {
            "month": "2020-07",
            "price": "7.44",
            "revenue": 87015
        },
        "2020-08": {
            "month": "2020-08",
            "price": "7.29",
            "revenue": 76456
        },
        "2020-09": {
            "month": "2020-09",
            "price": "8.19",
            "revenue": 133707
        },
        "2020-10": {
            "month": "2020-10",
            "price": "9.08",
            "revenue": 96085
        },
        "2020-11": {
            "month": "2020-11",
            "price": "8.40",
            "revenue": 109166
        },
        "2020-12": {
            "month": "2020-12",
            "price": "9.15",
            "revenue": 164223
        },
        "2021-01": {
            "month": "2021-01",
            "price": "8.87",
            "revenue": 77848
        },
        "2021-02": {
            "month": "2021-02",
            "price": "8.55",
            "revenue": 92842
        },
        "2021-03": {
            "month": "2021-03",
            "price": "9.05",
            "revenue": 179321
        },
        "2021-04": {
            "month": "2021-04",
            "price": "10.93",
            "revenue": 114542
        },
        "2021-05": {
            "month": "2021-05",
            "price": "9.91",
            "revenue": 165168
        },
        "2021-06": {
            "month": "2021-06",
            "price": "10.03",
            "revenue": 129022
        },
        "2021-07": {
            "month": "2021-07",
            "price": "10.48",
            "revenue": 148396
        },
        "2021-08": {
            "month": "2021-08",
            "price": "9.73",
            "revenue": 120728
        },
        "2021-09": {
            "month": "2021-09",
            "price": "10.25",
            "revenue": 150351
        },
        "2021-10": {
            "month": "2021-10",
            "price": "13.36",
            "revenue": 140409
        },
        "2021-11": {
            "month": "2021-11",
            "price": "14.95",
            "revenue": 133880
        },
        "2021-12": {
            "month": "2021-12",
            "price": "15.41",
            "revenue": 157472
        },
        "2022-01": {
            "month": "2022-01",
            "price": "15.01",
            "revenue": 138444
        },
        "2022-02": {
            "month": "2022-02",
            "price": "18.01",
            "revenue": 112271
        },
        "2022-03": {
            "month": "2022-03",
            "price": "18.68",
            "revenue": 163507
        },
        "2022-04": {
            "month": "2022-04",
            "price": "20.80",
            "revenue": 139723
        },
        "2022-05": {
            "month": "2022-05",
            "price": "18.59",
            "revenue": 125366
        },
        "2022-06": {
            "month": "2022-06",
            "price": "19.10",
            "revenue": 155171
        },
        "2022-07": {
            "month": "2022-07",
            "price": "21.80",
            "revenue": 125141
        },
        "2022-08": {
            "month": "2022-08",
            "price": "24.83",
            "revenue": 128705
        },
        "2022-09": {
            "month": "2022-09",
            "price": "27.32",
            "revenue": 141242
        },
        "2022-10": {
            "month": "2022-10",
            "price": "25.58",
            "revenue": 137090
        },
        "2022-11": {
            "month": "2022-11",
            "price": "23.18",
            "revenue": 104119
        },
        "2022-12": {
            "month": "2022-12",
            "price": "22.12",
            "revenue": 139991
        },
        "2023-01": {
            "month": "2023-01",
            "price": "20.93",
            "revenue": 88933
        },
        "2023-02": {
            "month": "2023-02",
            "price": "19.79",
            "revenue": 77763
        },
        "2023-03": {
            "month": "2023-03",
            "price": "18.90",
            "revenue": 113734
        },
        "2023-04": {
            "month": "2023-04",
            "price": "19.77",
            "revenue": 118704
        },
        "2023-05": {
            "month": "2023-05",
            "price": "20.69",
            "revenue": 133681
        }
    }
}
