{
    "summary": {
        "stock_name": "永彰",
        "stock_id": "4523",
        "category": "電機機械",
        "main_business": "汽車空調<br>機電產品",
        "website_url": "http://www.everbrite.com.tw",
        "ceo": "林柏青",
        "pe_ratio": -258,
        "report_year_from": 2001,
        "report_year_to": 2023,
        "age": 23,
        "eps_negative_percentage": 39,
        "eps_growth_avg": {
            "last_all": -9.92,
            "last_2y": null,
            "last_4y": null,
            "last_8y": -100,
            "last_12y": -28.48,
            "last_16y": -28.06,
            "last_20y": -17.99,
            "at_2006_last_3y": 4.69,
            "at_2007_last_3y": -38.11,
            "at_2008_last_3y": -63.11,
            "at_2009_last_3y": -83.06,
            "at_2010_last_3y": -27.23,
            "at_2011_last_3y": 6.42,
            "at_2012_last_3y": 10.18,
            "at_2013_last_3y": 31.86,
            "at_2014_last_3y": 7.28,
            "at_2015_last_3y": -22.95,
            "at_2016_last_3y": -1.04,
            "at_2017_last_3y": -66.67,
            "at_2018_last_3y": -100,
            "at_2019_last_3y": -100,
            "at_2020_last_3y": -100,
            "at_2021_last_3y": null,
            "at_2022_last_3y": null,
            "at_2023_last_3y": null,
            "at_2024_last_3y": null,
            "at_2006_last_all": 22.74,
            "at_2007_last_all": 5.62,
            "at_2008_last_all": -9.47,
            "at_2009_last_all": -9.47,
            "at_2010_last_all": 4,
            "at_2011_last_all": 5.88,
            "at_2012_last_all": -3.57,
            "at_2013_last_all": 5.56,
            "at_2014_last_all": 5.09,
            "at_2015_last_all": -2.99,
            "at_2016_last_all": -2.99,
            "at_2017_last_all": -9.92,
            "at_2018_last_all": -9.92,
            "at_2019_last_all": -9.92,
            "at_2020_last_all": -9.92,
            "at_2021_last_all": -9.92,
            "at_2022_last_all": -9.92,
            "at_2023_last_all": -9.92,
            "at_2024_last_all": -9.92
        },
        "latest_eps": -0.25,
        "latest_price": 64.4,
        "latest_roe": -5.93,
        "latest_gross_margin": 23.24,
        "latest_equity": 1054967,
        "latest_revenue": 170550,
        "latest_gross_profit": 39638,
        "latest_net_income": -109895,
        "latest_debt_ratio": 49.94,
        "latest_current_ratio": 108.53,
        "latest_account_receivable_turnover_ratio": 1.41,
        "latest_inventory_turnover_ratio": 0.32,
        "latest_reinvestment_rate": null,
        "latest_research_to_sale_ratio": 4.87
    },
    "eps_dividends": {
        "1997": {
            "cash": 0.3,
            "stock": 0,
            "eps": 0
        },
        "1998": {
            "cash": 0.5,
            "stock": 0,
            "eps": 0
        },
        "1999": {
            "cash": 1,
            "stock": 0.72,
            "eps": 0
        },
        "2000": {
            "cash": 1,
            "stock": 0,
            "eps": 0
        },
        "2001": {
            "cash": 0.6,
            "stock": 0,
            "eps": 0.99
        },
        "2002": {
            "cash": 0.5,
            "stock": 0,
            "eps": 1.93
        },
        "2003": {
            "cash": 1,
            "stock": 0,
            "eps": 3.69
        },
        "2004": {
            "cash": 2,
            "stock": 0,
            "eps": 3.69
        },
        "2005": {
            "cash": 2,
            "stock": 0,
            "eps": 3.57
        },
        "2006": {
            "cash": 1.8,
            "stock": 0,
            "eps": 1.1
        },
        "2007": {
            "cash": 0.6,
            "stock": 0,
            "eps": 0.22
        },
        "2008": {
            "cash": 0.2,
            "stock": 0,
            "eps": -1.41
        },
        "2009": {
            "cash": 0,
            "stock": 0,
            "eps": 1.18
        },
        "2010": {
            "cash": 0.3,
            "stock": 0,
            "eps": 2.34
        },
        "2011": {
            "cash": 0.5,
            "stock": 0,
            "eps": 2.83
        },
        "2012": {
            "cash": 0.7,
            "stock": 0,
            "eps": 0.32
        },
        "2013": {
            "cash": 0.2,
            "stock": 0,
            "eps": 0.63
        },
        "2014": {
            "cash": 0.2,
            "stock": 0,
            "eps": 0.63
        },
        "2015": {
            "cash": 0.3,
            "stock": 0,
            "eps": -0.02
        },
        "2016": {
            "cash": 0.2,
            "stock": 0,
            "eps": 0.01
        },
        "2017": {
            "cash": 0.2,
            "stock": 0,
            "eps": -1.86
        },
        "2018": {
            "cash": 0.1,
            "stock": 0,
            "eps": -2.52
        },
        "2019": {
            "cash": 0,
            "stock": 0,
            "eps": -2.75
        },
        "2020": {
            "cash": 0,
            "stock": 0,
            "eps": -4.74
        },
        "2021": {
            "cash": 0,
            "stock": 0,
            "eps": -0.23
        },
        "2022": {
            "cash": 0,
            "stock": 0,
            "eps": -1.44
        },
        "2023": {
            "cash": 0,
            "stock": 0,
            "eps": -0.25
        }
    },
    "dividends": {
        "1997-05-16": {
            "cash": 0.3,
            "stock": 0
        },
        "1998-05-08": {
            "cash": 0.5,
            "stock": 0
        },
        "1999-04-21": {
            "cash": 1,
            "stock": 0.72
        },
        "2000-05-11": {
            "cash": 1,
            "stock": 0
        },
        "2001-05-04": {
            "cash": 0.6,
            "stock": 0
        },
        "2002-05-09": {
            "cash": 0.5,
            "stock": 0
        },
        "2003-05-15": {
            "cash": 1,
            "stock": 0
        },
        "2004-03-24": {
            "cash": 2,
            "stock": 0
        },
        "2005-03-29": {
            "cash": 2,
            "stock": 0
        },
        "2006-03-23": {
            "cash": 1.8,
            "stock": 0
        },
        "2007-04-13": {
            "cash": 0.6,
            "stock": 0
        },
        "2008-03-18": {
            "cash": 0.2,
            "stock": 0
        },
        "2010-03-30": {
            "cash": 0.3,
            "stock": 0
        },
        "2011-03-22": {
            "cash": 0.5,
            "stock": 0
        },
        "2012-06-22": {
            "cash": 0.7,
            "stock": 0
        },
        "2013-06-21": {
            "cash": 0.2,
            "stock": 0
        },
        "2014-08-29": {
            "cash": 0.2,
            "stock": 0
        },
        "2015-08-28": {
            "cash": 0.3,
            "stock": 0
        },
        "2016-09-01": {
            "cash": 0.2,
            "stock": 0
        },
        "2017-08-31": {
            "cash": 0.2,
            "stock": 0
        },
        "2018-08-31": {
            "cash": 0.1,
            "stock": 0
        }
    },
    "prices": {
        "200101": "10.49",
        "200102": "11.89",
        "200103": "15.47",
        "200104": "13.26",
        "200105": "10.36",
        "200106": "9.87",
        "200107": "9.05",
        "200108": "8.93",
        "200109": "8.38",
        "200110": "7.70",
        "200111": "8.24",
        "200112": "10.01",
        "200201": "10.32",
        "200202": "10.68",
        "200203": "10.85",
        "200204": "12.01",
        "200205": "13.87",
        "200206": "15.71",
        "200207": "17.20",
        "200208": "16.25",
        "200209": "15.63",
        "200210": "15.74",
        "200211": "21.63",
        "200212": "28.53",
        "200301": "29.07",
        "200302": "24.42",
        "200303": "24.67",
        "200304": "24.60",
        "200305": "30.65",
        "200306": "34.00",
        "200307": "34.66",
        "200308": "38.66",
        "200309": "35.67",
        "200310": "36.06",
        "200311": "37.72",
        "200312": "35.98",
        "200401": "35.77",
        "200402": "37.28",
        "200403": "35.60",
        "200404": "32.51",
        "200405": "28.89",
        "200406": "30.64",
        "200407": "29.00",
        "200408": "28.27",
        "200409": "33.21",
        "200410": "31.98",
        "200411": "29.07",
        "200412": "28.69",
        "200501": "28.67",
        "200502": "29.32",
        "200503": "29.86",
        "200504": "27.67",
        "200505": "26.37",
        "200506": "25.08",
        "200507": "23.66",
        "200508": "24.12",
        "200509": "23.86",
        "200510": "21.48",
        "200511": "22.78",
        "200512": "24.51",
        "200601": "24.78",
        "200602": "24.25",
        "200603": "23.43",
        "200604": "26.31",
        "200605": "27.79",
        "200606": "23.44",
        "200607": "22.62",
        "200608": "20.81",
        "200609": "19.31",
        "200610": "20.37",
        "200611": "19.41",
        "200612": "20.38",
        "200701": "20.30",
        "200702": "20.13",
        "200703": "19.54",
        "200704": "19.90",
        "200705": "18.80",
        "200706": "18.70",
        "200707": "20.69",
        "200708": "19.89",
        "200709": "19.27",
        "200710": "18.97",
        "200711": "17.55",
        "200712": "17.12",
        "200801": "16.80",
        "200802": "17.08",
        "200803": "18.73",
        "200804": "17.91",
        "200805": "16.46",
        "200806": "13.62",
        "200807": "11.83",
        "200808": "10.94",
        "200809": "10.05",
        "200810": "8.71",
        "200811": "6.78",
        "200812": "6.68",
        "200901": "6.16",
        "200902": "5.95",
        "200903": "7.66",
        "200904": "8.97",
        "200905": "10.69",
        "200906": "11.98",
        "200907": "14.18",
        "200908": "15.70",
        "200909": "16.42",
        "200910": "18.25",
        "200911": "23.28",
        "200912": "25.05",
        "201001": "26.48",
        "201002": "24.09",
        "201003": "29.49",
        "201004": "28.29",
        "201005": "22.16",
        "201006": "19.89",
        "201007": "20.95",
        "201008": "28.91",
        "201009": "29.06",
        "201010": "40.90",
        "201011": "50.00",
        "201012": "68.30",
        "201101": "62.88",
        "201102": "55.05",
        "201103": "60.75",
        "201104": "58.46",
        "201105": "67.26",
        "201106": "70.15",
        "201107": "77.47",
        "201108": "61.04",
        "201109": "47.40",
        "201110": "48.74",
        "201111": "53.93",
        "201112": "40.84",
        "201201": "42.99",
        "201202": "51.04",
        "201203": "46.57",
        "201204": "38.61",
        "201205": "37.65",
        "201206": "36.00",
        "201207": "35.16",
        "201208": "34.09",
        "201209": "33.35",
        "201210": "32.62",
        "201211": "25.86",
        "201212": "28.12",
        "201301": "29.37",
        "201302": "28.37",
        "201303": "29.30",
        "201304": "28.72",
        "201305": "28.80",
        "201306": "28.49",
        "201307": "31.34",
        "201308": "28.97",
        "201309": "29.40",
        "201310": "29.74",
        "201311": "27.92",
        "201312": "31.28",
        "201401": "30.89",
        "201402": "29.68",
        "201403": "28.90",
        "201404": "28.91",
        "201405": "27.17",
        "201406": "27.69",
        "201407": "27.20",
        "201408": "24.56",
        "201409": "24.20",
        "201410": "21.84",
        "201411": "21.31",
        "201412": "22.25",
        "201501": "21.63",
        "201502": "22.77",
        "201503": "22.01",
        "201504": "21.86",
        "201505": "21.01",
        "201506": "22.71",
        "201507": "27.40",
        "201508": "19.11",
        "201509": "18.38",
        "201510": "19.64",
        "201511": "18.92",
        "201512": "17.61",
        "201601": "16.30",
        "201602": "17.63",
        "201603": "20.09",
        "201604": "24.44",
        "201605": "20.29",
        "201606": "19.60",
        "201607": "19.53",
        "201608": "19.48",
        "201609": "19.89",
        "201610": "19.04",
        "201611": "18.31",
        "201612": "18.40",
        "201701": "18.25",
        "201702": "18.88",
        "201703": "19.62",
        "201704": "18.72",
        "201705": "17.90",
        "201706": "18.04",
        "201707": "17.69",
        "201708": "16.78",
        "201709": "16.98",
        "201710": "16.74",
        "201711": "15.95",
        "201712": "15.87",
        "201801": "16.36",
        "201802": "16.22",
        "201803": "16.47",
        "201804": "15.61",
        "201805": "15.03",
        "201806": "15.07",
        "201807": "14.82",
        "201808": "14.17",
        "201809": "12.37",
        "201810": "11.50",
        "201811": "11.87",
        "201812": "11.80",
        "201901": "11.53",
        "201902": "11.45",
        "201903": "11.94",
        "201904": "18.57",
        "201905": "15.32",
        "201906": "13.66",
        "201907": "14.39",
        "201908": "14.24",
        "201909": "17.46",
        "201910": "18.32",
        "201911": "17.95",
        "201912": "24.61",
        "202001": "27.12",
        "202002": "25.58",
        "202003": "20.74",
        "202004": "18.99",
        "202005": "20.67",
        "202006": "21.13",
        "202007": "23.88",
        "202008": "25.42",
        "202009": "35.67",
        "202010": "31.29",
        "202011": "27.33",
        "202012": "28.75",
        "202101": "27.14",
        "202102": "26.35",
        "202103": "27.48",
        "202104": "29.31",
        "202105": "25.46",
        "202106": "28.65",
        "202107": "27.13",
        "202108": "28.56",
        "202109": "27.54",
        "202110": "27.80",
        "202111": "28.89",
        "202112": "28.42",
        "202201": "27.80",
        "202202": "29.12",
        "202203": "26.89",
        "202204": "26.74",
        "202205": "27.04",
        "202206": "29.09",
        "202207": "28.34",
        "202208": "28.54",
        "202209": "28.57",
        "202210": "28.43",
        "202211": "28.45",
        "202212": "37.42",
        "202301": "39.99",
        "202302": "46.49",
        "202303": "39.33",
        "202304": "38.02",
        "202305": "37.00",
        "202306": "45.15",
        "202307": "54.34",
        "202308": "50.01",
        "202309": "46.08",
        "202310": "41.87",
        "202311": "45.29",
        "202312": "44.89",
        "202401": "39.26",
        "202402": "39.20",
        "202403": "52.53",
        "202404": "無"
    },
    "quarters": {
        "20011": {
            "year_quarter": 20011,
            "year": 2001,
            "quarter": 1,
            "eps": 0.29,
            "eps_growth_year": -25.64,
            "eps_4q": 1.05,
            "eps_4q_growth_year": -25.71,
            "roe": 1.65,
            "roe_4q": 1.65,
            "gross_profit": 58588,
            "gross_margin": 15.8,
            "gross_margin_4q_avg": 15.8,
            "net_income": 15650,
            "net_income_4q": null,
            "revenue": 370919,
            "revenue_4q": null,
            "common_shares": 540000,
            "book_valuer_per_share": 17.76,
            "book_valuer_per_share_4q_avg": 17.76,
            "equity": 958872,
            "current_ratio": 244.89,
            "debt_ratio": 25.67,
            "inventory_turnover_ratio": 0.92,
            "account_receivable_turnover_ratio": null,
            "reinvestment_rate": null,
            "research_to_sale_ratio": null,
            "price_fair": 0,
            "eps_avg_yearly": 0,
            "eps_latest_yearly": 0,
            "eps_growth_yearly": 0
        },
        "20012": {
            "year_quarter": 20012,
            "year": 2001,
            "quarter": 2,
            "eps": -0.17,
            "eps_growth_year": -194.44,
            "eps_4q": 0.7,
            "eps_4q_growth_year": -47.55,
            "roe": -0.97,
            "roe_4q": 0.6799999999999999,
            "gross_profit": 68357,
            "gross_margin": 18.82,
            "gross_margin_4q_avg": 17.31,
            "net_income": -9119,
            "net_income_4q": null,
            "revenue": 363282,
            "revenue_4q": null,
            "common_shares": 540000,
            "book_valuer_per_share": 16.99,
            "book_valuer_per_share_4q_avg": 17.38,
            "equity": 917669,
            "current_ratio": 202.17,
            "debt_ratio": 30.72,
            "inventory_turnover_ratio": 1.09,
            "account_receivable_turnover_ratio": null,
            "reinvestment_rate": null,
            "research_to_sale_ratio": null,
            "price_fair": 0,
            "eps_avg_yearly": 0,
            "eps_latest_yearly": 0,
            "eps_growth_yearly": 0
        },
        "20013": {
            "year_quarter": 20013,
            "year": 2001,
            "quarter": 3,
            "eps": 0.28,
            "eps_growth_year": 55.56,
            "eps_4q": 0.8,
            "eps_4q_growth_year": -35.81,
            "roe": 1.66,
            "roe_4q": 2.34,
            "gross_profit": 76710,
            "gross_margin": 25.12,
            "gross_margin_4q_avg": 19.91,
            "net_income": 15380,
            "net_income_4q": null,
            "revenue": 305380,
            "revenue_4q": null,
            "common_shares": 540000,
            "book_valuer_per_share": 17.29,
            "book_valuer_per_share_4q_avg": 17.35,
            "equity": 933415,
            "current_ratio": 206.59,
            "debt_ratio": 28.89,
            "inventory_turnover_ratio": 0.93,
            "account_receivable_turnover_ratio": null,
            "reinvestment_rate": null,
            "research_to_sale_ratio": null,
            "price_fair": 0,
            "eps_avg_yearly": 0,
            "eps_latest_yearly": 0,
            "eps_growth_yearly": 0
        },
        "20014": {
            "year_quarter": 20014,
            "year": 2001,
            "quarter": 4,
            "eps": 0.59,
            "eps_growth_year": 47.5,
            "eps_4q": 1,
            "eps_4q_growth_year": -12.63,
            "roe": 3.39,
            "roe_4q": 5.73,
            "gross_profit": 64338,
            "gross_margin": 20.35,
            "gross_margin_4q_avg": 20.02,
            "net_income": 31628,
            "net_income_4q": null,
            "revenue": 316186,
            "revenue_4q": null,
            "common_shares": 540000,
            "book_valuer_per_share": 17.29,
            "book_valuer_per_share_4q_avg": 17.33,
            "equity": 933708,
            "current_ratio": 226.07,
            "debt_ratio": 29.11,
            "inventory_turnover_ratio": 1,
            "account_receivable_turnover_ratio": null,
            "reinvestment_rate": null,
            "research_to_sale_ratio": null,
            "price_fair": 0,
            "eps_avg_yearly": 0,
            "eps_latest_yearly": 0,
            "eps_growth_yearly": 0
        },
        "20021": {
            "year_quarter": 20021,
            "year": 2002,
            "quarter": 1,
            "eps": 0.34,
            "eps_growth_year": 17.24,
            "eps_4q": 1.04,
            "eps_4q_growth_year": -1.29,
            "roe": 1.96,
            "roe_4q": 6.04,
            "gross_profit": 68014,
            "gross_margin": 25.44,
            "gross_margin_4q_avg": 22.43,
            "net_income": 18476,
            "net_income_4q": null,
            "revenue": 267313,
            "revenue_4q": null,
            "common_shares": 540000,
            "book_valuer_per_share": 17.62,
            "book_valuer_per_share_4q_avg": 17.3,
            "equity": 951678,
            "current_ratio": 209.65,
            "debt_ratio": 31.7,
            "inventory_turnover_ratio": 0.76,
            "account_receivable_turnover_ratio": null,
            "reinvestment_rate": null,
            "research_to_sale_ratio": null,
            "price_fair": 4.08,
            "eps_avg_yearly": 1.36,
            "eps_latest_yearly": 1.36,
            "eps_growth_yearly": -169.49
        },
        "20022": {
            "year_quarter": 20022,
            "year": 2002,
            "quarter": 2,
            "eps": 0.39,
            "eps_growth_year": null,
            "eps_4q": 1.61,
            "eps_4q_growth_year": 129.37,
            "roe": 2.2,
            "roe_4q": 9.21,
            "gross_profit": 106714,
            "gross_margin": 26.17,
            "gross_margin_4q_avg": 24.27,
            "net_income": 20876,
            "net_income_4q": null,
            "revenue": 407808,
            "revenue_4q": null,
            "common_shares": 540000,
            "book_valuer_per_share": 17.48,
            "book_valuer_per_share_4q_avg": 17.42,
            "equity": 943683,
            "current_ratio": 189.38,
            "debt_ratio": 36.96,
            "inventory_turnover_ratio": 1.15,
            "account_receivable_turnover_ratio": null,
            "reinvestment_rate": null,
            "research_to_sale_ratio": null,
            "price_fair": 4.38,
            "eps_avg_yearly": 1.46,
            "eps_latest_yearly": 1.56,
            "eps_growth_yearly": -55.33
        },
        "20023": {
            "year_quarter": 20023,
            "year": 2002,
            "quarter": 3,
            "eps": 0.41,
            "eps_growth_year": 46.43,
            "eps_4q": 1.74,
            "eps_4q_growth_year": 118.08,
            "roe": 2.3,
            "roe_4q": 9.85,
            "gross_profit": 122173,
            "gross_margin": 33.12,
            "gross_margin_4q_avg": 26.27,
            "net_income": 21957,
            "net_income_4q": null,
            "revenue": 368841,
            "revenue_4q": null,
            "common_shares": 540000,
            "book_valuer_per_share": 17.96,
            "book_valuer_per_share_4q_avg": 17.59,
            "equity": 969648,
            "current_ratio": 216.6,
            "debt_ratio": 34.4,
            "inventory_turnover_ratio": 0.97,
            "account_receivable_turnover_ratio": null,
            "reinvestment_rate": null,
            "research_to_sale_ratio": null,
            "price_fair": 4.56,
            "eps_avg_yearly": 1.52,
            "eps_latest_yearly": 1.64,
            "eps_growth_yearly": -30.05
        },
        "20024": {
            "year_quarter": 20024,
            "year": 2002,
            "quarter": 4,
            "eps": 0.79,
            "eps_growth_year": 33.9,
            "eps_4q": 1.93,
            "eps_4q_growth_year": 93.23,
            "roe": 4.31,
            "roe_4q": 10.77,
            "gross_profit": 135482,
            "gross_margin": 28.85,
            "gross_margin_4q_avg": 28.4,
            "net_income": 42493,
            "net_income_4q": null,
            "revenue": 469548,
            "revenue_4q": null,
            "common_shares": 540000,
            "book_valuer_per_share": 18.53,
            "book_valuer_per_share_4q_avg": 17.9,
            "equity": 1000614,
            "current_ratio": 231.65,
            "debt_ratio": 34.59,
            "inventory_turnover_ratio": 1.27,
            "account_receivable_turnover_ratio": null,
            "reinvestment_rate": -22.81,
            "research_to_sale_ratio": null,
            "price_fair": 67.55,
            "eps_avg_yearly": 1.93,
            "eps_latest_yearly": 3.16,
            "eps_growth_yearly": 70.14
        },
        "20031": {
            "year_quarter": 20031,
            "year": 2003,
            "quarter": 1,
            "eps": 0.92,
            "eps_growth_year": 170.59,
            "eps_4q": 2.51,
            "eps_4q_growth_year": 141.66,
            "roe": 4.83,
            "roe_4q": 13.64,
            "gross_profit": 139185,
            "gross_margin": 32.55,
            "gross_margin_4q_avg": 30.17,
            "net_income": 49476,
            "net_income_4q": null,
            "revenue": 427600,
            "revenue_4q": null,
            "common_shares": 540000,
            "book_valuer_per_share": 19.45,
            "book_valuer_per_share_4q_avg": 18.36,
            "equity": 1050106,
            "current_ratio": 210.18,
            "debt_ratio": 39.66,
            "inventory_turnover_ratio": 1.02,
            "account_receivable_turnover_ratio": null,
            "reinvestment_rate": -23.98,
            "research_to_sale_ratio": null,
            "price_fair": 79.8,
            "eps_avg_yearly": 2.28,
            "eps_latest_yearly": 3.68,
            "eps_growth_yearly": 69.28
        },
        "20032": {
            "year_quarter": 20032,
            "year": 2003,
            "quarter": 2,
            "eps": 1.1,
            "eps_growth_year": 182.05,
            "eps_4q": 3.22,
            "eps_4q_growth_year": 99.31,
            "roe": 5.63,
            "roe_4q": 17.07,
            "gross_profit": 135891,
            "gross_margin": 24.24,
            "gross_margin_4q_avg": 29.69,
            "net_income": 59234,
            "net_income_4q": null,
            "revenue": 560705,
            "revenue_4q": null,
            "common_shares": 540000,
            "book_valuer_per_share": 19.51,
            "book_valuer_per_share_4q_avg": 18.86,
            "equity": 1053307,
            "current_ratio": 215.15,
            "debt_ratio": 37.93,
            "inventory_turnover_ratio": 1.49,
            "account_receivable_turnover_ratio": null,
            "reinvestment_rate": -29.53,
            "research_to_sale_ratio": null,
            "price_fair": 92.17,
            "eps_avg_yearly": 2.63,
            "eps_latest_yearly": 4.4,
            "eps_growth_yearly": 70.78
        },
        "20033": {
            "year_quarter": 20033,
            "year": 2003,
            "quarter": 3,
            "eps": 0.57,
            "eps_growth_year": 39.02,
            "eps_4q": 3.35,
            "eps_4q_growth_year": 93.19,
            "roe": 2.9,
            "roe_4q": 17.669999999999998,
            "gross_profit": 124361,
            "gross_margin": 28.83,
            "gross_margin_4q_avg": 28.62,
            "net_income": 30973,
            "net_income_4q": null,
            "revenue": 431400,
            "revenue_4q": null,
            "common_shares": 540000,
            "book_valuer_per_share": 20,
            "book_valuer_per_share_4q_avg": 19.37,
            "equity": 1080232,
            "current_ratio": 218.26,
            "debt_ratio": 37.12,
            "inventory_turnover_ratio": 1.13,
            "account_receivable_turnover_ratio": null,
            "reinvestment_rate": -35.4,
            "research_to_sale_ratio": null,
            "price_fair": 90.4,
            "eps_avg_yearly": 2.58,
            "eps_latest_yearly": 2.28,
            "eps_growth_yearly": 33.13
        },
        "20034": {
            "year_quarter": 20034,
            "year": 2003,
            "quarter": 4,
            "eps": 1.1,
            "eps_growth_year": 39.24,
            "eps_4q": 3.69,
            "eps_4q_growth_year": 91.08,
            "roe": 5.32,
            "roe_4q": 18.68,
            "gross_profit": 149027,
            "gross_margin": 23.62,
            "gross_margin_4q_avg": 27.31,
            "net_income": 59383,
            "net_income_4q": null,
            "revenue": 631019,
            "revenue_4q": null,
            "common_shares": 540000,
            "book_valuer_per_share": 21.3,
            "book_valuer_per_share_4q_avg": 20.07,
            "equity": 1150193,
            "current_ratio": 209.84,
            "debt_ratio": 41.46,
            "inventory_turnover_ratio": 2.07,
            "account_receivable_turnover_ratio": null,
            "reinvestment_rate": -36.81,
            "research_to_sale_ratio": null,
            "price_fair": 98.35,
            "eps_avg_yearly": 2.81,
            "eps_latest_yearly": 4.4,
            "eps_growth_yearly": 75.48
        },
        "20041": {
            "year_quarter": 20041,
            "year": 2004,
            "quarter": 1,
            "eps": 1.18,
            "eps_growth_year": 28.26,
            "eps_4q": 3.95,
            "eps_4q_growth_year": 57.46,
            "roe": 5.41,
            "roe_4q": 19.26,
            "gross_profit": 140017,
            "gross_margin": 27.15,
            "gross_margin_4q_avg": 25.96,
            "net_income": 63797,
            "net_income_4q": null,
            "revenue": 515623,
            "revenue_4q": null,
            "common_shares": 540000,
            "book_valuer_per_share": 22.36,
            "book_valuer_per_share_4q_avg": 20.79,
            "equity": 1207507,
            "current_ratio": 242.15,
            "debt_ratio": 34.37,
            "inventory_turnover_ratio": 1.88,
            "account_receivable_turnover_ratio": null,
            "reinvestment_rate": -34.29,
            "research_to_sale_ratio": null,
            "price_fair": 105.78,
            "eps_avg_yearly": 3.02,
            "eps_latest_yearly": 4.72,
            "eps_growth_yearly": 70.33
        },
        "20042": {
            "year_quarter": 20042,
            "year": 2004,
            "quarter": 2,
            "eps": 1.45,
            "eps_growth_year": 31.82,
            "eps_4q": 4.3,
            "eps_4q_growth_year": 33.66,
            "roe": 6.59,
            "roe_4q": 20.22,
            "gross_profit": 156585,
            "gross_margin": 27.85,
            "gross_margin_4q_avg": 26.86,
            "net_income": 78484,
            "net_income_4q": null,
            "revenue": 562241,
            "revenue_4q": null,
            "common_shares": 540000,
            "book_valuer_per_share": 21.76,
            "book_valuer_per_share_4q_avg": 21.36,
            "equity": 1175045,
            "current_ratio": 181.14,
            "debt_ratio": 44.14,
            "inventory_turnover_ratio": 1.91,
            "account_receivable_turnover_ratio": null,
            "reinvestment_rate": -30.07,
            "research_to_sale_ratio": null,
            "price_fair": 115.5,
            "eps_avg_yearly": 3.3,
            "eps_latest_yearly": 5.8,
            "eps_growth_yearly": 72.45
        },
        "20043": {
            "year_quarter": 20043,
            "year": 2004,
            "quarter": 3,
            "eps": 0.9,
            "eps_growth_year": 57.89,
            "eps_4q": 4.64,
            "eps_4q_growth_year": 38.42,
            "roe": 4.04,
            "roe_4q": 21.36,
            "gross_profit": 111251,
            "gross_margin": 24.36,
            "gross_margin_4q_avg": 25.75,
            "net_income": 48521,
            "net_income_4q": null,
            "revenue": 456732,
            "revenue_4q": null,
            "common_shares": 540000,
            "book_valuer_per_share": 22.69,
            "book_valuer_per_share_4q_avg": 22.03,
            "equity": 1225176,
            "current_ratio": 215.96,
            "debt_ratio": 37.51,
            "inventory_turnover_ratio": 1.6,
            "account_receivable_turnover_ratio": null,
            "reinvestment_rate": -31.13,
            "research_to_sale_ratio": null,
            "price_fair": 116.45,
            "eps_avg_yearly": 3.33,
            "eps_latest_yearly": 3.6,
            "eps_growth_yearly": 52.07
        },
        "20044": {
            "year_quarter": 20044,
            "year": 2004,
            "quarter": 4,
            "eps": 0.16,
            "eps_growth_year": -85.45,
            "eps_4q": 3.75,
            "eps_4q_growth_year": 1.74,
            "roe": 0.7,
            "roe_4q": 16.740000000000002,
            "gross_profit": 111811,
            "gross_margin": 24.06,
            "gross_margin_4q_avg": 25.86,
            "net_income": 8500,
            "net_income_4q": null,
            "revenue": 464790,
            "revenue_4q": null,
            "common_shares": 540000,
            "book_valuer_per_share": 22.55,
            "book_valuer_per_share_4q_avg": 22.34,
            "equity": 1217889,
            "current_ratio": 185.78,
            "debt_ratio": 44.41,
            "inventory_turnover_ratio": 1.37,
            "account_receivable_turnover_ratio": null,
            "reinvestment_rate": -25.12,
            "research_to_sale_ratio": null,
            "price_fair": 94.1,
            "eps_avg_yearly": 3.1,
            "eps_latest_yearly": 0.64,
            "eps_growth_yearly": 20.32
        },
        "20051": {
            "year_quarter": 20051,
            "year": 2005,
            "quarter": 1,
            "eps": 0.87,
            "eps_growth_year": -26.27,
            "eps_4q": 3.37,
            "eps_4q_growth_year": -14.73,
            "roe": 3.81,
            "roe_4q": 15.14,
            "gross_profit": 90436,
            "gross_margin": 21.15,
            "gross_margin_4q_avg": 24.36,
            "net_income": 47241,
            "net_income_4q": null,
            "revenue": 427594,
            "revenue_4q": null,
            "common_shares": 540000,
            "book_valuer_per_share": 23.42,
            "book_valuer_per_share_4q_avg": 22.61,
            "equity": 1264593,
            "current_ratio": 236.34,
            "debt_ratio": 34.93,
            "inventory_turnover_ratio": 1.18,
            "account_receivable_turnover_ratio": null,
            "reinvestment_rate": -22.94,
            "research_to_sale_ratio": null,
            "price_fair": 109.63,
            "eps_avg_yearly": 3.13,
            "eps_latest_yearly": 3.48,
            "eps_growth_yearly": 155.3
        },
        "20052": {
            "year_quarter": 20052,
            "year": 2005,
            "quarter": 2,
            "eps": 0.87,
            "eps_growth_year": -40,
            "eps_4q": 2.8,
            "eps_4q_growth_year": -34.82,
            "roe": 3.82,
            "roe_4q": 12.370000000000001,
            "gross_profit": 127224,
            "gross_margin": 24.81,
            "gross_margin_4q_avg": 23.6,
            "net_income": 46968,
            "net_income_4q": null,
            "revenue": 512800,
            "revenue_4q": null,
            "common_shares": 540000,
            "book_valuer_per_share": 22.11,
            "book_valuer_per_share_4q_avg": 22.69,
            "equity": 1193878,
            "current_ratio": 195.98,
            "debt_ratio": 40.94,
            "inventory_turnover_ratio": 1.41,
            "account_receivable_turnover_ratio": null,
            "reinvestment_rate": -20.23,
            "research_to_sale_ratio": null,
            "price_fair": 110.5,
            "eps_avg_yearly": 3.16,
            "eps_latest_yearly": 3.48,
            "eps_growth_yearly": 144.2
        },
        "20053": {
            "year_quarter": 20053,
            "year": 2005,
            "quarter": 3,
            "eps": 1.13,
            "eps_growth_year": 25.56,
            "eps_4q": 3.03,
            "eps_4q_growth_year": -34.62,
            "roe": 4.94,
            "roe_4q": 13.27,
            "gross_profit": 145860,
            "gross_margin": 28.55,
            "gross_margin_4q_avg": 24.64,
            "net_income": 60954,
            "net_income_4q": null,
            "revenue": 510965,
            "revenue_4q": null,
            "common_shares": 540000,
            "book_valuer_per_share": 23.55,
            "book_valuer_per_share_4q_avg": 22.91,
            "equity": 1271523,
            "current_ratio": 222.17,
            "debt_ratio": 37.22,
            "inventory_turnover_ratio": 1.43,
            "account_receivable_turnover_ratio": null,
            "reinvestment_rate": -17.05,
            "research_to_sale_ratio": null,
            "price_fair": 113.68,
            "eps_avg_yearly": 3.25,
            "eps_latest_yearly": 4.52,
            "eps_growth_yearly": 142.56
        },
        "20054": {
            "year_quarter": 20054,
            "year": 2005,
            "quarter": 4,
            "eps": 0.7,
            "eps_growth_year": 337.5,
            "eps_4q": 3.56,
            "eps_4q_growth_year": -5.09,
            "roe": 2.79,
            "roe_4q": 15.360000000000001,
            "gross_profit": 162405,
            "gross_margin": 27.42,
            "gross_margin_4q_avg": 25.48,
            "net_income": 37967,
            "net_income_4q": null,
            "revenue": 592226,
            "revenue_4q": null,
            "common_shares": 540000,
            "book_valuer_per_share": 24.85,
            "book_valuer_per_share_4q_avg": 23.48,
            "equity": 1450097,
            "current_ratio": 221.95,
            "debt_ratio": 35.6,
            "inventory_turnover_ratio": 1.73,
            "account_receivable_turnover_ratio": null,
            "reinvestment_rate": 9.84,
            "research_to_sale_ratio": null,
            "price_fair": 112.7,
            "eps_avg_yearly": 3.22,
            "eps_latest_yearly": 2.8,
            "eps_growth_yearly": 124.14
        },
        "20061": {
            "year_quarter": 20061,
            "year": 2006,
            "quarter": 1,
            "eps": 1.1,
            "eps_growth_year": 26.44,
            "eps_4q": 3.8,
            "eps_4q_growth_year": 12.85,
            "roe": 4.18,
            "roe_4q": 15.73,
            "gross_profit": 95470,
            "gross_margin": 23.44,
            "gross_margin_4q_avg": 26.06,
            "net_income": 59479,
            "net_income_4q": null,
            "revenue": 407254,
            "revenue_4q": null,
            "common_shares": 540000,
            "book_valuer_per_share": 25.88,
            "book_valuer_per_share_4q_avg": 24.1,
            "equity": 1397575,
            "current_ratio": 273.12,
            "debt_ratio": 29.98,
            "inventory_turnover_ratio": 1.29,
            "account_receivable_turnover_ratio": null,
            "reinvestment_rate": -11.42,
            "research_to_sale_ratio": null,
            "price_fair": 119.35,
            "eps_avg_yearly": 3.41,
            "eps_latest_yearly": 4.4,
            "eps_growth_yearly": 149.02
        },
        "20062": {
            "year_quarter": 20062,
            "year": 2006,
            "quarter": 2,
            "eps": 0.54,
            "eps_growth_year": -37.93,
            "eps_4q": 3.49,
            "eps_4q_growth_year": 24.53,
            "roe": 2.13,
            "roe_4q": 14.04,
            "gross_profit": 74506,
            "gross_margin": 21.4,
            "gross_margin_4q_avg": 25.2,
            "net_income": 29011,
            "net_income_4q": null,
            "revenue": 348179,
            "revenue_4q": null,
            "common_shares": 540000,
            "book_valuer_per_share": 24.49,
            "book_valuer_per_share_4q_avg": 24.69,
            "equity": 1322688,
            "current_ratio": 245.3,
            "debt_ratio": 31.19,
            "inventory_turnover_ratio": 1.34,
            "account_receivable_turnover_ratio": null,
            "reinvestment_rate": -5.44,
            "research_to_sale_ratio": null,
            "price_fair": 120.66,
            "eps_avg_yearly": 3.45,
            "eps_latest_yearly": 2.16,
            "eps_growth_yearly": 132.61
        },
        "20063": {
            "year_quarter": 20063,
            "year": 2006,
            "quarter": 3,
            "eps": -0.23,
            "eps_growth_year": -120.35,
            "eps_4q": 2.11,
            "eps_4q_growth_year": -30.43,
            "roe": -0.94,
            "roe_4q": 8.16,
            "gross_profit": 62589,
            "gross_margin": 26.37,
            "gross_margin_4q_avg": 24.66,
            "net_income": -12478,
            "net_income_4q": null,
            "revenue": 237312,
            "revenue_4q": null,
            "common_shares": 540000,
            "book_valuer_per_share": 24.42,
            "book_valuer_per_share_4q_avg": 24.91,
            "equity": 1318598,
            "current_ratio": 287.61,
            "debt_ratio": 26.86,
            "inventory_turnover_ratio": 0.92,
            "account_receivable_turnover_ratio": null,
            "reinvestment_rate": 4.41,
            "research_to_sale_ratio": null,
            "price_fair": 124.88,
            "eps_avg_yearly": 3.57,
            "eps_latest_yearly": 2.16,
            "eps_growth_yearly": 140.09
        },
        "20064": {
            "year_quarter": 20064,
            "year": 2006,
            "quarter": 4,
            "eps": -0.31,
            "eps_growth_year": -144.29,
            "eps_4q": 1.63,
            "eps_4q_growth_year": -54.26,
            "roe": -1.24,
            "roe_4q": 4.13,
            "gross_profit": 69922,
            "gross_margin": 24.61,
            "gross_margin_4q_avg": 23.96,
            "net_income": -16767,
            "net_income_4q": null,
            "revenue": 284164,
            "revenue_4q": null,
            "common_shares": 540000,
            "book_valuer_per_share": 24.13,
            "book_valuer_per_share_4q_avg": 24.73,
            "equity": 1393231,
            "current_ratio": 214.81,
            "debt_ratio": 41.06,
            "inventory_turnover_ratio": 1.02,
            "account_receivable_turnover_ratio": null,
            "reinvestment_rate": 25.01,
            "research_to_sale_ratio": null,
            "price_fair": 125.9,
            "eps_avg_yearly": 3.6,
            "eps_latest_yearly": 2.16,
            "eps_growth_yearly": 123.61
        },
        "20071": {
            "year_quarter": 20071,
            "year": 2007,
            "quarter": 1,
            "eps": 0.17,
            "eps_growth_year": -84.55,
            "eps_4q": 0.17,
            "eps_4q_growth_year": -95.64,
            "roe": 0.68,
            "roe_4q": 0.6299999999999999,
            "gross_profit": 43511,
            "gross_margin": 18.87,
            "gross_margin_4q_avg": 22.81,
            "net_income": 9151,
            "net_income_4q": null,
            "revenue": 230600,
            "revenue_4q": null,
            "common_shares": 540000,
            "book_valuer_per_share": 24.3,
            "book_valuer_per_share_4q_avg": 24.34,
            "equity": 1312185,
            "current_ratio": 248.6,
            "debt_ratio": 25.12,
            "inventory_turnover_ratio": 0.89,
            "account_receivable_turnover_ratio": null,
            "reinvestment_rate": 2.67,
            "research_to_sale_ratio": null,
            "price_fair": 125.68,
            "eps_avg_yearly": 3.59,
            "eps_latest_yearly": 2.16,
            "eps_growth_yearly": 128.06
        },
        "20072": {
            "year_quarter": 20072,
            "year": 2007,
            "quarter": 2,
            "eps": 0.17,
            "eps_growth_year": -68.52,
            "eps_4q": -0.21,
            "eps_4q_growth_year": -106.06,
            "roe": 0.69,
            "roe_4q": -0.8099999999999998,
            "gross_profit": 52202,
            "gross_margin": 24.17,
            "gross_margin_4q_avg": 23.51,
            "net_income": 8954,
            "net_income_4q": null,
            "revenue": 215972,
            "revenue_4q": null,
            "common_shares": 540000,
            "book_valuer_per_share": 24.09,
            "book_valuer_per_share_4q_avg": 24.24,
            "equity": 1301002,
            "current_ratio": 209.83,
            "debt_ratio": 26.72,
            "inventory_turnover_ratio": 0.95,
            "account_receivable_turnover_ratio": null,
            "reinvestment_rate": 14.07,
            "research_to_sale_ratio": null,
            "price_fair": 115.66,
            "eps_avg_yearly": 3.3,
            "eps_latest_yearly": 0.68,
            "eps_growth_yearly": 122.04
        },
        "20073": {
            "year_quarter": 20073,
            "year": 2007,
            "quarter": 3,
            "eps": 0.22,
            "eps_growth_year": null,
            "eps_4q": 0.24,
            "eps_4q_growth_year": -88.43,
            "roe": 0.93,
            "roe_4q": 1.0600000000000003,
            "gross_profit": 39687,
            "gross_margin": 22.2,
            "gross_margin_4q_avg": 22.46,
            "net_income": 12117,
            "net_income_4q": null,
            "revenue": 178733,
            "revenue_4q": null,
            "common_shares": 540000,
            "book_valuer_per_share": 24.32,
            "book_valuer_per_share_4q_avg": 24.21,
            "equity": 1313119,
            "current_ratio": 238.04,
            "debt_ratio": 23.92,
            "inventory_turnover_ratio": 0.91,
            "account_receivable_turnover_ratio": null,
            "reinvestment_rate": 15.3,
            "research_to_sale_ratio": null,
            "price_fair": 111.89,
            "eps_avg_yearly": 3.2,
            "eps_latest_yearly": 0.88,
            "eps_growth_yearly": 145.91
        },
        "20074": {
            "year_quarter": 20074,
            "year": 2007,
            "quarter": 4,
            "eps": -0.34,
            "eps_growth_year": null,
            "eps_4q": 0.67,
            "eps_4q_growth_year": -58.64,
            "roe": -1.39,
            "roe_4q": 0.9100000000000001,
            "gross_profit": 58093,
            "gross_margin": 27.07,
            "gross_margin_4q_avg": 23.08,
            "net_income": -18132,
            "net_income_4q": null,
            "revenue": 214591,
            "revenue_4q": null,
            "common_shares": 540000,
            "book_valuer_per_share": 24.15,
            "book_valuer_per_share_4q_avg": 24.22,
            "equity": 1295924,
            "current_ratio": 161.6,
            "debt_ratio": 30.21,
            "inventory_turnover_ratio": 0.87,
            "account_receivable_turnover_ratio": null,
            "reinvestment_rate": 34.23,
            "research_to_sale_ratio": null,
            "price_fair": 108.38,
            "eps_avg_yearly": 3.1,
            "eps_latest_yearly": 0.88,
            "eps_growth_yearly": 127.08
        },
        "20081": {
            "year_quarter": 20081,
            "year": 2008,
            "quarter": 1,
            "eps": -0.42,
            "eps_growth_year": -347.06,
            "eps_4q": -0.31,
            "eps_4q_growth_year": -289.81,
            "roe": -2.07,
            "roe_4q": -1.8399999999999999,
            "gross_profit": 44158,
            "gross_margin": 21.89,
            "gross_margin_4q_avg": 23.83,
            "net_income": -26533,
            "net_income_4q": null,
            "revenue": 201761,
            "revenue_4q": null,
            "common_shares": 540000,
            "book_valuer_per_share": 23.47,
            "book_valuer_per_share_4q_avg": 24.01,
            "equity": 1269157,
            "current_ratio": 156.39,
            "debt_ratio": 30.53,
            "inventory_turnover_ratio": 0.74,
            "account_receivable_turnover_ratio": null,
            "reinvestment_rate": 46.64,
            "research_to_sale_ratio": null,
            "price_fair": 103.22,
            "eps_avg_yearly": 2.95,
            "eps_latest_yearly": 0.88,
            "eps_growth_yearly": 135.98
        },
        "20082": {
            "year_quarter": 20082,
            "year": 2008,
            "quarter": 2,
            "eps": 0.1,
            "eps_growth_year": -41.18,
            "eps_4q": -0.57,
            "eps_4q_growth_year": null,
            "roe": 0.32,
            "roe_4q": -2.2099999999999995,
            "gross_profit": 47439,
            "gross_margin": 23.48,
            "gross_margin_4q_avg": 23.66,
            "net_income": 4140,
            "net_income_4q": null,
            "revenue": 202011,
            "revenue_4q": null,
            "common_shares": 540000,
            "book_valuer_per_share": 23.7,
            "book_valuer_per_share_4q_avg": 23.91,
            "equity": 1285233,
            "current_ratio": 139.78,
            "debt_ratio": 33.06,
            "inventory_turnover_ratio": 0.68,
            "account_receivable_turnover_ratio": null,
            "reinvestment_rate": 78.91,
            "research_to_sale_ratio": null,
            "price_fair": 93.24,
            "eps_avg_yearly": 2.66,
            "eps_latest_yearly": 0.88,
            "eps_growth_yearly": 140.43
        },
        "20083": {
            "year_quarter": 20083,
            "year": 2008,
            "quarter": 3,
            "eps": -0.5,
            "eps_growth_year": -327.27,
            "eps_4q": -1.16,
            "eps_4q_growth_year": -576.48,
            "roe": -2.24,
            "roe_4q": -5.38,
            "gross_profit": 53650,
            "gross_margin": 21.87,
            "gross_margin_4q_avg": 23.58,
            "net_income": -28920,
            "net_income_4q": null,
            "revenue": 245352,
            "revenue_4q": null,
            "common_shares": 540000,
            "book_valuer_per_share": 23.91,
            "book_valuer_per_share_4q_avg": 23.81,
            "equity": 1295419,
            "current_ratio": 143.52,
            "debt_ratio": 32.88,
            "inventory_turnover_ratio": 0.84,
            "account_receivable_turnover_ratio": null,
            "reinvestment_rate": 123.34,
            "research_to_sale_ratio": null,
            "price_fair": 89.6,
            "eps_avg_yearly": 2.56,
            "eps_latest_yearly": 0.88,
            "eps_growth_yearly": 172.89
        },
        "20084": {
            "year_quarter": 20084,
            "year": 2008,
            "quarter": 4,
            "eps": -0.59,
            "eps_growth_year": null,
            "eps_4q": -1.21,
            "eps_4q_growth_year": -279.37,
            "roe": -3.02,
            "roe_4q": -7.01,
            "gross_profit": 12493,
            "gross_margin": 6.18,
            "gross_margin_4q_avg": 18.36,
            "net_income": -38754,
            "net_income_4q": null,
            "revenue": 202163,
            "revenue_4q": null,
            "common_shares": 540000,
            "book_valuer_per_share": 23.65,
            "book_valuer_per_share_4q_avg": 23.68,
            "equity": 1273761,
            "current_ratio": 183.49,
            "debt_ratio": 35.18,
            "inventory_turnover_ratio": 0.87,
            "account_receivable_turnover_ratio": 3.49,
            "reinvestment_rate": 161.42,
            "research_to_sale_ratio": null,
            "price_fair": 98,
            "eps_avg_yearly": 2.8,
            "eps_latest_yearly": 0.88,
            "eps_growth_yearly": 235.61
        },
        "20091": {
            "year_quarter": 20091,
            "year": 2009,
            "quarter": 1,
            "eps": 0.04,
            "eps_growth_year": null,
            "eps_4q": -2.37,
            "eps_4q_growth_year": null,
            "roe": 0.07,
            "roe_4q": -4.87,
            "gross_profit": 38710,
            "gross_margin": 26.63,
            "gross_margin_4q_avg": 19.54,
            "net_income": 876,
            "net_income_4q": null,
            "revenue": 145388,
            "revenue_4q": null,
            "common_shares": 540000,
            "book_valuer_per_share": 24.09,
            "book_valuer_per_share_4q_avg": 23.84,
            "equity": 1296780,
            "current_ratio": 174.64,
            "debt_ratio": 34.85,
            "inventory_turnover_ratio": 0.49,
            "account_receivable_turnover_ratio": 1.16,
            "reinvestment_rate": 224.9,
            "research_to_sale_ratio": null,
            "price_fair": 69.47,
            "eps_avg_yearly": 2.7,
            "eps_latest_yearly": 0.88,
            "eps_growth_yearly": 15.7
        },
        "20092": {
            "year_quarter": 20092,
            "year": 2009,
            "quarter": 2,
            "eps": 0.26,
            "eps_growth_year": 160,
            "eps_4q": -0.73,
            "eps_4q_growth_year": null,
            "roe": 1.19,
            "roe_4q": -4,
            "gross_profit": 45381,
            "gross_margin": 19.32,
            "gross_margin_4q_avg": 18.5,
            "net_income": 15253,
            "net_income_4q": null,
            "revenue": 234857,
            "revenue_4q": null,
            "common_shares": 540000,
            "book_valuer_per_share": 23.64,
            "book_valuer_per_share_4q_avg": 23.82,
            "equity": 1276650,
            "current_ratio": 179.41,
            "debt_ratio": 31.72,
            "inventory_turnover_ratio": 0.97,
            "account_receivable_turnover_ratio": 1.77,
            "reinvestment_rate": 287.33,
            "research_to_sale_ratio": null,
            "price_fair": 82.4,
            "eps_avg_yearly": 2.35,
            "eps_latest_yearly": 1.04,
            "eps_growth_yearly": 329.99
        },
        "20093": {
            "year_quarter": 20093,
            "year": 2009,
            "quarter": 3,
            "eps": 0.47,
            "eps_growth_year": null,
            "eps_4q": 0.18,
            "eps_4q_growth_year": null,
            "roe": 1.96,
            "roe_4q": 0.19999999999999973,
            "gross_profit": 46681,
            "gross_margin": 21.1,
            "gross_margin_4q_avg": 18.31,
            "net_income": 25195,
            "net_income_4q": null,
            "revenue": 221271,
            "revenue_4q": null,
            "common_shares": 540000,
            "book_valuer_per_share": 23.99,
            "book_valuer_per_share_4q_avg": 23.84,
            "equity": 1295238,
            "current_ratio": 207.4,
            "debt_ratio": 29.51,
            "inventory_turnover_ratio": 1.04,
            "account_receivable_turnover_ratio": 1.69,
            "reinvestment_rate": 373.01,
            "research_to_sale_ratio": null,
            "price_fair": 69.2,
            "eps_avg_yearly": 1.98,
            "eps_latest_yearly": 1.88,
            "eps_growth_yearly": 359.06
        },
        "20094": {
            "year_quarter": 20094,
            "year": 2009,
            "quarter": 4,
            "eps": 0.41,
            "eps_growth_year": null,
            "eps_4q": 1.18,
            "eps_4q_growth_year": null,
            "roe": 1.72,
            "roe_4q": 4.9399999999999995,
            "gross_profit": 34247,
            "gross_margin": 16.77,
            "gross_margin_4q_avg": 20.96,
            "net_income": 22292,
            "net_income_4q": null,
            "revenue": 204183,
            "revenue_4q": null,
            "common_shares": 540000,
            "book_valuer_per_share": 24.05,
            "book_valuer_per_share_4q_avg": 23.94,
            "equity": 1298578,
            "current_ratio": 171.1,
            "debt_ratio": 32.99,
            "inventory_turnover_ratio": 0.9,
            "account_receivable_turnover_ratio": 2.39,
            "reinvestment_rate": 1265.55,
            "research_to_sale_ratio": null,
            "price_fair": 63.4,
            "eps_avg_yearly": 1.81,
            "eps_latest_yearly": 1.64,
            "eps_growth_yearly": 373.51
        },
        "20101": {
            "year_quarter": 20101,
            "year": 2010,
            "quarter": 1,
            "eps": 0.39,
            "eps_growth_year": 875,
            "eps_4q": 1.53,
            "eps_4q_growth_year": null,
            "roe": 1.61,
            "roe_4q": 6.48,
            "gross_profit": 49399,
            "gross_margin": 22.9,
            "gross_margin_4q_avg": 20.02,
            "net_income": 21073,
            "net_income_4q": null,
            "revenue": 215725,
            "revenue_4q": null,
            "common_shares": 540000,
            "book_valuer_per_share": 24.39,
            "book_valuer_per_share_4q_avg": 24.02,
            "equity": 1317301,
            "current_ratio": 192.53,
            "debt_ratio": 28.85,
            "inventory_turnover_ratio": 0.81,
            "account_receivable_turnover_ratio": 1.37,
            "reinvestment_rate": 11208.17,
            "research_to_sale_ratio": 4.52,
            "price_fair": 49.2,
            "eps_avg_yearly": 1.41,
            "eps_latest_yearly": 1.56,
            "eps_growth_yearly": 338.07
        },
        "20102": {
            "year_quarter": 20102,
            "year": 2010,
            "quarter": 2,
            "eps": 0.3,
            "eps_growth_year": 16.45,
            "eps_4q": 1.57,
            "eps_4q_growth_year": null,
            "roe": 1.24,
            "roe_4q": 6.53,
            "gross_profit": 49264,
            "gross_margin": 22.32,
            "gross_margin_4q_avg": 20.77,
            "net_income": 16349,
            "net_income_4q": null,
            "revenue": 220757,
            "revenue_4q": null,
            "common_shares": 540000,
            "book_valuer_per_share": 24.46,
            "book_valuer_per_share_4q_avg": 24.22,
            "equity": 1320874,
            "current_ratio": 147.81,
            "debt_ratio": 35.29,
            "inventory_turnover_ratio": 0.73,
            "account_receivable_turnover_ratio": 1.34,
            "reinvestment_rate": null,
            "research_to_sale_ratio": 6.05,
            "price_fair": 44.4,
            "eps_avg_yearly": 1.27,
            "eps_latest_yearly": 1.2,
            "eps_growth_yearly": 353.98
        },
        "20103": {
            "year_quarter": 20103,
            "year": 2010,
            "quarter": 3,
            "eps": 0.91,
            "eps_growth_year": 94.05,
            "eps_4q": 2.02,
            "eps_4q_growth_year": 1039.71,
            "roe": 3.67,
            "roe_4q": 8.24,
            "gross_profit": 61196,
            "gross_margin": 17.95,
            "gross_margin_4q_avg": 19.99,
            "net_income": 49250,
            "net_income_4q": null,
            "revenue": 340956,
            "revenue_4q": null,
            "common_shares": 540000,
            "book_valuer_per_share": 25.2,
            "book_valuer_per_share_4q_avg": 24.53,
            "equity": 1360783,
            "current_ratio": 146.02,
            "debt_ratio": 36.27,
            "inventory_turnover_ratio": 1.02,
            "account_receivable_turnover_ratio": 1.48,
            "reinvestment_rate": 1252.9,
            "research_to_sale_ratio": 2.23,
            "price_fair": 54.78,
            "eps_avg_yearly": 1.57,
            "eps_latest_yearly": 3.64,
            "eps_growth_yearly": 411.4
        },
        "20104": {
            "year_quarter": 20104,
            "year": 2010,
            "quarter": 4,
            "eps": 0.74,
            "eps_growth_year": 79.54,
            "eps_4q": 2.34,
            "eps_4q_growth_year": 98.44,
            "roe": 2.93,
            "roe_4q": 9.45,
            "gross_profit": 102767,
            "gross_margin": 24.38,
            "gross_margin_4q_avg": 21.89,
            "net_income": 39750,
            "net_income_4q": null,
            "revenue": 421548,
            "revenue_4q": null,
            "common_shares": 540000,
            "book_valuer_per_share": 25.04,
            "book_valuer_per_share_4q_avg": 24.77,
            "equity": 1352126,
            "current_ratio": 161.64,
            "debt_ratio": 37.09,
            "inventory_turnover_ratio": 1.12,
            "account_receivable_turnover_ratio": 1.59,
            "reinvestment_rate": 497.43,
            "research_to_sale_ratio": 4.7,
            "price_fair": 60.2,
            "eps_avg_yearly": 1.72,
            "eps_latest_yearly": 2.96,
            "eps_growth_yearly": 357.38
        },
        "20111": {
            "year_quarter": 20111,
            "year": 2011,
            "quarter": 1,
            "eps": 1.1,
            "eps_growth_year": 182.05,
            "eps_4q": 3.05,
            "eps_4q_growth_year": 98.81,
            "roe": 4.25,
            "roe_4q": 12.09,
            "gross_profit": 53118,
            "gross_margin": 17.48,
            "gross_margin_4q_avg": 20.53,
            "net_income": 59271,
            "net_income_4q": null,
            "revenue": 303837,
            "revenue_4q": null,
            "common_shares": 540000,
            "book_valuer_per_share": 26.61,
            "book_valuer_per_share_4q_avg": 25.33,
            "equity": 1436884,
            "current_ratio": 197.32,
            "debt_ratio": 32.72,
            "inventory_turnover_ratio": 0.85,
            "account_receivable_turnover_ratio": 1.32,
            "reinvestment_rate": 388.92,
            "research_to_sale_ratio": 5.25,
            "price_fair": 69.58,
            "eps_avg_yearly": 1.99,
            "eps_latest_yearly": 4.4,
            "eps_growth_yearly": 341.1
        },
        "20112": {
            "year_quarter": 20112,
            "year": 2011,
            "quarter": 2,
            "eps": 0.87,
            "eps_growth_year": 188.31,
            "eps_4q": 3.62,
            "eps_4q_growth_year": 130.14,
            "roe": 3.31,
            "roe_4q": 14.16,
            "gross_profit": 68941,
            "gross_margin": 22.15,
            "gross_margin_4q_avg": 20.49,
            "net_income": 47135,
            "net_income_4q": null,
            "revenue": 311238,
            "revenue_4q": null,
            "common_shares": 540000,
            "book_valuer_per_share": 26.06,
            "book_valuer_per_share_4q_avg": 25.73,
            "equity": 1407452,
            "current_ratio": 175.87,
            "debt_ratio": 37.95,
            "inventory_turnover_ratio": 0.69,
            "account_receivable_turnover_ratio": 1.37,
            "reinvestment_rate": 284.32,
            "research_to_sale_ratio": 5.23,
            "price_fair": 79.38,
            "eps_avg_yearly": 2.27,
            "eps_latest_yearly": 3.48,
            "eps_growth_yearly": 332.74
        },
        "20113": {
            "year_quarter": 20113,
            "year": 2011,
            "quarter": 3,
            "eps": 1.07,
            "eps_growth_year": 17.28,
            "eps_4q": 3.78,
            "eps_4q_growth_year": 87.14,
            "roe": 3.98,
            "roe_4q": 14.469999999999999,
            "gross_profit": 69751,
            "gross_margin": 17.84,
            "gross_margin_4q_avg": 20.46,
            "net_income": 57759,
            "net_income_4q": null,
            "revenue": 390906,
            "revenue_4q": null,
            "common_shares": 540000,
            "book_valuer_per_share": 27.67,
            "book_valuer_per_share_4q_avg": 26.35,
            "equity": 1494324,
            "current_ratio": 173.81,
            "debt_ratio": 37.26,
            "inventory_turnover_ratio": 0.77,
            "account_receivable_turnover_ratio": 1.46,
            "reinvestment_rate": 242.68,
            "research_to_sale_ratio": 3.9,
            "price_fair": 91.28,
            "eps_avg_yearly": 2.61,
            "eps_latest_yearly": 4.28,
            "eps_growth_yearly": 330.17
        },
        "20114": {
            "year_quarter": 20114,
            "year": 2011,
            "quarter": 4,
            "eps": -0.21,
            "eps_growth_year": -128.22,
            "eps_4q": 2.36,
            "eps_4q_growth_year": 0.69,
            "roe": -0.78,
            "roe_4q": 10.76,
            "gross_profit": 93492,
            "gross_margin": 18.57,
            "gross_margin_4q_avg": 19.01,
            "net_income": -13297,
            "net_income_4q": null,
            "revenue": 503498,
            "revenue_4q": null,
            "common_shares": 640000,
            "book_valuer_per_share": 29.72,
            "book_valuer_per_share_4q_avg": 27.52,
            "equity": 1902291,
            "current_ratio": 229.67,
            "debt_ratio": 29.01,
            "inventory_turnover_ratio": 0.98,
            "account_receivable_turnover_ratio": 1.48,
            "reinvestment_rate": 230.07,
            "research_to_sale_ratio": 3.87,
            "price_fair": 91.28,
            "eps_avg_yearly": 2.61,
            "eps_latest_yearly": 4.28,
            "eps_growth_yearly": 330.17
        },
        "20121": {
            "year_quarter": 20121,
            "year": 2012,
            "quarter": 1,
            "eps": 0.24,
            "eps_growth_year": -78.18,
            "eps_4q": 1.67,
            "eps_4q_growth_year": -45.08,
            "roe": 0.82,
            "roe_4q": 7.33,
            "gross_profit": 80939,
            "gross_margin": 18.46,
            "gross_margin_4q_avg": 19.26,
            "net_income": 15559,
            "net_income_4q": null,
            "revenue": 438400,
            "revenue_4q": null,
            "common_shares": 640000,
            "book_valuer_per_share": 29.56,
            "book_valuer_per_share_4q_avg": 28.25,
            "equity": 1891998,
            "current_ratio": 223.87,
            "debt_ratio": 28.58,
            "inventory_turnover_ratio": 0.87,
            "account_receivable_turnover_ratio": 1.13,
            "reinvestment_rate": 192.66,
            "research_to_sale_ratio": 4.09,
            "price_fair": 91.28,
            "eps_avg_yearly": 2.61,
            "eps_latest_yearly": 4.28,
            "eps_growth_yearly": 330.17
        },
        "20122": {
            "year_quarter": 20122,
            "year": 2012,
            "quarter": 2,
            "eps": 0.12,
            "eps_growth_year": -86.76,
            "eps_4q": 1.05,
            "eps_4q_growth_year": -70.89,
            "roe": 0.39,
            "roe_4q": 4.41,
            "gross_profit": 88771,
            "gross_margin": 26.42,
            "gross_margin_4q_avg": 20.32,
            "net_income": 7395,
            "net_income_4q": null,
            "revenue": 336046,
            "revenue_4q": null,
            "common_shares": 640000,
            "book_valuer_per_share": 29.04,
            "book_valuer_per_share_4q_avg": 29,
            "equity": 1858418,
            "current_ratio": 197.72,
            "debt_ratio": 30.51,
            "inventory_turnover_ratio": 0.53,
            "account_receivable_turnover_ratio": 0.98,
            "reinvestment_rate": 165.55,
            "research_to_sale_ratio": 4.78,
            "price_fair": 84.51,
            "eps_avg_yearly": 2.41,
            "eps_latest_yearly": 0.48,
            "eps_growth_yearly": 281.97
        },
        "20123": {
            "year_quarter": 20123,
            "year": 2012,
            "quarter": 3,
            "eps": 0.45,
            "eps_growth_year": -57.85,
            "eps_4q": 0.6,
            "eps_4q_growth_year": -84.07,
            "roe": 1.53,
            "roe_4q": 1.9599999999999997,
            "gross_profit": 96221,
            "gross_margin": 16.47,
            "gross_margin_4q_avg": 19.98,
            "net_income": 28852,
            "net_income_4q": null,
            "revenue": 584169,
            "revenue_4q": null,
            "common_shares": 640000,
            "book_valuer_per_share": 30.01,
            "book_valuer_per_share_4q_avg": 29.58,
            "equity": 1920822,
            "current_ratio": 252.55,
            "debt_ratio": 22.03,
            "inventory_turnover_ratio": 1.02,
            "account_receivable_turnover_ratio": 1.86,
            "reinvestment_rate": 138.2,
            "research_to_sale_ratio": 3.44,
            "price_fair": 82.72,
            "eps_avg_yearly": 2.36,
            "eps_latest_yearly": 1.8,
            "eps_growth_yearly": 350.14
        },
        "20124": {
            "year_quarter": 20124,
            "year": 2012,
            "quarter": 4,
            "eps": -0.49,
            "eps_growth_year": null,
            "eps_4q": 0.32,
            "eps_4q_growth_year": -86.49,
            "roe": -1.67,
            "roe_4q": 1.07,
            "gross_profit": 74026,
            "gross_margin": 17.92,
            "gross_margin_4q_avg": 19.82,
            "net_income": -31421,
            "net_income_4q": null,
            "revenue": 412987,
            "revenue_4q": null,
            "common_shares": 640000,
            "book_valuer_per_share": 28.82,
            "book_valuer_per_share_4q_avg": 29.36,
            "equity": 1844328,
            "current_ratio": 202.43,
            "debt_ratio": 26.08,
            "inventory_turnover_ratio": 0.75,
            "account_receivable_turnover_ratio": 1.28,
            "reinvestment_rate": 137.62,
            "research_to_sale_ratio": 4.2,
            "price_fair": 82.72,
            "eps_avg_yearly": 2.36,
            "eps_latest_yearly": 1.8,
            "eps_growth_yearly": 350.14
        },
        "20131": {
            "year_quarter": 20131,
            "year": 2013,
            "quarter": 1,
            "eps": 0.43,
            "eps_growth_year": 79.17,
            "eps_4q": 0.5,
            "eps_4q_growth_year": -69.91,
            "roe": 1.47,
            "roe_4q": 1.7200000000000002,
            "gross_profit": 81603,
            "gross_margin": 20.3,
            "gross_margin_4q_avg": 20.28,
            "net_income": 27417,
            "net_income_4q": null,
            "revenue": 401894,
            "revenue_4q": null,
            "common_shares": 640000,
            "book_valuer_per_share": 29.64,
            "book_valuer_per_share_4q_avg": 29.38,
            "equity": 1897202,
            "current_ratio": 249.13,
            "debt_ratio": 31.55,
            "inventory_turnover_ratio": 0.75,
            "account_receivable_turnover_ratio": 1.16,
            "reinvestment_rate": 124.72,
            "research_to_sale_ratio": 3.6,
            "price_fair": 82.72,
            "eps_avg_yearly": 2.36,
            "eps_latest_yearly": 1.8,
            "eps_growth_yearly": 350.14
        },
        "20132": {
            "year_quarter": 20132,
            "year": 2013,
            "quarter": 2,
            "eps": -0.09,
            "eps_growth_year": -177.89,
            "eps_4q": 0.3,
            "eps_4q_growth_year": -71.32,
            "roe": -0.29,
            "roe_4q": 1.04,
            "gross_profit": 57365,
            "gross_margin": 20.02,
            "gross_margin_4q_avg": 18.68,
            "net_income": -5512,
            "net_income_4q": null,
            "revenue": 286548,
            "revenue_4q": null,
            "common_shares": 640000,
            "book_valuer_per_share": 29.68,
            "book_valuer_per_share_4q_avg": 29.54,
            "equity": 1899367,
            "current_ratio": 257.05,
            "debt_ratio": 30.49,
            "inventory_turnover_ratio": 0.56,
            "account_receivable_turnover_ratio": 0.91,
            "reinvestment_rate": 136.51,
            "research_to_sale_ratio": 7.44,
            "price_fair": 86.93,
            "eps_avg_yearly": 2.48,
            "eps_latest_yearly": 1.8,
            "eps_growth_yearly": 181.97
        },
        "20133": {
            "year_quarter": 20133,
            "year": 2013,
            "quarter": 3,
            "eps": 0.09,
            "eps_growth_year": -80.04,
            "eps_4q": -0.06,
            "eps_4q_growth_year": -109.51,
            "roe": 0.31,
            "roe_4q": -0.17999999999999994,
            "gross_profit": 57897,
            "gross_margin": 20.95,
            "gross_margin_4q_avg": 19.8,
            "net_income": 5855,
            "net_income_4q": null,
            "revenue": 276316,
            "revenue_4q": null,
            "common_shares": 640000,
            "book_valuer_per_share": 29.52,
            "book_valuer_per_share_4q_avg": 29.42,
            "equity": 1889233,
            "current_ratio": 257.42,
            "debt_ratio": 29.53,
            "inventory_turnover_ratio": 0.53,
            "account_receivable_turnover_ratio": 0.98,
            "reinvestment_rate": 160.26,
            "research_to_sale_ratio": 3.99,
            "price_fair": 89.04,
            "eps_avg_yearly": 2.54,
            "eps_latest_yearly": 1.8,
            "eps_growth_yearly": 167.86
        },
        "20134": {
            "year_quarter": 20134,
            "year": 2013,
            "quarter": 4,
            "eps": 0.2,
            "eps_growth_year": null,
            "eps_4q": 0.63,
            "eps_4q_growth_year": 98.06,
            "roe": 0.66,
            "roe_4q": 2.15,
            "gross_profit": 74382,
            "gross_margin": 18.62,
            "gross_margin_4q_avg": 19.97,
            "net_income": 12614,
            "net_income_4q": null,
            "revenue": 399481,
            "revenue_4q": null,
            "common_shares": 640000,
            "book_valuer_per_share": 30.18,
            "book_valuer_per_share_4q_avg": 29.76,
            "equity": 1931538,
            "current_ratio": 246.81,
            "debt_ratio": 28.9,
            "inventory_turnover_ratio": 0.86,
            "account_receivable_turnover_ratio": 1.44,
            "reinvestment_rate": 44.14,
            "research_to_sale_ratio": 4.79,
            "price_fair": 86.1,
            "eps_avg_yearly": 2.46,
            "eps_latest_yearly": 0.8,
            "eps_growth_yearly": 221.86
        },
        "20141": {
            "year_quarter": 20141,
            "year": 2014,
            "quarter": 1,
            "eps": 0.21,
            "eps_growth_year": -51.16,
            "eps_4q": 0.41,
            "eps_4q_growth_year": -17.88,
            "roe": 0.7,
            "roe_4q": 1.38,
            "gross_profit": 75825,
            "gross_margin": 22.2,
            "gross_margin_4q_avg": 20.45,
            "net_income": 13522,
            "net_income_4q": null,
            "revenue": 341604,
            "revenue_4q": null,
            "common_shares": 640000,
            "book_valuer_per_share": 30.3,
            "book_valuer_per_share_4q_avg": 29.92,
            "equity": 1938923,
            "current_ratio": 244.86,
            "debt_ratio": 27.53,
            "inventory_turnover_ratio": 0.75,
            "account_receivable_turnover_ratio": 1.33,
            "reinvestment_rate": 41.53,
            "research_to_sale_ratio": 4.11,
            "price_fair": 83.58,
            "eps_avg_yearly": 2.39,
            "eps_latest_yearly": 0.84,
            "eps_growth_yearly": 225.81
        },
        "20142": {
            "year_quarter": 20142,
            "year": 2014,
            "quarter": 2,
            "eps": 0.04,
            "eps_growth_year": null,
            "eps_4q": 0.46,
            "eps_4q_growth_year": 51.61,
            "roe": -0.14,
            "roe_4q": 1.53,
            "gross_profit": 68200,
            "gross_margin": 21.78,
            "gross_margin_4q_avg": 20.89,
            "net_income": -2675,
            "net_income_4q": null,
            "revenue": 313100,
            "revenue_4q": null,
            "common_shares": 640000,
            "book_valuer_per_share": 29.66,
            "book_valuer_per_share_4q_avg": 29.92,
            "equity": 1898461,
            "current_ratio": 207.31,
            "debt_ratio": 30.98,
            "inventory_turnover_ratio": 0.65,
            "account_receivable_turnover_ratio": 1.21,
            "reinvestment_rate": 67.74,
            "research_to_sale_ratio": 5.32,
            "price_fair": 79.94,
            "eps_avg_yearly": 2.28,
            "eps_latest_yearly": 0.16,
            "eps_growth_yearly": 202.66
        },
        "20143": {
            "year_quarter": 20143,
            "year": 2014,
            "quarter": 3,
            "eps": 0.07,
            "eps_growth_year": -22.22,
            "eps_4q": 0.43,
            "eps_4q_growth_year": null,
            "roe": 0.22,
            "roe_4q": 1.44,
            "gross_profit": 72442,
            "gross_margin": 21.6,
            "gross_margin_4q_avg": 21.05,
            "net_income": 4315,
            "net_income_4q": null,
            "revenue": 335309,
            "revenue_4q": null,
            "common_shares": 640000,
            "book_valuer_per_share": 30.29,
            "book_valuer_per_share_4q_avg": 30.11,
            "equity": 1938620,
            "current_ratio": 211.92,
            "debt_ratio": 30.22,
            "inventory_turnover_ratio": 0.62,
            "account_receivable_turnover_ratio": 1.27,
            "reinvestment_rate": 89.17,
            "research_to_sale_ratio": 4.47,
            "price_fair": 68.18,
            "eps_avg_yearly": 1.95,
            "eps_latest_yearly": 0.28,
            "eps_growth_yearly": 151.33
        },
        "20144": {
            "year_quarter": 20144,
            "year": 2014,
            "quarter": 4,
            "eps": 0.31,
            "eps_growth_year": 57.18,
            "eps_4q": 0.55,
            "eps_4q_growth_year": -13.34,
            "roe": 1.01,
            "roe_4q": 1.7899999999999998,
            "gross_profit": 67580,
            "gross_margin": 17.83,
            "gross_margin_4q_avg": 20.85,
            "net_income": 19827,
            "net_income_4q": null,
            "revenue": 379049,
            "revenue_4q": null,
            "common_shares": 640000,
            "book_valuer_per_share": 31.35,
            "book_valuer_per_share_4q_avg": 30.4,
            "equity": 2006699,
            "current_ratio": 163.26,
            "debt_ratio": 29.98,
            "inventory_turnover_ratio": 0.71,
            "account_receivable_turnover_ratio": 1.34,
            "reinvestment_rate": 124.65,
            "research_to_sale_ratio": 5.62,
            "price_fair": 62.16,
            "eps_avg_yearly": 1.78,
            "eps_latest_yearly": 1.24,
            "eps_growth_yearly": 295.94
        },
        "20151": {
            "year_quarter": 20151,
            "year": 2015,
            "quarter": 1,
            "eps": -0.23,
            "eps_growth_year": -209.52,
            "eps_4q": 0.11,
            "eps_4q_growth_year": -73.61,
            "roe": -0.73,
            "roe_4q": 0.36,
            "gross_profit": 53456,
            "gross_margin": 19.08,
            "gross_margin_4q_avg": 20.07,
            "net_income": -14479,
            "net_income_4q": null,
            "revenue": 280212,
            "revenue_4q": null,
            "common_shares": 640000,
            "book_valuer_per_share": 30.9,
            "book_valuer_per_share_4q_avg": 30.55,
            "equity": 1977579,
            "current_ratio": 169.22,
            "debt_ratio": 27.65,
            "inventory_turnover_ratio": 0.52,
            "account_receivable_turnover_ratio": 1.05,
            "reinvestment_rate": 214.49,
            "research_to_sale_ratio": 5.36,
            "price_fair": 51.96,
            "eps_avg_yearly": 1.48,
            "eps_latest_yearly": 1.24,
            "eps_growth_yearly": 307.2
        },
        "20152": {
            "year_quarter": 20152,
            "year": 2015,
            "quarter": 2,
            "eps": 0.06,
            "eps_growth_year": 50,
            "eps_4q": 0.21,
            "eps_4q_growth_year": -54.43,
            "roe": 0.19,
            "roe_4q": 0.69,
            "gross_profit": 101515,
            "gross_margin": 21.36,
            "gross_margin_4q_avg": 19.97,
            "net_income": 3695,
            "net_income_4q": null,
            "revenue": 475301,
            "revenue_4q": null,
            "common_shares": 640000,
            "book_valuer_per_share": 30.38,
            "book_valuer_per_share_4q_avg": 30.73,
            "equity": 1944501,
            "current_ratio": 170.93,
            "debt_ratio": 27.76,
            "inventory_turnover_ratio": 0.95,
            "account_receivable_turnover_ratio": 1.67,
            "reinvestment_rate": 276.98,
            "research_to_sale_ratio": 3.82,
            "price_fair": 43.23,
            "eps_avg_yearly": 1.24,
            "eps_latest_yearly": 1.24,
            "eps_growth_yearly": 356.06
        },
        "20153": {
            "year_quarter": 20153,
            "year": 2015,
            "quarter": 3,
            "eps": -0.24,
            "eps_growth_year": -442.86,
            "eps_4q": -0.1,
            "eps_4q_growth_year": -124.09,
            "roe": -0.8,
            "roe_4q": -0.33000000000000007,
            "gross_profit": 67400,
            "gross_margin": 16.32,
            "gross_margin_4q_avg": 18.65,
            "net_income": -15733,
            "net_income_4q": null,
            "revenue": 413108,
            "revenue_4q": null,
            "common_shares": 640000,
            "book_valuer_per_share": 31.13,
            "book_valuer_per_share_4q_avg": 30.94,
            "equity": 1992045,
            "current_ratio": 171.46,
            "debt_ratio": 26.87,
            "inventory_turnover_ratio": 0.98,
            "account_receivable_turnover_ratio": 1.12,
            "reinvestment_rate": 676.48,
            "research_to_sale_ratio": 3.66,
            "price_fair": 28,
            "eps_avg_yearly": 0.8,
            "eps_latest_yearly": 1.24,
            "eps_growth_yearly": 393.79
        },
        "20154": {
            "year_quarter": 20154,
            "year": 2015,
            "quarter": 4,
            "eps": 0.39,
            "eps_growth_year": 26.76,
            "eps_4q": -0.02,
            "eps_4q_growth_year": -103.96,
            "roe": 1.28,
            "roe_4q": -0.06000000000000005,
            "gross_profit": 68279,
            "gross_margin": 15.89,
            "gross_margin_4q_avg": 18.16,
            "net_income": 25133,
            "net_income_4q": null,
            "revenue": 429706,
            "revenue_4q": null,
            "common_shares": 640000,
            "book_valuer_per_share": 30.47,
            "book_valuer_per_share_4q_avg": 30.72,
            "equity": 1950293,
            "current_ratio": 155.84,
            "debt_ratio": 32.42,
            "inventory_turnover_ratio": 0.96,
            "account_receivable_turnover_ratio": 1.06,
            "reinvestment_rate": 318.94,
            "research_to_sale_ratio": 4.27,
            "price_fair": 28,
            "eps_avg_yearly": 0.8,
            "eps_latest_yearly": 1.24,
            "eps_growth_yearly": 393.79
        },
        "20161": {
            "year_quarter": 20161,
            "year": 2016,
            "quarter": 1,
            "eps": -0.21,
            "eps_growth_year": null,
            "eps_4q": -0.01,
            "eps_4q_growth_year": -106.78,
            "roe": -0.7,
            "roe_4q": -0.02999999999999997,
            "gross_profit": 67341,
            "gross_margin": 15.11,
            "gross_margin_4q_avg": 17.17,
            "net_income": -13569,
            "net_income_4q": null,
            "revenue": 445798,
            "revenue_4q": null,
            "common_shares": 640000,
            "book_valuer_per_share": 30.15,
            "book_valuer_per_share_4q_avg": 30.53,
            "equity": 1929448,
            "current_ratio": 152.35,
            "debt_ratio": 33.31,
            "inventory_turnover_ratio": 0.93,
            "account_receivable_turnover_ratio": 1.17,
            "reinvestment_rate": 447.89,
            "research_to_sale_ratio": 4.31,
            "price_fair": 28,
            "eps_avg_yearly": 0.8,
            "eps_latest_yearly": 1.24,
            "eps_growth_yearly": 393.79
        },
        "20162": {
            "year_quarter": 20162,
            "year": 2016,
            "quarter": 2,
            "eps": 0.16,
            "eps_growth_year": 166.67,
            "eps_4q": 0.1,
            "eps_4q_growth_year": -52.42,
            "roe": 0.55,
            "roe_4q": 0.33000000000000007,
            "gross_profit": 81652,
            "gross_margin": 17.63,
            "gross_margin_4q_avg": 16.24,
            "net_income": 10525,
            "net_income_4q": null,
            "revenue": 463253,
            "revenue_4q": null,
            "common_shares": 640000,
            "book_valuer_per_share": 29.53,
            "book_valuer_per_share_4q_avg": 30.32,
            "equity": 1889636,
            "current_ratio": 154.42,
            "debt_ratio": 32.58,
            "inventory_turnover_ratio": 0.99,
            "account_receivable_turnover_ratio": 1.24,
            "reinvestment_rate": 393.8,
            "research_to_sale_ratio": 4.12,
            "price_fair": 29.87,
            "eps_avg_yearly": 0.85,
            "eps_latest_yearly": 1.24,
            "eps_growth_yearly": 492.75
        },
        "20163": {
            "year_quarter": 20163,
            "year": 2016,
            "quarter": 3,
            "eps": 0.29,
            "eps_growth_year": null,
            "eps_4q": 0.63,
            "eps_4q_growth_year": null,
            "roe": 0.97,
            "roe_4q": 2.1,
            "gross_profit": 55447,
            "gross_margin": 14.26,
            "gross_margin_4q_avg": 15.72,
            "net_income": 18151,
            "net_income_4q": null,
            "revenue": 388788,
            "revenue_4q": null,
            "common_shares": 640000,
            "book_valuer_per_share": 28.7,
            "book_valuer_per_share_4q_avg": 29.71,
            "equity": 1836774,
            "current_ratio": 163.9,
            "debt_ratio": 33.61,
            "inventory_turnover_ratio": 0.86,
            "account_receivable_turnover_ratio": 0.98,
            "reinvestment_rate": 156.19,
            "research_to_sale_ratio": 5,
            "price_fair": 26.13,
            "eps_avg_yearly": 0.75,
            "eps_latest_yearly": 1.16,
            "eps_growth_yearly": 363.58
        },
        "20164": {
            "year_quarter": 20164,
            "year": 2016,
            "quarter": 4,
            "eps": -0.23,
            "eps_growth_year": -158.46,
            "eps_4q": 0.01,
            "eps_4q_growth_year": null,
            "roe": -0.81,
            "roe_4q": 0.010000000000000009,
            "gross_profit": 47956,
            "gross_margin": 9.69,
            "gross_margin_4q_avg": 14.17,
            "net_income": -14692,
            "net_income_4q": null,
            "revenue": 494937,
            "revenue_4q": null,
            "common_shares": 640000,
            "book_valuer_per_share": 28.21,
            "book_valuer_per_share_4q_avg": 29.15,
            "equity": 1805504,
            "current_ratio": 151.03,
            "debt_ratio": 38.07,
            "inventory_turnover_ratio": 1.15,
            "account_receivable_turnover_ratio": 1.17,
            "reinvestment_rate": 110.71,
            "research_to_sale_ratio": 4.81,
            "price_fair": 26.13,
            "eps_avg_yearly": 0.75,
            "eps_latest_yearly": 1.16,
            "eps_growth_yearly": 363.58
        },
        "20171": {
            "year_quarter": 20171,
            "year": 2017,
            "quarter": 1,
            "eps": -0.68,
            "eps_growth_year": null,
            "eps_4q": -0.46,
            "eps_4q_growth_year": null,
            "roe": -2.49,
            "roe_4q": -1.78,
            "gross_profit": 50406,
            "gross_margin": 14.2,
            "gross_margin_4q_avg": 13.95,
            "net_income": -43689,
            "net_income_4q": null,
            "revenue": 355025,
            "revenue_4q": null,
            "common_shares": 640000,
            "book_valuer_per_share": 26.67,
            "book_valuer_per_share_4q_avg": 28.28,
            "equity": 1707000,
            "current_ratio": 149.21,
            "debt_ratio": 37.62,
            "inventory_turnover_ratio": 0.86,
            "account_receivable_turnover_ratio": 0.87,
            "reinvestment_rate": 1379.44,
            "research_to_sale_ratio": 5.76,
            "price_fair": 26.13,
            "eps_avg_yearly": 0.75,
            "eps_latest_yearly": 1.16,
            "eps_growth_yearly": 363.58
        },
        "20172": {
            "year_quarter": 20172,
            "year": 2017,
            "quarter": 2,
            "eps": -0.13,
            "eps_growth_year": -181.25,
            "eps_4q": -0.76,
            "eps_4q_growth_year": -864.49,
            "roe": -0.49,
            "roe_4q": -2.8200000000000003,
            "gross_profit": 57311,
            "gross_margin": 18.03,
            "gross_margin_4q_avg": 14.05,
            "net_income": -8361,
            "net_income_4q": null,
            "revenue": 317830,
            "revenue_4q": null,
            "common_shares": 640000,
            "book_valuer_per_share": 26.68,
            "book_valuer_per_share_4q_avg": 27.57,
            "equity": 1707533,
            "current_ratio": 153.63,
            "debt_ratio": 36.01,
            "inventory_turnover_ratio": 0.74,
            "account_receivable_turnover_ratio": 0.88,
            "reinvestment_rate": 6844.65,
            "research_to_sale_ratio": 6.91,
            "price_fair": 26.13,
            "eps_avg_yearly": 0.75,
            "eps_latest_yearly": 1.16,
            "eps_growth_yearly": 363.58
        },
        "20173": {
            "year_quarter": 20173,
            "year": 2017,
            "quarter": 3,
            "eps": -0.35,
            "eps_growth_year": -220.69,
            "eps_4q": -1.39,
            "eps_4q_growth_year": -321.72,
            "roe": -1.32,
            "roe_4q": -5.110000000000001,
            "gross_profit": 40366,
            "gross_margin": 12.61,
            "gross_margin_4q_avg": 13.63,
            "net_income": -22478,
            "net_income_4q": null,
            "revenue": 320136,
            "revenue_4q": null,
            "common_shares": 640000,
            "book_valuer_per_share": 26.64,
            "book_valuer_per_share_4q_avg": 27.05,
            "equity": 1704884,
            "current_ratio": 152.8,
            "debt_ratio": 35.9,
            "inventory_turnover_ratio": 0.77,
            "account_receivable_turnover_ratio": 0.93,
            "reinvestment_rate": null,
            "research_to_sale_ratio": 8.46,
            "price_fair": 26.13,
            "eps_avg_yearly": 0.75,
            "eps_latest_yearly": 1.16,
            "eps_growth_yearly": 363.58
        },
        "20174": {
            "year_quarter": 20174,
            "year": 2017,
            "quarter": 4,
            "eps": -0.7,
            "eps_growth_year": null,
            "eps_4q": -1.87,
            "eps_4q_growth_year": -28890.58,
            "roe": -2.68,
            "roe_4q": -6.98,
            "gross_profit": 49575,
            "gross_margin": 9.82,
            "gross_margin_4q_avg": 13.67,
            "net_income": -44946,
            "net_income_4q": null,
            "revenue": 504868,
            "revenue_4q": null,
            "common_shares": 640000,
            "book_valuer_per_share": 25.77,
            "book_valuer_per_share_4q_avg": 26.44,
            "equity": 1649276,
            "current_ratio": 141.42,
            "debt_ratio": 39.91,
            "inventory_turnover_ratio": 1.24,
            "account_receivable_turnover_ratio": 1.29,
            "reinvestment_rate": null,
            "research_to_sale_ratio": 5.5,
            "price_fair": 25.76,
            "eps_avg_yearly": 0.74,
            "eps_latest_yearly": 1.16,
            "eps_growth_yearly": 338.52
        },
        "20181": {
            "year_quarter": 20181,
            "year": 2018,
            "quarter": 1,
            "eps": -0.32,
            "eps_growth_year": null,
            "eps_4q": -1.51,
            "eps_4q_growth_year": null,
            "roe": -1.26,
            "roe_4q": -5.750000000000001,
            "gross_profit": 45823,
            "gross_margin": 14.37,
            "gross_margin_4q_avg": 13.71,
            "net_income": -20772,
            "net_income_4q": null,
            "revenue": 318806,
            "revenue_4q": null,
            "common_shares": 640000,
            "book_valuer_per_share": 25.81,
            "book_valuer_per_share_4q_avg": 26.23,
            "equity": 1651739,
            "current_ratio": 136.69,
            "debt_ratio": 40.07,
            "inventory_turnover_ratio": 0.72,
            "account_receivable_turnover_ratio": 0.75,
            "reinvestment_rate": null,
            "research_to_sale_ratio": 7.76,
            "price_fair": 24.85,
            "eps_avg_yearly": 0.71,
            "eps_latest_yearly": 1.16,
            "eps_growth_yearly": 418.15
        },
        "20182": {
            "year_quarter": 20182,
            "year": 2018,
            "quarter": 2,
            "eps": -0.33,
            "eps_growth_year": null,
            "eps_4q": -1.7,
            "eps_4q_growth_year": null,
            "roe": -1.28,
            "roe_4q": -6.540000000000001,
            "gross_profit": 38188,
            "gross_margin": 14.19,
            "gross_margin_4q_avg": 12.75,
            "net_income": -20842,
            "net_income_4q": null,
            "revenue": 269204,
            "revenue_4q": null,
            "common_shares": 640000,
            "book_valuer_per_share": 25.1,
            "book_valuer_per_share_4q_avg": 25.83,
            "equity": 1606706,
            "current_ratio": 136.44,
            "debt_ratio": 38.49,
            "inventory_turnover_ratio": 0.57,
            "account_receivable_turnover_ratio": 0.71,
            "reinvestment_rate": null,
            "research_to_sale_ratio": 11.54,
            "price_fair": 31.27,
            "eps_avg_yearly": 0.89,
            "eps_latest_yearly": 1.16,
            "eps_growth_yearly": 665.48
        },
        "20183": {
            "year_quarter": 20183,
            "year": 2018,
            "quarter": 3,
            "eps": -0.75,
            "eps_growth_year": null,
            "eps_4q": -2.1,
            "eps_4q_growth_year": null,
            "roe": -3.09,
            "roe_4q": -8.31,
            "gross_profit": 23375,
            "gross_margin": 11.83,
            "gross_margin_4q_avg": 12.55,
            "net_income": -48159,
            "net_income_4q": null,
            "revenue": 197563,
            "revenue_4q": null,
            "common_shares": 640000,
            "book_valuer_per_share": 23.53,
            "book_valuer_per_share_4q_avg": 25.05,
            "equity": 1505717,
            "current_ratio": 128.34,
            "debt_ratio": 39.5,
            "inventory_turnover_ratio": 0.43,
            "account_receivable_turnover_ratio": 0.59,
            "reinvestment_rate": null,
            "research_to_sale_ratio": 8.51,
            "price_fair": 42,
            "eps_avg_yearly": 1.2,
            "eps_latest_yearly": 1.16,
            "eps_growth_yearly": 848.21
        },
        "20184": {
            "year_quarter": 20184,
            "year": 2018,
            "quarter": 4,
            "eps": -1.12,
            "eps_growth_year": null,
            "eps_4q": -2.52,
            "eps_4q_growth_year": null,
            "roe": -4.84,
            "roe_4q": -10.469999999999999,
            "gross_profit": 21307,
            "gross_margin": 9.17,
            "gross_margin_4q_avg": 12.39,
            "net_income": -71579,
            "net_income_4q": null,
            "revenue": 232460,
            "revenue_4q": null,
            "common_shares": 640000,
            "book_valuer_per_share": 22.73,
            "book_valuer_per_share_4q_avg": 24.29,
            "equity": 1454860,
            "current_ratio": 123.39,
            "debt_ratio": 40.77,
            "inventory_turnover_ratio": 0.52,
            "account_receivable_turnover_ratio": 0.81,
            "reinvestment_rate": null,
            "research_to_sale_ratio": 14.35,
            "price_fair": 40.6,
            "eps_avg_yearly": 1.16,
            "eps_latest_yearly": 1.16,
            "eps_growth_yearly": 325
        },
        "20191": {
            "year_quarter": 20191,
            "year": 2019,
            "quarter": 1,
            "eps": -0.75,
            "eps_growth_year": null,
            "eps_4q": -2.95,
            "eps_4q_growth_year": null,
            "roe": -3.31,
            "roe_4q": -12.52,
            "gross_profit": 26898,
            "gross_margin": 12.12,
            "gross_margin_4q_avg": 11.83,
            "net_income": -47986,
            "net_income_4q": null,
            "revenue": 221874,
            "revenue_4q": null,
            "common_shares": 640000,
            "book_valuer_per_share": 22.55,
            "book_valuer_per_share_4q_avg": 23.48,
            "equity": 1442923,
            "current_ratio": 121.63,
            "debt_ratio": 37.92,
            "inventory_turnover_ratio": 0.5,
            "account_receivable_turnover_ratio": 0.88,
            "reinvestment_rate": null,
            "research_to_sale_ratio": 11.71,
            "price_fair": 40.6,
            "eps_avg_yearly": 1.16,
            "eps_latest_yearly": 1.16,
            "eps_growth_yearly": 325
        },
        "20192": {
            "year_quarter": 20192,
            "year": 2019,
            "quarter": 2,
            "eps": -0.53,
            "eps_growth_year": null,
            "eps_4q": -3.15,
            "eps_4q_growth_year": null,
            "roe": -2.41,
            "roe_4q": -13.65,
            "gross_profit": 34949,
            "gross_margin": 16.24,
            "gross_margin_4q_avg": 12.34,
            "net_income": -34003,
            "net_income_4q": null,
            "revenue": 215269,
            "revenue_4q": null,
            "common_shares": 640000,
            "book_valuer_per_share": 21.56,
            "book_valuer_per_share_4q_avg": 22.59,
            "equity": 1379575,
            "current_ratio": 127.3,
            "debt_ratio": 32.35,
            "inventory_turnover_ratio": 0.46,
            "account_receivable_turnover_ratio": 0.93,
            "reinvestment_rate": null,
            "research_to_sale_ratio": 11.52,
            "price_fair": 40.6,
            "eps_avg_yearly": 1.16,
            "eps_latest_yearly": 1.16,
            "eps_growth_yearly": 325
        },
        "20193": {
            "year_quarter": 20193,
            "year": 2019,
            "quarter": 3,
            "eps": -0.37,
            "eps_growth_year": null,
            "eps_4q": -2.77,
            "eps_4q_growth_year": null,
            "roe": -1.76,
            "roe_4q": -12.32,
            "gross_profit": 51585,
            "gross_margin": 19.43,
            "gross_margin_4q_avg": 14.24,
            "net_income": -23718,
            "net_income_4q": null,
            "revenue": 265500,
            "revenue_4q": null,
            "common_shares": 640000,
            "book_valuer_per_share": 20.53,
            "book_valuer_per_share_4q_avg": 21.84,
            "equity": 1313793,
            "current_ratio": 124.47,
            "debt_ratio": 34.71,
            "inventory_turnover_ratio": 0.54,
            "account_receivable_turnover_ratio": 1.3,
            "reinvestment_rate": null,
            "research_to_sale_ratio": 3.86,
            "price_fair": 40.6,
            "eps_avg_yearly": 1.16,
            "eps_latest_yearly": 1.16,
            "eps_growth_yearly": 325
        },
        "20194": {
            "year_quarter": 20194,
            "year": 2019,
            "quarter": 4,
            "eps": -1.1,
            "eps_growth_year": null,
            "eps_4q": -2.75,
            "eps_4q_growth_year": null,
            "roe": -5.45,
            "roe_4q": -12.930000000000001,
            "gross_profit": 16626,
            "gross_margin": 6.23,
            "gross_margin_4q_avg": 13.51,
            "net_income": -70220,
            "net_income_4q": null,
            "revenue": 266952,
            "revenue_4q": null,
            "common_shares": 640000,
            "book_valuer_per_share": 19.71,
            "book_valuer_per_share_4q_avg": 21.09,
            "equity": 1261537,
            "current_ratio": 116.77,
            "debt_ratio": 36.61,
            "inventory_turnover_ratio": 0.68,
            "account_receivable_turnover_ratio": 1.41,
            "reinvestment_rate": null,
            "research_to_sale_ratio": 7.45,
            "price_fair": 40.6,
            "eps_avg_yearly": 1.16,
            "eps_latest_yearly": 1.16,
            "eps_growth_yearly": 325
        },
        "20201": {
            "year_quarter": 20201,
            "year": 2020,
            "quarter": 1,
            "eps": -0.8,
            "eps_growth_year": null,
            "eps_4q": -2.8,
            "eps_4q_growth_year": null,
            "roe": -4.15,
            "roe_4q": -13.770000000000001,
            "gross_profit": 22685,
            "gross_margin": 14.02,
            "gross_margin_4q_avg": 13.98,
            "net_income": -50984,
            "net_income_4q": null,
            "revenue": 161838,
            "revenue_4q": null,
            "common_shares": 640000,
            "book_valuer_per_share": 18.72,
            "book_valuer_per_share_4q_avg": 20.13,
            "equity": 1198053,
            "current_ratio": 114.1,
            "debt_ratio": 34.87,
            "inventory_turnover_ratio": 0.4,
            "account_receivable_turnover_ratio": 0.95,
            "reinvestment_rate": null,
            "research_to_sale_ratio": 10.35,
            "price_fair": 40.6,
            "eps_avg_yearly": 1.16,
            "eps_latest_yearly": 1.16,
            "eps_growth_yearly": 325
        },
        "20202": {
            "year_quarter": 20202,
            "year": 2020,
            "quarter": 2,
            "eps": -1.13,
            "eps_growth_year": null,
            "eps_4q": -3.4,
            "eps_4q_growth_year": null,
            "roe": -6.27,
            "roe_4q": -17.630000000000003,
            "gross_profit": 6089,
            "gross_margin": 3.54,
            "gross_margin_4q_avg": 10.81,
            "net_income": -72385,
            "net_income_4q": null,
            "revenue": 171868,
            "revenue_4q": null,
            "common_shares": 640000,
            "book_valuer_per_share": 17.33,
            "book_valuer_per_share_4q_avg": 19.07,
            "equity": 1109402,
            "current_ratio": 110.42,
            "debt_ratio": 35.95,
            "inventory_turnover_ratio": 0.5,
            "account_receivable_turnover_ratio": 1.11,
            "reinvestment_rate": null,
            "research_to_sale_ratio": 6.88,
            "price_fair": 40.6,
            "eps_avg_yearly": 1.16,
            "eps_latest_yearly": 1.16,
            "eps_growth_yearly": 325
        },
        "20203": {
            "year_quarter": 20203,
            "year": 2020,
            "quarter": 3,
            "eps": -1.8,
            "eps_growth_year": null,
            "eps_4q": -4.82,
            "eps_4q_growth_year": null,
            "roe": -10.87,
            "roe_4q": -26.74,
            "gross_profit": -7265,
            "gross_margin": -4.02,
            "gross_margin_4q_avg": 4.94,
            "net_income": -114956,
            "net_income_4q": null,
            "revenue": 180794,
            "revenue_4q": null,
            "common_shares": 640000,
            "book_valuer_per_share": 15.72,
            "book_valuer_per_share_4q_avg": 17.87,
            "equity": 1006397,
            "current_ratio": 146.01,
            "debt_ratio": 37.05,
            "inventory_turnover_ratio": 0.66,
            "account_receivable_turnover_ratio": 1.18,
            "reinvestment_rate": null,
            "research_to_sale_ratio": 8.56,
            "price_fair": 0,
            "eps_avg_yearly": 0,
            "eps_latest_yearly": 0,
            "eps_growth_yearly": 0
        },
        "20204": {
            "year_quarter": 20204,
            "year": 2020,
            "quarter": 4,
            "eps": -1.01,
            "eps_growth_year": null,
            "eps_4q": -4.74,
            "eps_4q_growth_year": null,
            "roe": -6.63,
            "roe_4q": -27.92,
            "gross_profit": 14061,
            "gross_margin": 8.74,
            "gross_margin_4q_avg": 5.57,
            "net_income": -64856,
            "net_income_4q": null,
            "revenue": 160893,
            "revenue_4q": null,
            "common_shares": 640000,
            "book_valuer_per_share": 14.83,
            "book_valuer_per_share_4q_avg": 16.65,
            "equity": 949023,
            "current_ratio": 136.32,
            "debt_ratio": 40.76,
            "inventory_turnover_ratio": 0.57,
            "account_receivable_turnover_ratio": 1.12,
            "reinvestment_rate": null,
            "research_to_sale_ratio": 13.27,
            "price_fair": 0,
            "eps_avg_yearly": 0,
            "eps_latest_yearly": 0,
            "eps_growth_yearly": 0
        },
        "20211": {
            "year_quarter": 20211,
            "year": 2021,
            "quarter": 1,
            "eps": -0.31,
            "eps_growth_year": null,
            "eps_4q": -4.25,
            "eps_4q_growth_year": null,
            "roe": -2.1,
            "roe_4q": -25.87,
            "gross_profit": 42198,
            "gross_margin": 20.74,
            "gross_margin_4q_avg": 7.25,
            "net_income": -19728,
            "net_income_4q": null,
            "revenue": 203490,
            "revenue_4q": null,
            "common_shares": 640000,
            "book_valuer_per_share": 14.59,
            "book_valuer_per_share_4q_avg": 15.62,
            "equity": 933790,
            "current_ratio": 123.83,
            "debt_ratio": 48.12,
            "inventory_turnover_ratio": 0.65,
            "account_receivable_turnover_ratio": 1.32,
            "reinvestment_rate": null,
            "research_to_sale_ratio": 5.04,
            "price_fair": 0,
            "eps_avg_yearly": 0,
            "eps_latest_yearly": 0,
            "eps_growth_yearly": 0
        },
        "20212": {
            "year_quarter": 20212,
            "year": 2021,
            "quarter": 2,
            "eps": 0.17,
            "eps_growth_year": null,
            "eps_4q": -2.95,
            "eps_4q_growth_year": null,
            "roe": 1.16,
            "roe_4q": -18.439999999999998,
            "gross_profit": 30152,
            "gross_margin": 16.72,
            "gross_margin_4q_avg": 10.55,
            "net_income": 10889,
            "net_income_4q": null,
            "revenue": 180335,
            "revenue_4q": null,
            "common_shares": 640000,
            "book_valuer_per_share": 14.76,
            "book_valuer_per_share_4q_avg": 14.98,
            "equity": 944713,
            "current_ratio": 136.68,
            "debt_ratio": 38.6,
            "inventory_turnover_ratio": 0.66,
            "account_receivable_turnover_ratio": 1.06,
            "reinvestment_rate": null,
            "research_to_sale_ratio": 6.78,
            "price_fair": 0,
            "eps_avg_yearly": 0,
            "eps_latest_yearly": 0,
            "eps_growth_yearly": 0
        },
        "20213": {
            "year_quarter": 20213,
            "year": 2021,
            "quarter": 3,
            "eps": -0.25,
            "eps_growth_year": null,
            "eps_4q": -1.4,
            "eps_4q_growth_year": null,
            "roe": -1.69,
            "roe_4q": -9.26,
            "gross_profit": 25941,
            "gross_margin": 19,
            "gross_margin_4q_avg": 16.3,
            "net_income": -15864,
            "net_income_4q": null,
            "revenue": 136503,
            "revenue_4q": null,
            "common_shares": 640000,
            "book_valuer_per_share": 14.56,
            "book_valuer_per_share_4q_avg": 14.69,
            "equity": 931881,
            "current_ratio": 141.5,
            "debt_ratio": 36.67,
            "inventory_turnover_ratio": 0.51,
            "account_receivable_turnover_ratio": 0.83,
            "reinvestment_rate": null,
            "research_to_sale_ratio": 10.38,
            "price_fair": 0,
            "eps_avg_yearly": 0,
            "eps_latest_yearly": 0,
            "eps_growth_yearly": 0
        },
        "20214": {
            "year_quarter": 20214,
            "year": 2021,
            "quarter": 4,
            "eps": 0.16,
            "eps_growth_year": null,
            "eps_4q": -0.22,
            "eps_4q_growth_year": null,
            "roe": 1.11,
            "roe_4q": -1.52,
            "gross_profit": 54031,
            "gross_margin": 26.52,
            "gross_margin_4q_avg": 20.75,
            "net_income": 10414,
            "net_income_4q": null,
            "revenue": 203754,
            "revenue_4q": null,
            "common_shares": 640000,
            "book_valuer_per_share": 14.88,
            "book_valuer_per_share_4q_avg": 14.7,
            "equity": 952448,
            "current_ratio": 157.53,
            "debt_ratio": 28.81,
            "inventory_turnover_ratio": 0.72,
            "account_receivable_turnover_ratio": 1.26,
            "reinvestment_rate": null,
            "research_to_sale_ratio": 5.05,
            "price_fair": 0,
            "eps_avg_yearly": 0,
            "eps_latest_yearly": 0,
            "eps_growth_yearly": 0
        },
        "20221": {
            "year_quarter": 20221,
            "year": 2022,
            "quarter": 1,
            "eps": 0.63,
            "eps_growth_year": null,
            "eps_4q": 0.72,
            "eps_4q_growth_year": null,
            "roe": 4.13,
            "roe_4q": 4.71,
            "gross_profit": 35509,
            "gross_margin": 23.98,
            "gross_margin_4q_avg": 21.56,
            "net_income": 40513,
            "net_income_4q": null,
            "revenue": 148101,
            "revenue_4q": null,
            "common_shares": 640000,
            "book_valuer_per_share": 15.75,
            "book_valuer_per_share_4q_avg": 14.99,
            "equity": 1007713,
            "current_ratio": 197.57,
            "debt_ratio": 24.78,
            "inventory_turnover_ratio": 0.56,
            "account_receivable_turnover_ratio": 0.98,
            "reinvestment_rate": null,
            "research_to_sale_ratio": 7.01,
            "price_fair": 88.2,
            "eps_avg_yearly": 2.52,
            "eps_latest_yearly": 2.52,
            "eps_growth_yearly": 1175
        },
        "20222": {
            "year_quarter": 20222,
            "year": 2022,
            "quarter": 2,
            "eps": -0.99,
            "eps_growth_year": -682.35,
            "eps_4q": -0.45,
            "eps_4q_growth_year": null,
            "roe": -6.54,
            "roe_4q": -2.99,
            "gross_profit": 35009,
            "gross_margin": 25.72,
            "gross_margin_4q_avg": 23.81,
            "net_income": -63600,
            "net_income_4q": null,
            "revenue": 136129,
            "revenue_4q": null,
            "common_shares": 640000,
            "book_valuer_per_share": 14.65,
            "book_valuer_per_share_4q_avg": 14.96,
            "equity": 937878,
            "current_ratio": 190.79,
            "debt_ratio": 29.73,
            "inventory_turnover_ratio": 0.46,
            "account_receivable_turnover_ratio": 1.04,
            "reinvestment_rate": null,
            "research_to_sale_ratio": 9.93,
            "price_fair": 88.2,
            "eps_avg_yearly": 2.52,
            "eps_latest_yearly": 2.52,
            "eps_growth_yearly": 1175
        },
        "20223": {
            "year_quarter": 20223,
            "year": 2022,
            "quarter": 3,
            "eps": -0.43,
            "eps_growth_year": null,
            "eps_4q": -0.62,
            "eps_4q_growth_year": null,
            "roe": -2.94,
            "roe_4q": -4.24,
            "gross_profit": 31938,
            "gross_margin": 23.94,
            "gross_margin_4q_avg": 25.04,
            "net_income": -27281,
            "net_income_4q": null,
            "revenue": 133407,
            "revenue_4q": null,
            "common_shares": 640000,
            "book_valuer_per_share": 14.31,
            "book_valuer_per_share_4q_avg": 14.9,
            "equity": 916103,
            "current_ratio": 214.33,
            "debt_ratio": 24.67,
            "inventory_turnover_ratio": 0.42,
            "account_receivable_turnover_ratio": 1.18,
            "reinvestment_rate": null,
            "research_to_sale_ratio": 10.72,
            "price_fair": 88.2,
            "eps_avg_yearly": 2.52,
            "eps_latest_yearly": 2.52,
            "eps_growth_yearly": 1175
        },
        "20224": {
            "year_quarter": 20224,
            "year": 2022,
            "quarter": 4,
            "eps": -0.65,
            "eps_growth_year": -498.37,
            "eps_4q": -1.44,
            "eps_4q_growth_year": null,
            "roe": -4.78,
            "roe_4q": -10.130000000000003,
            "gross_profit": 36071,
            "gross_margin": 25.84,
            "gross_margin_4q_avg": 24.87,
            "net_income": -44286,
            "net_income_4q": null,
            "revenue": 139570,
            "revenue_4q": null,
            "common_shares": 640000,
            "book_valuer_per_share": 13.72,
            "book_valuer_per_share_4q_avg": 14.61,
            "equity": 937204,
            "current_ratio": 155.75,
            "debt_ratio": 36.44,
            "inventory_turnover_ratio": 0.34,
            "account_receivable_turnover_ratio": 1.17,
            "reinvestment_rate": null,
            "research_to_sale_ratio": 6.22,
            "price_fair": 88.2,
            "eps_avg_yearly": 2.52,
            "eps_latest_yearly": 2.52,
            "eps_growth_yearly": 1175
        },
        "20231": {
            "year_quarter": 20231,
            "year": 2023,
            "quarter": 1,
            "eps": 2.26,
            "eps_growth_year": 258.73,
            "eps_4q": 0.19,
            "eps_4q_growth_year": -72.98,
            "roe": 13.76,
            "roe_4q": -0.4999999999999991,
            "gross_profit": 28079,
            "gross_margin": 22.52,
            "gross_margin_4q_avg": 24.51,
            "net_income": 140091,
            "net_income_4q": null,
            "revenue": 124683,
            "revenue_4q": null,
            "common_shares": 640000,
            "book_valuer_per_share": 15.36,
            "book_valuer_per_share_4q_avg": 14.51,
            "equity": 1098794,
            "current_ratio": 177.08,
            "debt_ratio": 41.61,
            "inventory_turnover_ratio": 0.25,
            "account_receivable_turnover_ratio": 1.07,
            "reinvestment_rate": null,
            "research_to_sale_ratio": 7.67,
            "price_fair": 88.2,
            "eps_avg_yearly": 2.52,
            "eps_latest_yearly": 2.52,
            "eps_growth_yearly": 1175
        },
        "20232": {
            "year_quarter": 20232,
            "year": 2023,
            "quarter": 2,
            "eps": -0.9,
            "eps_growth_year": null,
            "eps_4q": 0.29,
            "eps_4q_growth_year": null,
            "roe": -5.82,
            "roe_4q": 0.2199999999999993,
            "gross_profit": 38837,
            "gross_margin": 25.76,
            "gross_margin_4q_avg": 24.52,
            "net_income": -63849,
            "net_income_4q": null,
            "revenue": 150785,
            "revenue_4q": null,
            "common_shares": 640000,
            "book_valuer_per_share": 15.4,
            "book_valuer_per_share_4q_avg": 14.7,
            "equity": 1095135,
            "current_ratio": 149.55,
            "debt_ratio": 49.26,
            "inventory_turnover_ratio": 0.21,
            "account_receivable_turnover_ratio": 1.36,
            "reinvestment_rate": null,
            "research_to_sale_ratio": 6.8,
            "price_fair": 88.2,
            "eps_avg_yearly": 2.52,
            "eps_latest_yearly": 2.52,
            "eps_growth_yearly": 1175
        },
        "20233": {
            "year_quarter": 20233,
            "year": 2023,
            "quarter": 3,
            "eps": -0.15,
            "eps_growth_year": null,
            "eps_4q": 0.56,
            "eps_4q_growth_year": null,
            "roe": -2.29,
            "roe_4q": 0.8700000000000001,
            "gross_profit": 33003,
            "gross_margin": 24.17,
            "gross_margin_4q_avg": 24.57,
            "net_income": -25450,
            "net_income_4q": null,
            "revenue": 136544,
            "revenue_4q": null,
            "common_shares": 640000,
            "book_valuer_per_share": 15.37,
            "book_valuer_per_share_4q_avg": 14.96,
            "equity": 1130535,
            "current_ratio": 160.69,
            "debt_ratio": 46.77,
            "inventory_turnover_ratio": 0.17,
            "account_receivable_turnover_ratio": 1.18,
            "reinvestment_rate": null,
            "research_to_sale_ratio": 6.58,
            "price_fair": 88.2,
            "eps_avg_yearly": 2.52,
            "eps_latest_yearly": 2.52,
            "eps_growth_yearly": 1175
        },
        "20234": {
            "year_quarter": 20234,
            "year": 2023,
            "quarter": 4,
            "eps": -1.46,
            "eps_growth_year": null,
            "eps_4q": -0.25,
            "eps_4q_growth_year": null,
            "roe": -10.06,
            "roe_4q": -4.410000000000002,
            "gross_profit": 39638,
            "gross_margin": 23.24,
            "gross_margin_4q_avg": 23.92,
            "net_income": -109895,
            "net_income_4q": null,
            "revenue": 170550,
            "revenue_4q": null,
            "common_shares": 640000,
            "book_valuer_per_share": 14.37,
            "book_valuer_per_share_4q_avg": 15.13,
            "equity": 1054967,
            "current_ratio": 108.53,
            "debt_ratio": 49.94,
            "inventory_turnover_ratio": 0.32,
            "account_receivable_turnover_ratio": 1.41,
            "reinvestment_rate": null,
            "research_to_sale_ratio": 4.87,
            "price_fair": 88.2,
            "eps_avg_yearly": 2.52,
            "eps_latest_yearly": 2.52,
            "eps_growth_yearly": 1175
        }
    },
    "months": {
        "2001-06": {
            "month": "2001-06",
            "price": "9.87",
            "revenue": 116365
        },
        "2001-07": {
            "month": "2001-07",
            "price": "9.05",
            "revenue": 97097
        },
        "2001-08": {
            "month": "2001-08",
            "price": "8.93",
            "revenue": 125619
        },
        "2001-09": {
            "month": "2001-09",
            "price": "8.38",
            "revenue": 83699
        },
        "2001-10": {
            "month": "2001-10",
            "price": "7.70",
            "revenue": 89445
        },
        "2001-11": {
            "month": "2001-11",
            "price": "8.24",
            "revenue": 133581
        },
        "2001-12": {
            "month": "2001-12",
            "price": "10.01",
            "revenue": 92135
        },
        "2002-01": {
            "month": "2002-01",
            "price": "10.32",
            "revenue": 95935
        },
        "2002-02": {
            "month": "2002-02",
            "price": "10.68",
            "revenue": 77738
        },
        "2002-03": {
            "month": "2002-03",
            "price": "10.85",
            "revenue": 98607
        },
        "2002-04": {
            "month": "2002-04",
            "price": "12.01",
            "revenue": 143202
        },
        "2002-05": {
            "month": "2002-05",
            "price": "13.87",
            "revenue": 117105
        },
        "2002-06": {
            "month": "2002-06",
            "price": "15.71",
            "revenue": 143874
        },
        "2002-07": {
            "month": "2002-07",
            "price": "17.20",
            "revenue": 110345
        },
        "2002-08": {
            "month": "2002-08",
            "price": "16.25",
            "revenue": 129817
        },
        "2002-09": {
            "month": "2002-09",
            "price": "15.63",
            "revenue": 122462
        },
        "2002-10": {
            "month": "2002-10",
            "price": "15.74",
            "revenue": 147124
        },
        "2002-11": {
            "month": "2002-11",
            "price": "21.63",
            "revenue": 180821
        },
        "2002-12": {
            "month": "2002-12",
            "price": "28.53",
            "revenue": 145297
        },
        "2003-01": {
            "month": "2003-01",
            "price": "29.07",
            "revenue": 136907
        },
        "2003-02": {
            "month": "2003-02",
            "price": "24.42",
            "revenue": 161921
        },
        "2003-03": {
            "month": "2003-03",
            "price": "24.67",
            "revenue": 128772
        },
        "2003-04": {
            "month": "2003-04",
            "price": "24.60",
            "revenue": 174515
        },
        "2003-05": {
            "month": "2003-05",
            "price": "30.65",
            "revenue": 202558
        },
        "2003-06": {
            "month": "2003-06",
            "price": "34.00",
            "revenue": 183633
        },
        "2003-07": {
            "month": "2003-07",
            "price": "34.66",
            "revenue": 128754
        },
        "2003-08": {
            "month": "2003-08",
            "price": "38.66",
            "revenue": 150414
        },
        "2003-09": {
            "month": "2003-09",
            "price": "35.67",
            "revenue": 152231
        },
        "2003-10": {
            "month": "2003-10",
            "price": "36.06",
            "revenue": 254207
        },
        "2003-11": {
            "month": "2003-11",
            "price": "37.72",
            "revenue": 171809
        },
        "2003-12": {
            "month": "2003-12",
            "price": "35.98",
            "revenue": 201710
        },
        "2004-01": {
            "month": "2004-01",
            "price": "35.77",
            "revenue": 134806
        },
        "2004-02": {
            "month": "2004-02",
            "price": "37.28",
            "revenue": 195817
        },
        "2004-03": {
            "month": "2004-03",
            "price": "35.60",
            "revenue": 185001
        },
        "2004-04": {
            "month": "2004-04",
            "price": "32.51",
            "revenue": 160237
        },
        "2004-05": {
            "month": "2004-05",
            "price": "28.89",
            "revenue": 193633
        },
        "2004-06": {
            "month": "2004-06",
            "price": "30.64",
            "revenue": 194731
        },
        "2004-07": {
            "month": "2004-07",
            "price": "29.00",
            "revenue": 166044
        },
        "2004-08": {
            "month": "2004-08",
            "price": "28.27",
            "revenue": 157165
        },
        "2004-09": {
            "month": "2004-09",
            "price": "33.21",
            "revenue": 146744
        },
        "2004-10": {
            "month": "2004-10",
            "price": "31.98",
            "revenue": 92420
        },
        "2004-11": {
            "month": "2004-11",
            "price": "29.07",
            "revenue": 117847
        },
        "2004-12": {
            "month": "2004-12",
            "price": "28.69",
            "revenue": 254943
        },
        "2005-01": {
            "month": "2005-01",
            "price": "28.67",
            "revenue": 117379
        },
        "2005-02": {
            "month": "2005-02",
            "price": "29.32",
            "revenue": 136764
        },
        "2005-03": {
            "month": "2005-03",
            "price": "29.86",
            "revenue": 173463
        },
        "2005-04": {
            "month": "2005-04",
            "price": "27.67",
            "revenue": 166240
        },
        "2005-05": {
            "month": "2005-05",
            "price": "26.37",
            "revenue": 181767
        },
        "2005-06": {
            "month": "2005-06",
            "price": "25.08",
            "revenue": 167048
        },
        "2005-07": {
            "month": "2005-07",
            "price": "23.66",
            "revenue": 169142
        },
        "2005-08": {
            "month": "2005-08",
            "price": "24.12",
            "revenue": 169018
        },
        "2005-09": {
            "month": "2005-09",
            "price": "23.86",
            "revenue": 158327
        },
        "2005-10": {
            "month": "2005-10",
            "price": "21.48",
            "revenue": 195845
        },
        "2005-11": {
            "month": "2005-11",
            "price": "22.78",
            "revenue": 197835
        },
        "2005-12": {
            "month": "2005-12",
            "price": "24.51",
            "revenue": 210990
        },
        "2006-01": {
            "month": "2006-01",
            "price": "24.78",
            "revenue": 128330
        },
        "2006-02": {
            "month": "2006-02",
            "price": "24.25",
            "revenue": 138599
        },
        "2006-03": {
            "month": "2006-03",
            "price": "23.43",
            "revenue": 140325
        },
        "2006-04": {
            "month": "2006-04",
            "price": "26.31",
            "revenue": 120639
        },
        "2006-05": {
            "month": "2006-05",
            "price": "27.79",
            "revenue": 97203
        },
        "2006-06": {
            "month": "2006-06",
            "price": "23.44",
            "revenue": 130337
        },
        "2006-07": {
            "month": "2006-07",
            "price": "22.62",
            "revenue": 70372
        },
        "2006-08": {
            "month": "2006-08",
            "price": "20.81",
            "revenue": 81272
        },
        "2006-09": {
            "month": "2006-09",
            "price": "19.31",
            "revenue": 68783
        },
        "2006-10": {
            "month": "2006-10",
            "price": "20.37",
            "revenue": 110220
        },
        "2006-11": {
            "month": "2006-11",
            "price": "19.41",
            "revenue": 90294
        },
        "2006-12": {
            "month": "2006-12",
            "price": "20.38",
            "revenue": 100546
        },
        "2007-01": {
            "month": "2007-01",
            "price": "20.30",
            "revenue": 75016
        },
        "2007-02": {
            "month": "2007-02",
            "price": "20.13",
            "revenue": 76987
        },
        "2007-03": {
            "month": "2007-03",
            "price": "19.54",
            "revenue": 75225
        },
        "2007-04": {
            "month": "2007-04",
            "price": "19.90",
            "revenue": 73051
        },
        "2007-05": {
            "month": "2007-05",
            "price": "18.80",
            "revenue": 74125
        },
        "2007-06": {
            "month": "2007-06",
            "price": "18.70",
            "revenue": 72164
        },
        "2007-07": {
            "month": "2007-07",
            "price": "20.69",
            "revenue": 65048
        },
        "2007-08": {
            "month": "2007-08",
            "price": "19.89",
            "revenue": 52711
        },
        "2007-09": {
            "month": "2007-09",
            "price": "19.27",
            "revenue": 60977
        },
        "2007-10": {
            "month": "2007-10",
            "price": "18.97",
            "revenue": 67563
        },
        "2007-11": {
            "month": "2007-11",
            "price": "17.55",
            "revenue": 67242
        },
        "2007-12": {
            "month": "2007-12",
            "price": "17.12",
            "revenue": 80527
        },
        "2008-01": {
            "month": "2008-01",
            "price": "16.80",
            "revenue": 63008
        },
        "2008-02": {
            "month": "2008-02",
            "price": "17.08",
            "revenue": 42716
        },
        "2008-03": {
            "month": "2008-03",
            "price": "18.73",
            "revenue": 55813
        },
        "2008-04": {
            "month": "2008-04",
            "price": "17.91",
            "revenue": 76604
        },
        "2008-05": {
            "month": "2008-05",
            "price": "16.46",
            "revenue": 62569
        },
        "2008-06": {
            "month": "2008-06",
            "price": "13.62",
            "revenue": 61466
        },
        "2008-07": {
            "month": "2008-07",
            "price": "11.83",
            "revenue": 73846
        },
        "2008-08": {
            "month": "2008-08",
            "price": "10.94",
            "revenue": 44367
        },
        "2008-09": {
            "month": "2008-09",
            "price": "10.05",
            "revenue": 121128
        },
        "2008-10": {
            "month": "2008-10",
            "price": "8.71",
            "revenue": 59469
        },
        "2008-11": {
            "month": "2008-11",
            "price": "6.78",
            "revenue": 54065
        },
        "2008-12": {
            "month": "2008-12",
            "price": "6.68",
            "revenue": 68287
        },
        "2009-01": {
            "month": "2009-01",
            "price": "6.16",
            "revenue": 33608
        },
        "2009-02": {
            "month": "2009-02",
            "price": "5.95",
            "revenue": 51883
        },
        "2009-03": {
            "month": "2009-03",
            "price": "7.66",
            "revenue": 50676
        },
        "2009-04": {
            "month": "2009-04",
            "price": "8.97",
            "revenue": 33569
        },
        "2009-05": {
            "month": "2009-05",
            "price": "10.69",
            "revenue": 79998
        },
        "2009-06": {
            "month": "2009-06",
            "price": "11.98",
            "revenue": 103156
        },
        "2009-07": {
            "month": "2009-07",
            "price": "14.18",
            "revenue": 73719
        },
        "2009-08": {
            "month": "2009-08",
            "price": "15.70",
            "revenue": 86867
        },
        "2009-09": {
            "month": "2009-09",
            "price": "16.42",
            "revenue": 55777
        },
        "2009-10": {
            "month": "2009-10",
            "price": "18.25",
            "revenue": 55801
        },
        "2009-11": {
            "month": "2009-11",
            "price": "23.28",
            "revenue": 77545
        },
        "2009-12": {
            "month": "2009-12",
            "price": "25.05",
            "revenue": 66723
        },
        "2010-01": {
            "month": "2010-01",
            "price": "26.48",
            "revenue": 64879
        },
        "2010-02": {
            "month": "2010-02",
            "price": "24.09",
            "revenue": 64552
        },
        "2010-03": {
            "month": "2010-03",
            "price": "29.49",
            "revenue": 75719
        },
        "2010-04": {
            "month": "2010-04",
            "price": "28.29",
            "revenue": 79897
        },
        "2010-05": {
            "month": "2010-05",
            "price": "22.16",
            "revenue": 59578
        },
        "2010-06": {
            "month": "2010-06",
            "price": "19.89",
            "revenue": 76791
        },
        "2010-07": {
            "month": "2010-07",
            "price": "20.95",
            "revenue": 95381
        },
        "2010-08": {
            "month": "2010-08",
            "price": "28.91",
            "revenue": 126339
        },
        "2010-09": {
            "month": "2010-09",
            "price": "29.06",
            "revenue": 119392
        },
        "2010-10": {
            "month": "2010-10",
            "price": "40.90",
            "revenue": 134944
        },
        "2010-11": {
            "month": "2010-11",
            "price": "50.00",
            "revenue": 133327
        },
        "2010-12": {
            "month": "2010-12",
            "price": "68.30",
            "revenue": 145777
        },
        "2011-01": {
            "month": "2011-01",
            "price": "62.88",
            "revenue": 108642
        },
        "2011-02": {
            "month": "2011-02",
            "price": "55.05",
            "revenue": 90215
        },
        "2011-03": {
            "month": "2011-03",
            "price": "60.75",
            "revenue": 103563
        },
        "2011-04": {
            "month": "2011-04",
            "price": "58.46",
            "revenue": 104189
        },
        "2011-05": {
            "month": "2011-05",
            "price": "67.26",
            "revenue": 123244
        },
        "2011-06": {
            "month": "2011-06",
            "price": "70.15",
            "revenue": 112263
        },
        "2011-07": {
            "month": "2011-07",
            "price": "77.47",
            "revenue": 139544
        },
        "2011-08": {
            "month": "2011-08",
            "price": "61.04",
            "revenue": 106340
        },
        "2011-09": {
            "month": "2011-09",
            "price": "47.40",
            "revenue": 123251
        },
        "2011-10": {
            "month": "2011-10",
            "price": "48.74",
            "revenue": 125786
        },
        "2011-11": {
            "month": "2011-11",
            "price": "53.93",
            "revenue": 129729
        },
        "2011-12": {
            "month": "2011-12",
            "price": "40.84",
            "revenue": 139306
        },
        "2012-01": {
            "month": "2012-01",
            "price": "42.99",
            "revenue": 78580
        },
        "2012-02": {
            "month": "2012-02",
            "price": "51.04",
            "revenue": 102920
        },
        "2012-03": {
            "month": "2012-03",
            "price": "46.57",
            "revenue": 107185
        },
        "2012-04": {
            "month": "2012-04",
            "price": "38.61",
            "revenue": 106471
        },
        "2012-05": {
            "month": "2012-05",
            "price": "37.65",
            "revenue": 92276
        },
        "2012-06": {
            "month": "2012-06",
            "price": "36.00",
            "revenue": 93536
        },
        "2012-07": {
            "month": "2012-07",
            "price": "35.16",
            "revenue": 142359
        },
        "2012-08": {
            "month": "2012-08",
            "price": "34.09",
            "revenue": 168964
        },
        "2012-09": {
            "month": "2012-09",
            "price": "33.35",
            "revenue": 158491
        },
        "2012-10": {
            "month": "2012-10",
            "price": "32.62",
            "revenue": 100095
        },
        "2012-11": {
            "month": "2012-11",
            "price": "25.86",
            "revenue": 106166
        },
        "2012-12": {
            "month": "2012-12",
            "price": "28.12",
            "revenue": 100653
        },
        "2013-01": {
            "month": "2013-01",
            "price": "29.37",
            "revenue": 174078
        },
        "2013-02": {
            "month": "2013-02",
            "price": "28.37",
            "revenue": 91803
        },
        "2013-03": {
            "month": "2013-03",
            "price": "29.30",
            "revenue": 135919
        },
        "2013-04": {
            "month": "2013-04",
            "price": "28.72",
            "revenue": 103025
        },
        "2013-05": {
            "month": "2013-05",
            "price": "28.80",
            "revenue": 101034
        },
        "2013-06": {
            "month": "2013-06",
            "price": "28.49",
            "revenue": 84097
        },
        "2013-07": {
            "month": "2013-07",
            "price": "31.34",
            "revenue": 108868
        },
        "2013-08": {
            "month": "2013-08",
            "price": "28.97",
            "revenue": 83701
        },
        "2013-09": {
            "month": "2013-09",
            "price": "29.40",
            "revenue": 87427
        },
        "2013-10": {
            "month": "2013-10",
            "price": "29.74",
            "revenue": 95723
        },
        "2013-11": {
            "month": "2013-11",
            "price": "27.92",
            "revenue": 149036
        },
        "2013-12": {
            "month": "2013-12",
            "price": "31.28",
            "revenue": 147683
        },
        "2014-01": {
            "month": "2014-01",
            "price": "30.89",
            "revenue": 122165
        },
        "2014-02": {
            "month": "2014-02",
            "price": "29.68",
            "revenue": 114718
        },
        "2014-03": {
            "month": "2014-03",
            "price": "28.90",
            "revenue": 108106
        },
        "2014-04": {
            "month": "2014-04",
            "price": "28.91",
            "revenue": 106893
        },
        "2014-05": {
            "month": "2014-05",
            "price": "27.17",
            "revenue": 115400
        },
        "2014-06": {
            "month": "2014-06",
            "price": "27.69",
            "revenue": 102302
        },
        "2014-07": {
            "month": "2014-07",
            "price": "27.20",
            "revenue": 103758
        },
        "2014-08": {
            "month": "2014-08",
            "price": "24.56",
            "revenue": 116316
        },
        "2014-09": {
            "month": "2014-09",
            "price": "24.20",
            "revenue": 106854
        },
        "2014-10": {
            "month": "2014-10",
            "price": "21.84",
            "revenue": 123844
        },
        "2014-11": {
            "month": "2014-11",
            "price": "21.31",
            "revenue": 126272
        },
        "2014-12": {
            "month": "2014-12",
            "price": "22.25",
            "revenue": 121586
        },
        "2015-01": {
            "month": "2015-01",
            "price": "21.63",
            "revenue": 93822
        },
        "2015-02": {
            "month": "2015-02",
            "price": "22.77",
            "revenue": 74551
        },
        "2015-03": {
            "month": "2015-03",
            "price": "22.01",
            "revenue": 95101
        },
        "2015-04": {
            "month": "2015-04",
            "price": "21.86",
            "revenue": 116886
        },
        "2015-05": {
            "month": "2015-05",
            "price": "21.01",
            "revenue": 151465
        },
        "2015-06": {
            "month": "2015-06",
            "price": "22.71",
            "revenue": 206931
        },
        "2015-07": {
            "month": "2015-07",
            "price": "27.40",
            "revenue": 151828
        },
        "2015-08": {
            "month": "2015-08",
            "price": "19.11",
            "revenue": 115454
        },
        "2015-09": {
            "month": "2015-09",
            "price": "18.38",
            "revenue": 147474
        },
        "2015-10": {
            "month": "2015-10",
            "price": "19.64",
            "revenue": 124231
        },
        "2015-11": {
            "month": "2015-11",
            "price": "18.92",
            "revenue": 146169
        },
        "2015-12": {
            "month": "2015-12",
            "price": "17.61",
            "revenue": 164576
        },
        "2016-01": {
            "month": "2016-01",
            "price": "16.30",
            "revenue": 171720
        },
        "2016-02": {
            "month": "2016-02",
            "price": "17.63",
            "revenue": 97268
        },
        "2016-03": {
            "month": "2016-03",
            "price": "20.09",
            "revenue": 179000
        },
        "2016-04": {
            "month": "2016-04",
            "price": "24.44",
            "revenue": 151205
        },
        "2016-05": {
            "month": "2016-05",
            "price": "20.29",
            "revenue": 150437
        },
        "2016-06": {
            "month": "2016-06",
            "price": "19.60",
            "revenue": 157367
        },
        "2016-07": {
            "month": "2016-07",
            "price": "19.53",
            "revenue": 131504
        },
        "2016-08": {
            "month": "2016-08",
            "price": "19.48",
            "revenue": 123955
        },
        "2016-09": {
            "month": "2016-09",
            "price": "19.89",
            "revenue": 139642
        },
        "2016-10": {
            "month": "2016-10",
            "price": "19.04",
            "revenue": 164807
        },
        "2016-11": {
            "month": "2016-11",
            "price": "18.31",
            "revenue": 160839
        },
        "2016-12": {
            "month": "2016-12",
            "price": "18.40",
            "revenue": 165603
        },
        "2017-01": {
            "month": "2017-01",
            "price": "18.25",
            "revenue": 120257
        },
        "2017-02": {
            "month": "2017-02",
            "price": "18.88",
            "revenue": 106095
        },
        "2017-03": {
            "month": "2017-03",
            "price": "19.62",
            "revenue": 129865
        },
        "2017-04": {
            "month": "2017-04",
            "price": "18.72",
            "revenue": 100346
        },
        "2017-05": {
            "month": "2017-05",
            "price": "17.90",
            "revenue": 100471
        },
        "2017-06": {
            "month": "2017-06",
            "price": "18.04",
            "revenue": 114640
        },
        "2017-07": {
            "month": "2017-07",
            "price": "17.69",
            "revenue": 91997
        },
        "2017-08": {
            "month": "2017-08",
            "price": "16.78",
            "revenue": 95080
        },
        "2017-09": {
            "month": "2017-09",
            "price": "16.98",
            "revenue": 111120
        },
        "2017-10": {
            "month": "2017-10",
            "price": "16.74",
            "revenue": 111264
        },
        "2017-11": {
            "month": "2017-11",
            "price": "15.95",
            "revenue": 150071
        },
        "2017-12": {
            "month": "2017-12",
            "price": "15.87",
            "revenue": 159858
        },
        "2018-01": {
            "month": "2018-01",
            "price": "16.36",
            "revenue": 154434
        },
        "2018-02": {
            "month": "2018-02",
            "price": "16.22",
            "revenue": 70132
        },
        "2018-03": {
            "month": "2018-03",
            "price": "16.47",
            "revenue": 94351
        },
        "2018-04": {
            "month": "2018-04",
            "price": "15.61",
            "revenue": 93177
        },
        "2018-05": {
            "month": "2018-05",
            "price": "15.03",
            "revenue": 93415
        },
        "2018-06": {
            "month": "2018-06",
            "price": "15.07",
            "revenue": 83824
        },
        "2018-07": {
            "month": "2018-07",
            "price": "14.82",
            "revenue": 58873
        },
        "2018-08": {
            "month": "2018-08",
            "price": "14.17",
            "revenue": 53870
        },
        "2018-09": {
            "month": "2018-09",
            "price": "12.37",
            "revenue": 77575
        },
        "2018-10": {
            "month": "2018-10",
            "price": "11.50",
            "revenue": 71184
        },
        "2018-11": {
            "month": "2018-11",
            "price": "11.87",
            "revenue": 77750
        },
        "2018-12": {
            "month": "2018-12",
            "price": "11.80",
            "revenue": 82038
        },
        "2019-01": {
            "month": "2019-01",
            "price": "11.53",
            "revenue": 79692
        },
        "2019-02": {
            "month": "2019-02",
            "price": "11.45",
            "revenue": 56651
        },
        "2019-03": {
            "month": "2019-03",
            "price": "11.94",
            "revenue": 64034
        },
        "2019-04": {
            "month": "2019-04",
            "price": "18.57",
            "revenue": 52243
        },
        "2019-05": {
            "month": "2019-05",
            "price": "15.32",
            "revenue": 69655
        },
        "2019-06": {
            "month": "2019-06",
            "price": "13.66",
            "revenue": 94562
        },
        "2019-07": {
            "month": "2019-07",
            "price": "14.39",
            "revenue": 80152
        },
        "2019-08": {
            "month": "2019-08",
            "price": "14.24",
            "revenue": 90052
        },
        "2019-09": {
            "month": "2019-09",
            "price": "17.46",
            "revenue": 113645
        },
        "2019-10": {
            "month": "2019-10",
            "price": "18.32",
            "revenue": 94095
        },
        "2019-11": {
            "month": "2019-11",
            "price": "17.95",
            "revenue": 99291
        },
        "2019-12": {
            "month": "2019-12",
            "price": "24.61",
            "revenue": 98728
        },
        "2020-01": {
            "month": "2020-01",
            "price": "27.12",
            "revenue": 52249
        },
        "2020-02": {
            "month": "2020-02",
            "price": "25.58",
            "revenue": 51160
        },
        "2020-03": {
            "month": "2020-03",
            "price": "20.74",
            "revenue": 60092
        },
        "2020-04": {
            "month": "2020-04",
            "price": "18.99",
            "revenue": 53832
        },
        "2020-05": {
            "month": "2020-05",
            "price": "20.67",
            "revenue": 53488
        },
        "2020-06": {
            "month": "2020-06",
            "price": "21.13",
            "revenue": 64846
        },
        "2020-07": {
            "month": "2020-07",
            "price": "23.88",
            "revenue": 64632
        },
        "2020-08": {
            "month": "2020-08",
            "price": "25.42",
            "revenue": 47255
        },
        "2020-09": {
            "month": "2020-09",
            "price": "35.67",
            "revenue": 67344
        },
        "2020-10": {
            "month": "2020-10",
            "price": "31.29",
            "revenue": 50131
        },
        "2020-11": {
            "month": "2020-11",
            "price": "27.33",
            "revenue": 53625
        },
        "2020-12": {
            "month": "2020-12",
            "price": "28.75",
            "revenue": 61971
        },
        "2021-01": {
            "month": "2021-01",
            "price": "27.14",
            "revenue": 59119
        },
        "2021-02": {
            "month": "2021-02",
            "price": "26.35",
            "revenue": 64009
        },
        "2021-03": {
            "month": "2021-03",
            "price": "27.48",
            "revenue": 78718
        },
        "2021-04": {
            "month": "2021-04",
            "price": "29.31",
            "revenue": 50096
        },
        "2021-05": {
            "month": "2021-05",
            "price": "25.46",
            "revenue": 44908
        },
        "2021-06": {
            "month": "2021-06",
            "price": "28.65",
            "revenue": 78282
        },
        "2021-07": {
            "month": "2021-07",
            "price": "27.13",
            "revenue": 40440
        },
        "2021-08": {
            "month": "2021-08",
            "price": "28.56",
            "revenue": 45069
        },
        "2021-09": {
            "month": "2021-09",
            "price": "27.54",
            "revenue": 50943
        },
        "2021-10": {
            "month": "2021-10",
            "price": "27.80",
            "revenue": 44354
        },
        "2021-11": {
            "month": "2021-11",
            "price": "28.89",
            "revenue": 43840
        },
        "2021-12": {
            "month": "2021-12",
            "price": "28.42",
            "revenue": 124657
        },
        "2022-01": {
            "month": "2022-01",
            "price": "27.80",
            "revenue": 51396
        },
        "2022-02": {
            "month": "2022-02",
            "price": "29.12",
            "revenue": 38496
        },
        "2022-03": {
            "month": "2022-03",
            "price": "26.89",
            "revenue": 58202
        },
        "2022-04": {
            "month": "2022-04",
            "price": "26.74",
            "revenue": 40942
        },
        "2022-05": {
            "month": "2022-05",
            "price": "27.04",
            "revenue": 41508
        },
        "2022-06": {
            "month": "2022-06",
            "price": "29.09",
            "revenue": 53691
        },
        "2022-07": {
            "month": "2022-07",
            "price": "28.34",
            "revenue": 44297
        },
        "2022-08": {
            "month": "2022-08",
            "price": "28.54",
            "revenue": 48715
        },
        "2022-09": {
            "month": "2022-09",
            "price": "28.57",
            "revenue": 40366
        },
        "2022-10": {
            "month": "2022-10",
            "price": "28.43",
            "revenue": 44055
        },
        "2022-11": {
            "month": "2022-11",
            "price": "28.45",
            "revenue": 58520
        },
        "2022-12": {
            "month": "2022-12",
            "price": "37.42",
            "revenue": 36976
        },
        "2023-01": {
            "month": "2023-01",
            "price": "39.99",
            "revenue": 27733
        },
        "2023-02": {
            "month": "2023-02",
            "price": "46.49",
            "revenue": 43729
        },
        "2023-03": {
            "month": "2023-03",
            "price": "39.33",
            "revenue": 53221
        },
        "2023-04": {
            "month": "2023-04",
            "price": "38.02",
            "revenue": 43372
        },
        "2023-05": {
            "month": "2023-05",
            "price": "37.00",
            "revenue": 46689
        },
        "2023-06": {
            "month": "2023-06",
            "price": "45.15",
            "revenue": 60724
        },
        "2023-07": {
            "month": "2023-07",
            "price": "54.34",
            "revenue": 53908
        },
        "2023-08": {
            "month": "2023-08",
            "price": "50.01",
            "revenue": 43264
        },
        "2023-09": {
            "month": "2023-09",
            "price": "46.08",
            "revenue": 39371
        },
        "2023-10": {
            "month": "2023-10",
            "price": "41.87",
            "revenue": 74827
        },
        "2023-11": {
            "month": "2023-11",
            "price": "45.29",
            "revenue": 45439
        },
        "2023-12": {
            "month": "2023-12",
            "price": "44.89",
            "revenue": 50285
        },
        "2024-01": {
            "month": "2024-01",
            "price": "39.26",
            "revenue": 48622
        },
        "2024-02": {
            "month": "2024-02",
            "price": "39.20",
            "revenue": 24677
        }
    }
}
