{
    "summary": {
        "stock_name": "東台",
        "stock_id": "4526",
        "category": "電機機械",
        "main_business": "各種工作母機機械工具與電腦組件之製造加工及銷售<br>電腦數值控制車床、切削中心機之製造與銷售",
        "website_url": "http://www.tongtai.com.tw/",
        "ceo": "嚴瑞雄",
        "pe_ratio": 51,
        "report_year_from": 2001,
        "report_year_to": 2023,
        "age": 22,
        "eps_negative_percentage": 13,
        "eps_growth_avg": {
            "last_all": -19.27,
            "last_2y": -73.53,
            "last_4y": -75.8,
            "last_8y": -52.21,
            "last_12y": -28.34,
            "last_16y": -28.99,
            "last_20y": -19.27,
            "at_2006_last_3y": 29.96,
            "at_2007_last_3y": -1.42,
            "at_2008_last_3y": -12.38,
            "at_2009_last_3y": -30.79,
            "at_2010_last_3y": -10.56,
            "at_2011_last_3y": -4.38,
            "at_2012_last_3y": -13.39,
            "at_2013_last_3y": 13.44,
            "at_2014_last_3y": 13.04,
            "at_2015_last_3y": 1.52,
            "at_2016_last_3y": -2.64,
            "at_2017_last_3y": -34.53,
            "at_2018_last_3y": -78.83,
            "at_2019_last_3y": -86.52,
            "at_2020_last_3y": -93.44,
            "at_2021_last_3y": -90.16,
            "at_2022_last_3y": -75.8,
            "at_2023_last_3y": -75.8,
            "at_2006_last_all": 17.58,
            "at_2007_last_all": 8.67,
            "at_2008_last_all": 3.64,
            "at_2009_last_all": -6.79,
            "at_2010_last_all": 5.08,
            "at_2011_last_all": 3.45,
            "at_2012_last_all": -2.55,
            "at_2013_last_all": -0.05,
            "at_2014_last_all": 7.53,
            "at_2015_last_all": 2.9,
            "at_2016_last_all": -2.58,
            "at_2017_last_all": -8.67,
            "at_2018_last_all": -8.67,
            "at_2019_last_all": -12.88,
            "at_2020_last_all": -17.72,
            "at_2021_last_all": -17.72,
            "at_2022_last_all": -19.27,
            "at_2023_last_all": -19.27
        },
        "latest_eps": 0.32,
        "latest_price": 16.4,
        "latest_roe": 2.33,
        "latest_gross_margin": 22.58,
        "latest_equity": 5701410,
        "latest_revenue": 1735734,
        "latest_gross_profit": 391910,
        "latest_net_income": -667,
        "latest_debt_ratio": 63.21,
        "latest_current_ratio": 139.5,
        "latest_account_receivable_turnover_ratio": 0.58,
        "latest_inventory_turnover_ratio": 0.24,
        "latest_reinvestment_rate": null,
        "latest_research_to_sale_ratio": 3.76
    },
    "eps_dividends": {
        "1997": {
            "cash": 1,
            "stock": 1,
            "eps": 0
        },
        "2000": {
            "cash": 0,
            "stock": 1,
            "eps": 0
        },
        "2001": {
            "cash": 0,
            "stock": 0,
            "eps": 3.54
        },
        "2002": {
            "cash": 0,
            "stock": 0,
            "eps": 2.41
        },
        "2003": {
            "cash": 1,
            "stock": 1,
            "eps": 4.57
        },
        "2004": {
            "cash": 2,
            "stock": 2,
            "eps": 5.36
        },
        "2005": {
            "cash": 2,
            "stock": 2,
            "eps": 5.03
        },
        "2006": {
            "cash": 2,
            "stock": 1,
            "eps": 5.99
        },
        "2007": {
            "cash": 2,
            "stock": 1,
            "eps": 3.84
        },
        "2008": {
            "cash": 2,
            "stock": 1,
            "eps": 2.82
        },
        "2009": {
            "cash": 1,
            "stock": 1,
            "eps": 0.57
        },
        "2010": {
            "cash": 1,
            "stock": 0,
            "eps": 2.95
        },
        "2011": {
            "cash": 2,
            "stock": 1,
            "eps": 2.62
        },
        "2012": {
            "cash": 0,
            "stock": 0,
            "eps": 0.98
        },
        "2013": {
            "cash": 1,
            "stock": 0,
            "eps": 1.25
        },
        "2014": {
            "cash": 1,
            "stock": 0,
            "eps": 2.48
        },
        "2015": {
            "cash": 1,
            "stock": 0,
            "eps": 1.06
        },
        "2016": {
            "cash": 1,
            "stock": 0,
            "eps": 0.22
        },
        "2017": {
            "cash": 1,
            "stock": 0,
            "eps": -0.93
        },
        "2018": {
            "cash": 0,
            "stock": 0,
            "eps": 1.22
        },
        "2019": {
            "cash": 0,
            "stock": 0,
            "eps": 0.24
        },
        "2020": {
            "cash": 0,
            "stock": 0,
            "eps": -1.36
        },
        "2021": {
            "cash": 0,
            "stock": 0,
            "eps": 0.68
        },
        "2022": {
            "cash": 0,
            "stock": 0,
            "eps": 0.36
        },
        "2023": {
            "cash": 0,
            "stock": 0,
            "eps": -0.02
        }
    },
    "dividends": {
        "1997-06-06": {
            "cash": 0.5,
            "stock": 0.5
        },
        "2000-03-26": {
            "cash": 0.3,
            "stock": 1.2
        },
        "2003-03-28": {
            "cash": 0.8,
            "stock": 0.8
        },
        "2004-03-22": {
            "cash": 1.5,
            "stock": 1.5
        },
        "2005-03-28": {
            "cash": 1.75,
            "stock": 1.75
        },
        "2006-03-23": {
            "cash": 2,
            "stock": 1
        },
        "2007-04-25": {
            "cash": 1.5,
            "stock": 1
        },
        "2008-04-18": {
            "cash": 2,
            "stock": 1
        },
        "2009-04-23": {
            "cash": 0.75,
            "stock": 0.75
        },
        "2010-04-22": {
            "cash": 1,
            "stock": 0
        },
        "2011-01-01": {
            "cash": 1.2,
            "stock": 0.2
        },
        "2011-04-21": {
            "cash": 1.2,
            "stock": 0.8
        },
        "2013-03-26": {
            "cash": 1,
            "stock": 0.2
        },
        "2014-06-18": {
            "cash": 1.1,
            "stock": 0
        },
        "2015-08-31": {
            "cash": 1,
            "stock": 0.2
        },
        "2016-07-29": {
            "cash": 0.8,
            "stock": 0
        },
        "2017-08-11": {
            "cash": 0.5,
            "stock": 0
        },
        "2019-08-23": {
            "cash": 0.3,
            "stock": 0
        },
        "2020-08-21": {
            "cash": 0.2,
            "stock": 0
        },
        "2022-08-26": {
            "cash": 0.2,
            "stock": 0
        },
        "2023-03-14": {
            "cash": 0.2,
            "stock": 0
        }
    },
    "prices": {
        "200101": "25.00",
        "200102": "36.06",
        "200103": "47.70",
        "200104": "46.42",
        "200105": "37.81",
        "200106": "33.66",
        "200107": "25.90",
        "200108": "25.02",
        "200109": "22.32",
        "200110": "19.71",
        "200111": "22.32",
        "200112": "25.64",
        "200201": "27.07",
        "200202": "25.84",
        "200203": "24.59",
        "200204": "23.72",
        "200205": "22.86",
        "200206": "26.24",
        "200207": "26.32",
        "200208": "22.38",
        "200209": "20.80",
        "200210": "21.04",
        "200211": "24.02",
        "200212": "26.50",
        "200301": "29.46",
        "200302": "26.78",
        "200303": "26.44",
        "200304": "27.99",
        "200305": "30.14",
        "200306": "30.86",
        "200307": "31.47",
        "200308": "36.35",
        "200309": "40.92",
        "200310": "43.45",
        "200311": "48.95",
        "200312": "53.00",
        "200401": "52.70",
        "200402": "57.78",
        "200403": "58.98",
        "200404": "60.64",
        "200405": "54.88",
        "200406": "53.67",
        "200407": "51.05",
        "200408": "49.56",
        "200409": "49.77",
        "200410": "48.59",
        "200411": "45.82",
        "200412": "45.08",
        "200501": "46.32",
        "200502": "45.17",
        "200503": "43.70",
        "200504": "44.57",
        "200505": "41.83",
        "200506": "40.61",
        "200507": "39.52",
        "200508": "33.31",
        "200509": "36.62",
        "200510": "36.86",
        "200511": "34.79",
        "200512": "42.17",
        "200601": "45.86",
        "200602": "45.13",
        "200603": "46.51",
        "200604": "51.92",
        "200605": "50.41",
        "200606": "45.49",
        "200607": "45.11",
        "200608": "42.57",
        "200609": "44.47",
        "200610": "45.51",
        "200611": "46.65",
        "200612": "50.29",
        "200701": "49.88",
        "200702": "47.42",
        "200703": "45.68",
        "200704": "46.42",
        "200705": "44.30",
        "200706": "45.44",
        "200707": "46.68",
        "200708": "45.14",
        "200709": "44.12",
        "200710": "42.72",
        "200711": "39.92",
        "200712": "37.82",
        "200801": "34.91",
        "200802": "35.24",
        "200803": "37.02",
        "200804": "37.04",
        "200805": "37.60",
        "200806": "36.28",
        "200807": "30.58",
        "200808": "27.41",
        "200809": "23.87",
        "200810": "19.27",
        "200811": "17.68",
        "200812": "17.53",
        "200901": "16.16",
        "200902": "15.47",
        "200903": "16.81",
        "200904": "18.28",
        "200905": "18.97",
        "200906": "19.58",
        "200907": "20.05",
        "200908": "20.20",
        "200909": "22.06",
        "200910": "24.60",
        "200911": "24.03",
        "200912": "24.58",
        "201001": "26.68",
        "201002": "24.71",
        "201003": "27.44",
        "201004": "31.50",
        "201005": "30.71",
        "201006": "29.54",
        "201007": "29.90",
        "201008": "31.40",
        "201009": "31.09",
        "201010": "31.45",
        "201011": "30.80",
        "201012": "38.59",
        "201101": "43.13",
        "201102": "40.54",
        "201103": "45.84",
        "201104": "49.99",
        "201105": "45.62",
        "201106": "46.73",
        "201107": "43.48",
        "201108": "33.67",
        "201109": "25.66",
        "201110": "25.18",
        "201111": "27.29",
        "201112": "24.63",
        "201201": "25.46",
        "201202": "31.02",
        "201203": "30.68",
        "201204": "27.34",
        "201205": "25.49",
        "201206": "25.06",
        "201207": "24.57",
        "201208": "25.18",
        "201209": "25.22",
        "201210": "23.89",
        "201211": "21.22",
        "201212": "21.62",
        "201301": "22.72",
        "201302": "23.08",
        "201303": "23.84",
        "201304": "23.66",
        "201305": "23.42",
        "201306": "23.72",
        "201307": "23.89",
        "201308": "23.56",
        "201309": "24.33",
        "201310": "28.08",
        "201311": "25.96",
        "201312": "26.35",
        "201401": "29.02",
        "201402": "31.07",
        "201403": "31.24",
        "201404": "31.54",
        "201405": "30.07",
        "201406": "33.30",
        "201407": "35.12",
        "201408": "32.06",
        "201409": "31.18",
        "201410": "28.21",
        "201411": "26.59",
        "201412": "27.75",
        "201501": "29.37",
        "201502": "33.33",
        "201503": "34.79",
        "201504": "31.15",
        "201505": "27.03",
        "201506": "24.97",
        "201507": "24.04",
        "201508": "21.09",
        "201509": "23.36",
        "201510": "24.26",
        "201511": "23.75",
        "201512": "22.43",
        "201601": "22.76",
        "201602": "23.72",
        "201603": "24.61",
        "201604": "24.52",
        "201605": "23.56",
        "201606": "24.04",
        "201607": "23.98",
        "201608": "23.42",
        "201609": "22.88",
        "201610": "22.69",
        "201611": "21.42",
        "201612": "21.46",
        "201701": "21.39",
        "201702": "22.17",
        "201703": "22.10",
        "201704": "21.74",
        "201705": "20.79",
        "201706": "21.10",
        "201707": "21.10",
        "201708": "20.57",
        "201709": "20.80",
        "201710": "20.64",
        "201711": "20.88",
        "201712": "20.31",
        "201801": "20.49",
        "201802": "20.18",
        "201803": "20.02",
        "201804": "19.81",
        "201805": "20.09",
        "201806": "21.72",
        "201807": "21.44",
        "201808": "20.92",
        "201809": "20.26",
        "201810": "18.14",
        "201811": "17.47",
        "201812": "17.53",
        "201901": "17.73",
        "201902": "17.95",
        "201903": "18.52",
        "201904": "19.98",
        "201905": "19.11",
        "201906": "18.39",
        "201907": "18.34",
        "201908": "17.12",
        "201909": "17.11",
        "201910": "17.08",
        "201911": "16.96",
        "201912": "16.87",
        "202001": "16.80",
        "202002": "16.11",
        "202003": "12.87",
        "202004": "12.13",
        "202005": "12.95",
        "202006": "13.32",
        "202007": "13.02",
        "202008": "12.46",
        "202009": "13.31",
        "202010": "14.22",
        "202011": "14.34",
        "202012": "15.08",
        "202101": "15.23",
        "202102": "14.70",
        "202103": "15.34",
        "202104": "17.77",
        "202105": "15.92",
        "202106": "16.69",
        "202107": "18.15",
        "202108": "17.57",
        "202109": "16.74",
        "202110": "15.90",
        "202111": "16.71",
        "202112": "17.34",
        "202201": "16.61",
        "202202": "16.46",
        "202203": "16.20",
        "202204": "15.48",
        "202205": "14.78",
        "202206": "14.79",
        "202207": "13.81",
        "202208": "14.07",
        "202209": "14.28",
        "202210": "13.56",
        "202211": "13.80",
        "202212": "14.46",
        "202301": "14.02",
        "202302": "15.22",
        "202303": "16.84",
        "202304": "17.49",
        "202305": "16.83"
    },
    "quarters": {
        "20011": {
            "year_quarter": 20011,
            "year": 2001,
            "quarter": 1,
            "eps": 1.13,
            "eps_growth_year": 66.18,
            "eps_4q": 3.57,
            "eps_4q_growth_year": 99.43,
            "roe": 6.29,
            "roe_4q": 6.29,
            "gross_profit": 100957,
            "gross_margin": 23.25,
            "gross_margin_4q_avg": 23.25,
            "net_income": 47033,
            "revenue": 434270,
            "common_shares": 417760,
            "book_valuer_per_share": 18.45,
            "book_valuer_per_share_4q_avg": 18.45,
            "equity": 770779,
            "current_ratio": 154.93,
            "debt_ratio": 54.88,
            "inventory_turnover_ratio": 0.61,
            "account_receivable_turnover_ratio": null,
            "reinvestment_rate": null,
            "research_to_sale_ratio": null,
            "price_fair": 0,
            "eps_avg_yearly": 0,
            "eps_latest_yearly": 0,
            "eps_growth_yearly": 0
        },
        "20012": {
            "year_quarter": 20012,
            "year": 2001,
            "quarter": 2,
            "eps": 0.89,
            "eps_growth_year": -16.82,
            "eps_4q": 3.38,
            "eps_4q_growth_year": 9.6,
            "roe": 4.83,
            "roe_4q": 11.120000000000001,
            "gross_profit": 91958,
            "gross_margin": 23.49,
            "gross_margin_4q_avg": 23.37,
            "net_income": 37171,
            "revenue": 391552,
            "common_shares": 417760,
            "book_valuer_per_share": 18.4,
            "book_valuer_per_share_4q_avg": 18.43,
            "equity": 768884,
            "current_ratio": 146.16,
            "debt_ratio": 55.82,
            "inventory_turnover_ratio": 0.55,
            "account_receivable_turnover_ratio": null,
            "reinvestment_rate": null,
            "research_to_sale_ratio": null,
            "price_fair": 0,
            "eps_avg_yearly": 0,
            "eps_latest_yearly": 0,
            "eps_growth_yearly": 0
        },
        "20013": {
            "year_quarter": 20013,
            "year": 2001,
            "quarter": 3,
            "eps": 0.47,
            "eps_growth_year": -45.35,
            "eps_4q": 2.44,
            "eps_4q_growth_year": -29.31,
            "roe": 2.79,
            "roe_4q": 13.91,
            "gross_profit": 79579,
            "gross_margin": 21.24,
            "gross_margin_4q_avg": 22.66,
            "net_income": 25014,
            "revenue": 374592,
            "common_shares": 609672,
            "book_valuer_per_share": 16.79,
            "book_valuer_per_share_4q_avg": 17.88,
            "equity": 1023910,
            "current_ratio": 160.38,
            "debt_ratio": 44.18,
            "inventory_turnover_ratio": 0.52,
            "account_receivable_turnover_ratio": null,
            "reinvestment_rate": null,
            "research_to_sale_ratio": null,
            "price_fair": 0,
            "eps_avg_yearly": 0,
            "eps_latest_yearly": 0,
            "eps_growth_yearly": 0
        },
        "20014": {
            "year_quarter": 20014,
            "year": 2001,
            "quarter": 4,
            "eps": 1.05,
            "eps_growth_year": 110,
            "eps_4q": 3.03,
            "eps_4q_growth_year": -0.1,
            "roe": 5.49,
            "roe_4q": 19.400000000000002,
            "gross_profit": 123655,
            "gross_margin": 28.77,
            "gross_margin_4q_avg": 24.19,
            "net_income": 57781,
            "revenue": 429764,
            "common_shares": 609672,
            "book_valuer_per_share": 17.74,
            "book_valuer_per_share_4q_avg": 17.85,
            "equity": 1081640,
            "current_ratio": 183.16,
            "debt_ratio": 39.26,
            "inventory_turnover_ratio": 0.56,
            "account_receivable_turnover_ratio": null,
            "reinvestment_rate": null,
            "research_to_sale_ratio": null,
            "price_fair": 0,
            "eps_avg_yearly": 0,
            "eps_latest_yearly": 0,
            "eps_growth_yearly": 0
        },
        "20021": {
            "year_quarter": 20021,
            "year": 2002,
            "quarter": 1,
            "eps": 0.28,
            "eps_growth_year": -75.22,
            "eps_4q": 2.22,
            "eps_4q_growth_year": -37.66,
            "roe": 1.58,
            "roe_4q": 14.69,
            "gross_profit": 49863,
            "gross_margin": 14.81,
            "gross_margin_4q_avg": 22.08,
            "net_income": 17272,
            "revenue": 336699,
            "common_shares": 609672,
            "book_valuer_per_share": 18.07,
            "book_valuer_per_share_4q_avg": 17.75,
            "equity": 1101895,
            "current_ratio": 192.57,
            "debt_ratio": 37.59,
            "inventory_turnover_ratio": 0.56,
            "account_receivable_turnover_ratio": null,
            "reinvestment_rate": null,
            "research_to_sale_ratio": null,
            "price_fair": 3.36,
            "eps_avg_yearly": 1.12,
            "eps_latest_yearly": 1.12,
            "eps_growth_yearly": -293.33
        },
        "20022": {
            "year_quarter": 20022,
            "year": 2002,
            "quarter": 2,
            "eps": 0.68,
            "eps_growth_year": -23.6,
            "eps_4q": 2.31,
            "eps_4q_growth_year": -31.57,
            "roe": 3.83,
            "roe_4q": 13.690000000000001,
            "gross_profit": 102839,
            "gross_margin": 24.01,
            "gross_margin_4q_avg": 22.21,
            "net_income": 41664,
            "revenue": 428359,
            "common_shares": 609672,
            "book_valuer_per_share": 17.6,
            "book_valuer_per_share_4q_avg": 17.55,
            "equity": 1072844,
            "current_ratio": 165.6,
            "debt_ratio": 42.62,
            "inventory_turnover_ratio": 0.64,
            "account_receivable_turnover_ratio": null,
            "reinvestment_rate": null,
            "research_to_sale_ratio": null,
            "price_fair": 67.2,
            "eps_avg_yearly": 1.92,
            "eps_latest_yearly": 2.72,
            "eps_growth_yearly": 139.05
        },
        "20023": {
            "year_quarter": 20023,
            "year": 2002,
            "quarter": 3,
            "eps": 0.73,
            "eps_growth_year": 55.32,
            "eps_4q": 2.5,
            "eps_4q_growth_year": 2.1,
            "roe": 4.41,
            "roe_4q": 15.31,
            "gross_profit": 110310,
            "gross_margin": 23.46,
            "gross_margin_4q_avg": 22.76,
            "net_income": 48273,
            "revenue": 470305,
            "common_shares": 662256,
            "book_valuer_per_share": 16.89,
            "book_valuer_per_share_4q_avg": 17.58,
            "equity": 1118613,
            "current_ratio": 162.99,
            "debt_ratio": 44.91,
            "inventory_turnover_ratio": 0.64,
            "account_receivable_turnover_ratio": null,
            "reinvestment_rate": null,
            "research_to_sale_ratio": null,
            "price_fair": 78.87,
            "eps_avg_yearly": 2.25,
            "eps_latest_yearly": 2.92,
            "eps_growth_yearly": 102.5
        },
        "20024": {
            "year_quarter": 20024,
            "year": 2002,
            "quarter": 4,
            "eps": 0.72,
            "eps_growth_year": -31.43,
            "eps_4q": 2.34,
            "eps_4q_growth_year": -22.95,
            "roe": 4.19,
            "roe_4q": 14.010000000000002,
            "gross_profit": 129299,
            "gross_margin": 22.47,
            "gross_margin_4q_avg": 21.19,
            "net_income": 47699,
            "revenue": 575373,
            "common_shares": 662256,
            "book_valuer_per_share": 17.47,
            "book_valuer_per_share_4q_avg": 17.51,
            "equity": 1157193,
            "current_ratio": 158.68,
            "debt_ratio": 46.98,
            "inventory_turnover_ratio": 0.72,
            "account_receivable_turnover_ratio": null,
            "reinvestment_rate": 8,
            "research_to_sale_ratio": null,
            "price_fair": 84.35,
            "eps_avg_yearly": 2.41,
            "eps_latest_yearly": 2.88,
            "eps_growth_yearly": 75.51
        },
        "20031": {
            "year_quarter": 20031,
            "year": 2003,
            "quarter": 1,
            "eps": 0.68,
            "eps_growth_year": 142.86,
            "eps_4q": 2.75,
            "eps_4q_growth_year": 23.78,
            "roe": 3.83,
            "roe_4q": 16.259999999999998,
            "gross_profit": 120113,
            "gross_margin": 23.64,
            "gross_margin_4q_avg": 23.4,
            "net_income": 45131,
            "revenue": 508114,
            "common_shares": 662256,
            "book_valuer_per_share": 18.15,
            "book_valuer_per_share_4q_avg": 17.53,
            "equity": 1201984,
            "current_ratio": 175.77,
            "debt_ratio": 46.57,
            "inventory_turnover_ratio": 0.6,
            "account_receivable_turnover_ratio": null,
            "reinvestment_rate": 8.47,
            "research_to_sale_ratio": null,
            "price_fair": 86.52,
            "eps_avg_yearly": 2.47,
            "eps_latest_yearly": 2.72,
            "eps_growth_yearly": 55.96
        },
        "20032": {
            "year_quarter": 20032,
            "year": 2003,
            "quarter": 2,
            "eps": 0.99,
            "eps_growth_year": 45.59,
            "eps_4q": 3.12,
            "eps_4q_growth_year": 35.06,
            "roe": 5.47,
            "roe_4q": 17.900000000000002,
            "gross_profit": 165334,
            "gross_margin": 26.3,
            "gross_margin_4q_avg": 23.97,
            "net_income": 65454,
            "revenue": 628528,
            "common_shares": 662256,
            "book_valuer_per_share": 17.98,
            "book_valuer_per_share_4q_avg": 17.62,
            "equity": 1190756,
            "current_ratio": 160.89,
            "debt_ratio": 50.97,
            "inventory_turnover_ratio": 0.68,
            "account_receivable_turnover_ratio": null,
            "reinvestment_rate": 8.92,
            "research_to_sale_ratio": null,
            "price_fair": 95.2,
            "eps_avg_yearly": 2.72,
            "eps_latest_yearly": 3.96,
            "eps_growth_yearly": 77.03
        },
        "20033": {
            "year_quarter": 20033,
            "year": 2003,
            "quarter": 3,
            "eps": 1.26,
            "eps_growth_year": 72.6,
            "eps_4q": 3.45,
            "eps_4q_growth_year": 38.31,
            "roe": 7.37,
            "roe_4q": 20.860000000000003,
            "gross_profit": 188375,
            "gross_margin": 24.1,
            "gross_margin_4q_avg": 24.13,
            "net_income": 91029,
            "revenue": 781697,
            "common_shares": 721856,
            "book_valuer_per_share": 17.73,
            "book_valuer_per_share_4q_avg": 17.83,
            "equity": 1280119,
            "current_ratio": 218.88,
            "debt_ratio": 49.44,
            "inventory_turnover_ratio": 0.84,
            "account_receivable_turnover_ratio": null,
            "reinvestment_rate": 15.43,
            "research_to_sale_ratio": null,
            "price_fair": 106.8,
            "eps_avg_yearly": 3.05,
            "eps_latest_yearly": 5.04,
            "eps_growth_yearly": 81.61
        },
        "20034": {
            "year_quarter": 20034,
            "year": 2003,
            "quarter": 4,
            "eps": 1.64,
            "eps_growth_year": 127.78,
            "eps_4q": 4.43,
            "eps_4q_growth_year": 89.55,
            "roe": 8.87,
            "roe_4q": 25.54,
            "gross_profit": 240386,
            "gross_margin": 26.26,
            "gross_margin_4q_avg": 25.08,
            "net_income": 118419,
            "revenue": 915241,
            "common_shares": 721856,
            "book_valuer_per_share": 19.25,
            "book_valuer_per_share_4q_avg": 18.28,
            "equity": 1389576,
            "current_ratio": 220,
            "debt_ratio": 51.39,
            "inventory_turnover_ratio": 0.94,
            "account_receivable_turnover_ratio": null,
            "reinvestment_rate": 16.03,
            "research_to_sale_ratio": null,
            "price_fair": 122.15,
            "eps_avg_yearly": 3.49,
            "eps_latest_yearly": 6.56,
            "eps_growth_yearly": 86.49
        },
        "20041": {
            "year_quarter": 20041,
            "year": 2004,
            "quarter": 1,
            "eps": 1.4,
            "eps_growth_year": 105.88,
            "eps_4q": 4.69,
            "eps_4q_growth_year": 70.46,
            "roe": 7.28,
            "roe_4q": 28.99,
            "gross_profit": 226335,
            "gross_margin": 24.38,
            "gross_margin_4q_avg": 25.26,
            "net_income": 116835,
            "revenue": 928515,
            "common_shares": 832470,
            "book_valuer_per_share": 21.85,
            "book_valuer_per_share_4q_avg": 19.2,
            "equity": 1819235,
            "current_ratio": 201.11,
            "debt_ratio": 42.21,
            "inventory_turnover_ratio": 0.88,
            "account_receivable_turnover_ratio": null,
            "reinvestment_rate": 16.04,
            "research_to_sale_ratio": null,
            "price_fair": 130.36,
            "eps_avg_yearly": 3.72,
            "eps_latest_yearly": 5.6,
            "eps_growth_yearly": 70.37
        },
        "20042": {
            "year_quarter": 20042,
            "year": 2004,
            "quarter": 2,
            "eps": 1.54,
            "eps_growth_year": 55.56,
            "eps_4q": 5.43,
            "eps_4q_growth_year": 73.71,
            "roe": 7.11,
            "roe_4q": 30.63,
            "gross_profit": 256573,
            "gross_margin": 24.03,
            "gross_margin_4q_avg": 24.69,
            "net_income": 129272,
            "revenue": 1067911,
            "common_shares": 848210,
            "book_valuer_per_share": 21.43,
            "book_valuer_per_share_4q_avg": 20.07,
            "equity": 1818093,
            "current_ratio": 158.16,
            "debt_ratio": 48.08,
            "inventory_turnover_ratio": 0.87,
            "account_receivable_turnover_ratio": null,
            "reinvestment_rate": 14.43,
            "research_to_sale_ratio": null,
            "price_fair": 138.88,
            "eps_avg_yearly": 3.97,
            "eps_latest_yearly": 6.16,
            "eps_growth_yearly": 67.33
        },
        "20043": {
            "year_quarter": 20043,
            "year": 2004,
            "quarter": 3,
            "eps": 1.57,
            "eps_growth_year": 24.6,
            "eps_4q": 5.27,
            "eps_4q_growth_year": 52.58,
            "roe": 8.17,
            "roe_4q": 31.43,
            "gross_profit": 280883,
            "gross_margin": 24.09,
            "gross_margin_4q_avg": 24.69,
            "net_income": 154871,
            "revenue": 1166008,
            "common_shares": 991345,
            "book_valuer_per_share": 19.88,
            "book_valuer_per_share_4q_avg": 20.6,
            "equity": 1970961,
            "current_ratio": 163.53,
            "debt_ratio": 49.13,
            "inventory_turnover_ratio": 0.83,
            "account_receivable_turnover_ratio": null,
            "reinvestment_rate": 11.63,
            "research_to_sale_ratio": null,
            "price_fair": 146.24,
            "eps_avg_yearly": 4.18,
            "eps_latest_yearly": 6.28,
            "eps_growth_yearly": 61.92
        },
        "20044": {
            "year_quarter": 20044,
            "year": 2004,
            "quarter": 4,
            "eps": 0.85,
            "eps_growth_year": -48.17,
            "eps_4q": 4.89,
            "eps_4q_growth_year": 10.33,
            "roe": 4.24,
            "roe_4q": 26.8,
            "gross_profit": 292639,
            "gross_margin": 24.72,
            "gross_margin_4q_avg": 24.31,
            "net_income": 84366,
            "revenue": 1183768,
            "common_shares": 991345,
            "book_valuer_per_share": 20.29,
            "book_valuer_per_share_4q_avg": 20.86,
            "equity": 2011505,
            "current_ratio": 155.87,
            "debt_ratio": 51.87,
            "inventory_turnover_ratio": 0.75,
            "account_receivable_turnover_ratio": null,
            "reinvestment_rate": 10.36,
            "research_to_sale_ratio": null,
            "price_fair": 143.97,
            "eps_avg_yearly": 4.11,
            "eps_latest_yearly": 3.4,
            "eps_growth_yearly": 41.48
        },
        "20051": {
            "year_quarter": 20051,
            "year": 2005,
            "quarter": 1,
            "eps": 0.97,
            "eps_growth_year": -30.71,
            "eps_4q": 4.69,
            "eps_4q_growth_year": -0.08,
            "roe": 4.64,
            "roe_4q": 24.159999999999997,
            "gross_profit": 225747,
            "gross_margin": 22.35,
            "gross_margin_4q_avg": 23.8,
            "net_income": 96085,
            "revenue": 1010268,
            "common_shares": 991345,
            "book_valuer_per_share": 21.52,
            "book_valuer_per_share_4q_avg": 20.78,
            "equity": 2132958,
            "current_ratio": 168.28,
            "debt_ratio": 48.58,
            "inventory_turnover_ratio": 0.63,
            "account_receivable_turnover_ratio": null,
            "reinvestment_rate": 10.42,
            "research_to_sale_ratio": null,
            "price_fair": 143.34,
            "eps_avg_yearly": 4.1,
            "eps_latest_yearly": 3.88,
            "eps_growth_yearly": 42.63
        },
        "20052": {
            "year_quarter": 20052,
            "year": 2005,
            "quarter": 2,
            "eps": 1.29,
            "eps_growth_year": -16.23,
            "eps_4q": 4.66,
            "eps_4q_growth_year": -14.13,
            "roe": 6.13,
            "roe_4q": 23.18,
            "gross_profit": 235350,
            "gross_margin": 23.11,
            "gross_margin_4q_avg": 23.57,
            "net_income": 128350,
            "revenue": 1018211,
            "common_shares": 991345,
            "book_valuer_per_share": 20.75,
            "book_valuer_per_share_4q_avg": 20.61,
            "equity": 2056578,
            "current_ratio": 167.37,
            "debt_ratio": 48.56,
            "inventory_turnover_ratio": 0.64,
            "account_receivable_turnover_ratio": null,
            "reinvestment_rate": 8.71,
            "research_to_sale_ratio": null,
            "price_fair": 146,
            "eps_avg_yearly": 4.17,
            "eps_latest_yearly": 5.16,
            "eps_growth_yearly": 49.01
        },
        "20053": {
            "year_quarter": 20053,
            "year": 2005,
            "quarter": 3,
            "eps": 1.74,
            "eps_growth_year": 10.83,
            "eps_4q": 4.34,
            "eps_4q_growth_year": -17.65,
            "roe": 9.55,
            "roe_4q": 24.560000000000002,
            "gross_profit": 222627,
            "gross_margin": 21.52,
            "gross_margin_4q_avg": 22.93,
            "net_income": 206981,
            "revenue": 1034553,
            "common_shares": 1186516,
            "book_valuer_per_share": 19.2,
            "book_valuer_per_share_4q_avg": 20.44,
            "equity": 2277977,
            "current_ratio": 170.9,
            "debt_ratio": 44.66,
            "inventory_turnover_ratio": 0.7,
            "account_receivable_turnover_ratio": null,
            "reinvestment_rate": 12.61,
            "research_to_sale_ratio": null,
            "price_fair": 152.51,
            "eps_avg_yearly": 4.36,
            "eps_latest_yearly": 6.96,
            "eps_growth_yearly": 55.04
        },
        "20054": {
            "year_quarter": 20054,
            "year": 2005,
            "quarter": 4,
            "eps": 1.03,
            "eps_growth_year": 21.18,
            "eps_4q": 4.65,
            "eps_4q_growth_year": -4.88,
            "roe": 5.16,
            "roe_4q": 25.48,
            "gross_profit": 292014,
            "gross_margin": 23.39,
            "gross_margin_4q_avg": 22.59,
            "net_income": 122712,
            "revenue": 1248214,
            "common_shares": 1186516,
            "book_valuer_per_share": 20.14,
            "book_valuer_per_share_4q_avg": 20.4,
            "equity": 2478511,
            "current_ratio": 157.12,
            "debt_ratio": 51.5,
            "inventory_turnover_ratio": 0.74,
            "account_receivable_turnover_ratio": null,
            "reinvestment_rate": 40.72,
            "research_to_sale_ratio": null,
            "price_fair": 151.99,
            "eps_avg_yearly": 4.34,
            "eps_latest_yearly": 4.12,
            "eps_growth_yearly": 41.4
        },
        "20061": {
            "year_quarter": 20061,
            "year": 2006,
            "quarter": 1,
            "eps": 0.9,
            "eps_growth_year": -7.22,
            "eps_4q": 4.53,
            "eps_4q_growth_year": -3.37,
            "roe": 4.26,
            "roe_4q": 25.099999999999998,
            "gross_profit": 255008,
            "gross_margin": 20.55,
            "gross_margin_4q_avg": 22.14,
            "net_income": 113504,
            "revenue": 1240796,
            "common_shares": 1306516,
            "book_valuer_per_share": 21.81,
            "book_valuer_per_share_4q_avg": 20.48,
            "equity": 2850052,
            "current_ratio": 181.38,
            "debt_ratio": 40.86,
            "inventory_turnover_ratio": 0.76,
            "account_receivable_turnover_ratio": null,
            "reinvestment_rate": 28.92,
            "research_to_sale_ratio": null,
            "price_fair": 157.41,
            "eps_avg_yearly": 4.5,
            "eps_latest_yearly": 3.6,
            "eps_growth_yearly": 56.58
        },
        "20062": {
            "year_quarter": 20062,
            "year": 2006,
            "quarter": 2,
            "eps": 1.27,
            "eps_growth_year": -1.55,
            "eps_4q": 4.71,
            "eps_4q_growth_year": 1.04,
            "roe": 5.91,
            "roe_4q": 24.880000000000003,
            "gross_profit": 313888,
            "gross_margin": 22.98,
            "gross_margin_4q_avg": 22.11,
            "net_income": 163690,
            "revenue": 1365757,
            "common_shares": 1306516,
            "book_valuer_per_share": 20.57,
            "book_valuer_per_share_4q_avg": 20.43,
            "equity": 2687231,
            "current_ratio": 145.57,
            "debt_ratio": 49.56,
            "inventory_turnover_ratio": 0.89,
            "account_receivable_turnover_ratio": null,
            "reinvestment_rate": 31.07,
            "research_to_sale_ratio": null,
            "price_fair": 162.58,
            "eps_avg_yearly": 4.65,
            "eps_latest_yearly": 5.08,
            "eps_growth_yearly": 31.14
        },
        "20063": {
            "year_quarter": 20063,
            "year": 2006,
            "quarter": 3,
            "eps": 3.06,
            "eps_growth_year": 75.86,
            "eps_4q": 5.84,
            "eps_4q_growth_year": 34.57,
            "roe": 14.18,
            "roe_4q": 29.51,
            "gross_profit": 361483,
            "gross_margin": 25.52,
            "gross_margin_4q_avg": 23.11,
            "net_income": 440972,
            "revenue": 1416282,
            "common_shares": 1453499,
            "book_valuer_per_share": 24.3,
            "book_valuer_per_share_4q_avg": 21.71,
            "equity": 3532036,
            "current_ratio": 156.72,
            "debt_ratio": 43.11,
            "inventory_turnover_ratio": 0.85,
            "account_receivable_turnover_ratio": null,
            "reinvestment_rate": 29.79,
            "research_to_sale_ratio": null,
            "price_fair": 182.96,
            "eps_avg_yearly": 5.23,
            "eps_latest_yearly": 12.24,
            "eps_growth_yearly": 64.54
        },
        "20064": {
            "year_quarter": 20064,
            "year": 2006,
            "quarter": 4,
            "eps": 0.76,
            "eps_growth_year": -26.21,
            "eps_4q": 5.72,
            "eps_4q_growth_year": 23.02,
            "roe": 3.02,
            "roe_4q": 27.369999999999997,
            "gross_profit": 330173,
            "gross_margin": 22.57,
            "gross_margin_4q_avg": 22.91,
            "net_income": 110005,
            "revenue": 1463110,
            "common_shares": 1453499,
            "book_valuer_per_share": 25.11,
            "book_valuer_per_share_4q_avg": 22.95,
            "equity": 3746763,
            "current_ratio": 154.86,
            "debt_ratio": 45.76,
            "inventory_turnover_ratio": 0.76,
            "account_receivable_turnover_ratio": null,
            "reinvestment_rate": 46.28,
            "research_to_sale_ratio": null,
            "price_fair": 183.31,
            "eps_avg_yearly": 5.24,
            "eps_latest_yearly": 3.04,
            "eps_growth_yearly": 46.09
        },
        "20071": {
            "year_quarter": 20071,
            "year": 2007,
            "quarter": 1,
            "eps": 0.72,
            "eps_growth_year": -20,
            "eps_4q": 5.64,
            "eps_4q_growth_year": 24.55,
            "roe": 2.8,
            "roe_4q": 25.91,
            "gross_profit": 249929,
            "gross_margin": 23.9,
            "gross_margin_4q_avg": 23.74,
            "net_income": 104486,
            "revenue": 1045619,
            "common_shares": 1453499,
            "book_valuer_per_share": 25.51,
            "book_valuer_per_share_4q_avg": 23.87,
            "equity": 3708495,
            "current_ratio": 155.44,
            "debt_ratio": 41.36,
            "inventory_turnover_ratio": 0.53,
            "account_receivable_turnover_ratio": null,
            "reinvestment_rate": 29.24,
            "research_to_sale_ratio": null,
            "price_fair": 183.66,
            "eps_avg_yearly": 5.25,
            "eps_latest_yearly": 2.88,
            "eps_growth_yearly": 46.17
        },
        "20072": {
            "year_quarter": 20072,
            "year": 2007,
            "quarter": 2,
            "eps": 0.81,
            "eps_growth_year": -36.22,
            "eps_4q": 5.32,
            "eps_4q_growth_year": 12.99,
            "roe": 3.2,
            "roe_4q": 23.2,
            "gross_profit": 276786,
            "gross_margin": 22.89,
            "gross_margin_4q_avg": 23.72,
            "net_income": 117712,
            "revenue": 1209398,
            "common_shares": 1453499,
            "book_valuer_per_share": 25.06,
            "book_valuer_per_share_4q_avg": 25,
            "equity": 3642551,
            "current_ratio": 145.64,
            "debt_ratio": 43.36,
            "inventory_turnover_ratio": 0.71,
            "account_receivable_turnover_ratio": null,
            "reinvestment_rate": 28.27,
            "research_to_sale_ratio": null,
            "price_fair": 182.09,
            "eps_avg_yearly": 5.2,
            "eps_latest_yearly": 3.24,
            "eps_growth_yearly": 37.9
        },
        "20073": {
            "year_quarter": 20073,
            "year": 2007,
            "quarter": 3,
            "eps": 1.03,
            "eps_growth_year": -66.34,
            "eps_4q": 3.09,
            "eps_4q_growth_year": -47.05,
            "roe": 4.59,
            "roe_4q": 13.61,
            "gross_profit": 369958,
            "gross_margin": 21.57,
            "gross_margin_4q_avg": 22.73,
            "net_income": 166129,
            "revenue": 1715456,
            "common_shares": 1617018,
            "book_valuer_per_share": 22.21,
            "book_valuer_per_share_4q_avg": 24.47,
            "equity": 3592100,
            "current_ratio": 163.4,
            "debt_ratio": 46.73,
            "inventory_turnover_ratio": 0.95,
            "account_receivable_turnover_ratio": null,
            "reinvestment_rate": 25.5,
            "research_to_sale_ratio": null,
            "price_fair": 180.08,
            "eps_avg_yearly": 5.15,
            "eps_latest_yearly": 4.12,
            "eps_growth_yearly": 37.87
        },
        "20074": {
            "year_quarter": 20074,
            "year": 2007,
            "quarter": 4,
            "eps": 1.28,
            "eps_growth_year": 68.42,
            "eps_4q": 3.69,
            "eps_4q_growth_year": -35.58,
            "roe": 5.3,
            "roe_4q": 15.89,
            "gross_profit": 560373,
            "gross_margin": 25.52,
            "gross_margin_4q_avg": 23.47,
            "net_income": 206608,
            "revenue": 2195955,
            "common_shares": 1617018,
            "book_valuer_per_share": 25.23,
            "book_valuer_per_share_4q_avg": 24.5,
            "equity": 4204097,
            "current_ratio": 162.63,
            "debt_ratio": 52.33,
            "inventory_turnover_ratio": 0.87,
            "account_receivable_turnover_ratio": null,
            "reinvestment_rate": 38.72,
            "research_to_sale_ratio": null,
            "price_fair": 176.93,
            "eps_avg_yearly": 5.06,
            "eps_latest_yearly": 5.12,
            "eps_growth_yearly": 36.4
        },
        "20081": {
            "year_quarter": 20081,
            "year": 2008,
            "quarter": 1,
            "eps": 0.64,
            "eps_growth_year": -11.11,
            "eps_4q": 3.06,
            "eps_4q_growth_year": -45.72,
            "roe": 2.93,
            "roe_4q": 16.02,
            "gross_profit": 510658,
            "gross_margin": 27.56,
            "gross_margin_4q_avg": 24.39,
            "net_income": 125200,
            "revenue": 1852903,
            "common_shares": 1717018,
            "book_valuer_per_share": 24.38,
            "book_valuer_per_share_4q_avg": 24.22,
            "equity": 4334776,
            "current_ratio": 163.78,
            "debt_ratio": 50.91,
            "inventory_turnover_ratio": 0.56,
            "account_receivable_turnover_ratio": null,
            "reinvestment_rate": 41.58,
            "research_to_sale_ratio": null,
            "price_fair": 170.28,
            "eps_avg_yearly": 4.87,
            "eps_latest_yearly": 2.56,
            "eps_growth_yearly": 27.55
        },
        "20082": {
            "year_quarter": 20082,
            "year": 2008,
            "quarter": 2,
            "eps": 1.13,
            "eps_growth_year": 39.51,
            "eps_4q": 3.79,
            "eps_4q_growth_year": -28.81,
            "roe": 4.77,
            "roe_4q": 17.59,
            "gross_profit": 571301,
            "gross_margin": 24.78,
            "gross_margin_4q_avg": 24.86,
            "net_income": 201439,
            "revenue": 2305582,
            "common_shares": 1717018,
            "book_valuer_per_share": 23.04,
            "book_valuer_per_share_4q_avg": 23.72,
            "equity": 4115741,
            "current_ratio": 149.83,
            "debt_ratio": 56.54,
            "inventory_turnover_ratio": 0.68,
            "account_receivable_turnover_ratio": null,
            "reinvestment_rate": 47.43,
            "research_to_sale_ratio": null,
            "price_fair": 166.69,
            "eps_avg_yearly": 4.76,
            "eps_latest_yearly": 4.52,
            "eps_growth_yearly": 44.19
        },
        "20083": {
            "year_quarter": 20083,
            "year": 2008,
            "quarter": 3,
            "eps": 1.19,
            "eps_growth_year": 15.53,
            "eps_4q": 3.76,
            "eps_4q_growth_year": 21.72,
            "roe": 5.52,
            "roe_4q": 18.52,
            "gross_profit": 539816,
            "gross_margin": 27.57,
            "gross_margin_4q_avg": 26.36,
            "net_income": 232673,
            "revenue": 1957782,
            "common_shares": 1908774,
            "book_valuer_per_share": 21.77,
            "book_valuer_per_share_4q_avg": 23.61,
            "equity": 4317923,
            "current_ratio": 161.65,
            "debt_ratio": 53.94,
            "inventory_turnover_ratio": 0.53,
            "account_receivable_turnover_ratio": null,
            "reinvestment_rate": 54.27,
            "research_to_sale_ratio": null,
            "price_fair": 163.36,
            "eps_avg_yearly": 4.67,
            "eps_latest_yearly": 4.76,
            "eps_growth_yearly": 45.03
        },
        "20084": {
            "year_quarter": 20084,
            "year": 2008,
            "quarter": 4,
            "eps": -0.14,
            "eps_growth_year": -110.94,
            "eps_4q": 2.4,
            "eps_4q_growth_year": -34.83,
            "roe": -0.1,
            "roe_4q": 13.12,
            "gross_profit": 331351,
            "gross_margin": 23.75,
            "gross_margin_4q_avg": 25.92,
            "net_income": -4492,
            "revenue": 1395431,
            "common_shares": 1908774,
            "book_valuer_per_share": 21.73,
            "book_valuer_per_share_4q_avg": 22.73,
            "equity": 4332512,
            "current_ratio": 169.73,
            "debt_ratio": 53.14,
            "inventory_turnover_ratio": 0.39,
            "account_receivable_turnover_ratio": 1.08,
            "reinvestment_rate": 58.28,
            "research_to_sale_ratio": null,
            "price_fair": 166.32,
            "eps_avg_yearly": 4.75,
            "eps_latest_yearly": 4.76,
            "eps_growth_yearly": 60.27
        },
        "20091": {
            "year_quarter": 20091,
            "year": 2009,
            "quarter": 1,
            "eps": 0.41,
            "eps_growth_year": -35.94,
            "eps_4q": 1.9,
            "eps_4q_growth_year": -37.87,
            "roe": 2.3,
            "roe_4q": 12.489999999999998,
            "gross_profit": 327094,
            "gross_margin": 33.14,
            "gross_margin_4q_avg": 27.31,
            "net_income": 101370,
            "revenue": 986882,
            "common_shares": 1908774,
            "book_valuer_per_share": 22.28,
            "book_valuer_per_share_4q_avg": 22.21,
            "equity": 4469167,
            "current_ratio": 178.77,
            "debt_ratio": 50.16,
            "inventory_turnover_ratio": 0.24,
            "account_receivable_turnover_ratio": 0.42,
            "reinvestment_rate": 57.19,
            "research_to_sale_ratio": null,
            "price_fair": 168.5,
            "eps_avg_yearly": 4.81,
            "eps_latest_yearly": 4.76,
            "eps_growth_yearly": 60.54
        },
        "20092": {
            "year_quarter": 20092,
            "year": 2009,
            "quarter": 2,
            "eps": -0.13,
            "eps_growth_year": -111.5,
            "eps_4q": 1.31,
            "eps_4q_growth_year": -65.33,
            "roe": -0.23,
            "roe_4q": 7.489999999999999,
            "gross_profit": 224109,
            "gross_margin": 24.4,
            "gross_margin_4q_avg": 27.22,
            "net_income": -9911,
            "revenue": 918441,
            "common_shares": 1908774,
            "book_valuer_per_share": 21.43,
            "book_valuer_per_share_4q_avg": 21.8,
            "equity": 4324747,
            "current_ratio": 175.98,
            "debt_ratio": 50.33,
            "inventory_turnover_ratio": 0.26,
            "account_receivable_turnover_ratio": 0.44,
            "reinvestment_rate": 60.22,
            "research_to_sale_ratio": null,
            "price_fair": 167.57,
            "eps_avg_yearly": 4.79,
            "eps_latest_yearly": 4.76,
            "eps_growth_yearly": 55.04
        },
        "20093": {
            "year_quarter": 20093,
            "year": 2009,
            "quarter": 3,
            "eps": -0.09,
            "eps_growth_year": -107.56,
            "eps_4q": 0.03,
            "eps_4q_growth_year": -99.27,
            "roe": -0.65,
            "roe_4q": 1.3199999999999998,
            "gross_profit": 205627,
            "gross_margin": 23.97,
            "gross_margin_4q_avg": 26.32,
            "net_income": -27986,
            "revenue": 857794,
            "common_shares": 2069023,
            "book_valuer_per_share": 19.68,
            "book_valuer_per_share_4q_avg": 21.28,
            "equity": 4281626,
            "current_ratio": 184.46,
            "debt_ratio": 46.65,
            "inventory_turnover_ratio": 0.25,
            "account_receivable_turnover_ratio": 0.46,
            "reinvestment_rate": 64.12,
            "research_to_sale_ratio": null,
            "price_fair": 161.23,
            "eps_avg_yearly": 4.61,
            "eps_latest_yearly": 4.76,
            "eps_growth_yearly": 48
        },
        "20094": {
            "year_quarter": 20094,
            "year": 2009,
            "quarter": 4,
            "eps": 0.38,
            "eps_growth_year": null,
            "eps_4q": 0.53,
            "eps_4q_growth_year": -77.77,
            "roe": 1.74,
            "roe_4q": 3.1599999999999997,
            "gross_profit": 311956,
            "gross_margin": 24.96,
            "gross_margin_4q_avg": 26.62,
            "net_income": 75308,
            "revenue": 1249616,
            "common_shares": 2069023,
            "book_valuer_per_share": 20.34,
            "book_valuer_per_share_4q_avg": 20.93,
            "equity": 4399285,
            "current_ratio": 175.13,
            "debt_ratio": 46.96,
            "inventory_turnover_ratio": 0.37,
            "account_receivable_turnover_ratio": 1.32,
            "reinvestment_rate": 58.79,
            "research_to_sale_ratio": null,
            "price_fair": 162.78,
            "eps_avg_yearly": 4.65,
            "eps_latest_yearly": 4.76,
            "eps_growth_yearly": 67.2
        },
        "20101": {
            "year_quarter": 20101,
            "year": 2010,
            "quarter": 1,
            "eps": 0.49,
            "eps_growth_year": 19.51,
            "eps_4q": 0.65,
            "eps_4q_growth_year": -65.77,
            "roe": 2.37,
            "roe_4q": 3.2300000000000004,
            "gross_profit": 334511,
            "gross_margin": 23.94,
            "gross_margin_4q_avg": 24.32,
            "net_income": 105177,
            "revenue": 1397578,
            "common_shares": 2069023,
            "book_valuer_per_share": 20.77,
            "book_valuer_per_share_4q_avg": 20.56,
            "equity": 4492345,
            "current_ratio": 175.05,
            "debt_ratio": 47.44,
            "inventory_turnover_ratio": 0.43,
            "account_receivable_turnover_ratio": 0.68,
            "reinvestment_rate": 65.04,
            "research_to_sale_ratio": 1.52,
            "price_fair": 157.56,
            "eps_avg_yearly": 4.5,
            "eps_latest_yearly": 1.96,
            "eps_growth_yearly": 82.32
        },
        "20102": {
            "year_quarter": 20102,
            "year": 2010,
            "quarter": 2,
            "eps": 0.86,
            "eps_growth_year": null,
            "eps_4q": 1.64,
            "eps_4q_growth_year": 24.65,
            "roe": 4.08,
            "roe_4q": 7.539999999999999,
            "gross_profit": 540217,
            "gross_margin": 24.59,
            "gross_margin_4q_avg": 24.37,
            "net_income": 184020,
            "revenue": 2196820,
            "common_shares": 2069023,
            "book_valuer_per_share": 20.79,
            "book_valuer_per_share_4q_avg": 20.4,
            "equity": 4526402,
            "current_ratio": 155.5,
            "debt_ratio": 52.57,
            "inventory_turnover_ratio": 0.63,
            "account_receivable_turnover_ratio": 0.86,
            "reinvestment_rate": 65.24,
            "research_to_sale_ratio": 1.1,
            "price_fair": 152.35,
            "eps_avg_yearly": 4.35,
            "eps_latest_yearly": 3.44,
            "eps_growth_yearly": 94.83
        },
        "20103": {
            "year_quarter": 20103,
            "year": 2010,
            "quarter": 3,
            "eps": 1.36,
            "eps_growth_year": null,
            "eps_4q": 3.09,
            "eps_4q_growth_year": 11218.4,
            "roe": 6.18,
            "roe_4q": 14.37,
            "gross_profit": 706191,
            "gross_margin": 26.03,
            "gross_margin_4q_avg": 24.88,
            "net_income": 290270,
            "revenue": 2712521,
            "common_shares": 2069023,
            "book_valuer_per_share": 22.42,
            "book_valuer_per_share_4q_avg": 21.08,
            "equity": 4867595,
            "current_ratio": 155.19,
            "debt_ratio": 55.43,
            "inventory_turnover_ratio": 0.68,
            "account_receivable_turnover_ratio": 0.84,
            "reinvestment_rate": 66.01,
            "research_to_sale_ratio": 1.39,
            "price_fair": 130.71,
            "eps_avg_yearly": 3.73,
            "eps_latest_yearly": 5.44,
            "eps_growth_yearly": 64.72
        },
        "20104": {
            "year_quarter": 20104,
            "year": 2010,
            "quarter": 4,
            "eps": 0.24,
            "eps_growth_year": -35.92,
            "eps_4q": 2.95,
            "eps_4q_growth_year": 452.75,
            "roe": 1.41,
            "roe_4q": 14.04,
            "gross_profit": 545501,
            "gross_margin": 23.93,
            "gross_margin_4q_avg": 24.62,
            "net_income": 68783,
            "revenue": 2279839,
            "common_shares": 2069023,
            "book_valuer_per_share": 21.84,
            "book_valuer_per_share_4q_avg": 21.46,
            "equity": 4864338,
            "current_ratio": 145.7,
            "debt_ratio": 58.22,
            "inventory_turnover_ratio": 0.54,
            "account_receivable_turnover_ratio": 0.63,
            "reinvestment_rate": 139.25,
            "research_to_sale_ratio": 1.06,
            "price_fair": 124.09,
            "eps_avg_yearly": 3.55,
            "eps_latest_yearly": 0.96,
            "eps_growth_yearly": 62.1
        },
        "20111": {
            "year_quarter": 20111,
            "year": 2011,
            "quarter": 1,
            "eps": 0.35,
            "eps_growth_year": -28.57,
            "eps_4q": 2.81,
            "eps_4q_growth_year": 331.86,
            "roe": 1.54,
            "roe_4q": 13.209999999999999,
            "gross_profit": 365827,
            "gross_margin": 20.71,
            "gross_margin_4q_avg": 23.82,
            "net_income": 75923,
            "revenue": 1766763,
            "common_shares": 2056503,
            "book_valuer_per_share": 22.31,
            "book_valuer_per_share_4q_avg": 21.84,
            "equity": 4966072,
            "current_ratio": 143.6,
            "debt_ratio": 59.06,
            "inventory_turnover_ratio": 0.4,
            "account_receivable_turnover_ratio": 0.48,
            "reinvestment_rate": 165.55,
            "research_to_sale_ratio": 2.05,
            "price_fair": 119.38,
            "eps_avg_yearly": 3.41,
            "eps_latest_yearly": 1.4,
            "eps_growth_yearly": 80.68
        },
        "20112": {
            "year_quarter": 20112,
            "year": 2011,
            "quarter": 2,
            "eps": 0.85,
            "eps_growth_year": -0.37,
            "eps_4q": 2.67,
            "eps_4q_growth_year": 62.86,
            "roe": 4.22,
            "roe_4q": 13.35,
            "gross_profit": 679236,
            "gross_margin": 25.16,
            "gross_margin_4q_avg": 23.96,
            "net_income": 207563,
            "revenue": 2699127,
            "common_shares": 2056503,
            "book_valuer_per_share": 21.83,
            "book_valuer_per_share_4q_avg": 22.1,
            "equity": 4867672,
            "current_ratio": 168.14,
            "debt_ratio": 59.56,
            "inventory_turnover_ratio": 0.54,
            "account_receivable_turnover_ratio": 0.71,
            "reinvestment_rate": 166.68,
            "research_to_sale_ratio": 1.21,
            "price_fair": 119.89,
            "eps_avg_yearly": 3.43,
            "eps_latest_yearly": 3.4,
            "eps_growth_yearly": 128.09
        },
        "20113": {
            "year_quarter": 20113,
            "year": 2011,
            "quarter": 3,
            "eps": 1.12,
            "eps_growth_year": -17.84,
            "eps_4q": 2.52,
            "eps_4q_growth_year": -18.42,
            "roe": 5.18,
            "roe_4q": 12.349999999999998,
            "gross_profit": 580781,
            "gross_margin": 24.96,
            "gross_margin_4q_avg": 23.69,
            "net_income": 262242,
            "revenue": 2327312,
            "common_shares": 2220587,
            "book_valuer_per_share": 21.6,
            "book_valuer_per_share_4q_avg": 21.9,
            "equity": 5255929,
            "current_ratio": 167.09,
            "debt_ratio": 57.34,
            "inventory_turnover_ratio": 0.44,
            "account_receivable_turnover_ratio": 0.62,
            "reinvestment_rate": 175.95,
            "research_to_sale_ratio": 1.5,
            "price_fair": 121.04,
            "eps_avg_yearly": 3.46,
            "eps_latest_yearly": 4.48,
            "eps_growth_yearly": 129.76
        },
        "20114": {
            "year_quarter": 20114,
            "year": 2011,
            "quarter": 4,
            "eps": 0.3,
            "eps_growth_year": 23.14,
            "eps_4q": 2.6,
            "eps_4q_growth_year": -12.09,
            "roe": 0.62,
            "roe_4q": 11.559999999999999,
            "gross_profit": 527716,
            "gross_margin": 27.43,
            "gross_margin_4q_avg": 24.57,
            "net_income": 32718,
            "revenue": 1923800,
            "common_shares": 2220587,
            "book_valuer_per_share": 21.96,
            "book_valuer_per_share_4q_avg": 21.93,
            "equity": 5296077,
            "current_ratio": 175.59,
            "debt_ratio": 55.07,
            "inventory_turnover_ratio": 0.34,
            "account_receivable_turnover_ratio": 0.57,
            "reinvestment_rate": 159.93,
            "research_to_sale_ratio": 0.89,
            "price_fair": 108.56,
            "eps_avg_yearly": 3.1,
            "eps_latest_yearly": 1.2,
            "eps_growth_yearly": 94.31
        },
        "20121": {
            "year_quarter": 20121,
            "year": 2012,
            "quarter": 1,
            "eps": 0.25,
            "eps_growth_year": -28.57,
            "eps_4q": 2.52,
            "eps_4q_growth_year": -10.35,
            "roe": 1.42,
            "roe_4q": 11.44,
            "gross_profit": 416428,
            "gross_margin": 24.74,
            "gross_margin_4q_avg": 25.57,
            "net_income": 75647,
            "revenue": 1683170,
            "common_shares": 2220587,
            "book_valuer_per_share": 22.09,
            "book_valuer_per_share_4q_avg": 21.87,
            "equity": 5343087,
            "current_ratio": 172.81,
            "debt_ratio": 52.3,
            "inventory_turnover_ratio": 0.33,
            "account_receivable_turnover_ratio": 0.57,
            "reinvestment_rate": 163.01,
            "research_to_sale_ratio": 1.97,
            "price_fair": 103.6,
            "eps_avg_yearly": 2.96,
            "eps_latest_yearly": 1,
            "eps_growth_yearly": 106.43
        },
        "20122": {
            "year_quarter": 20122,
            "year": 2012,
            "quarter": 2,
            "eps": 0.2,
            "eps_growth_year": -76.53,
            "eps_4q": 1.84,
            "eps_4q_growth_year": -31.01,
            "roe": 1.29,
            "roe_4q": 8.51,
            "gross_profit": 408001,
            "gross_margin": 23.04,
            "gross_margin_4q_avg": 25.04,
            "net_income": 67708,
            "revenue": 1770846,
            "common_shares": 2220587,
            "book_valuer_per_share": 21.05,
            "book_valuer_per_share_4q_avg": 21.68,
            "equity": 5118781,
            "current_ratio": 162.99,
            "debt_ratio": 52.16,
            "inventory_turnover_ratio": 0.36,
            "account_receivable_turnover_ratio": 0.7,
            "reinvestment_rate": 165.26,
            "research_to_sale_ratio": 2.22,
            "price_fair": 91.76,
            "eps_avg_yearly": 2.62,
            "eps_latest_yearly": 0.8,
            "eps_growth_yearly": 71.32
        },
        "20123": {
            "year_quarter": 20123,
            "year": 2012,
            "quarter": 3,
            "eps": 0.29,
            "eps_growth_year": -74,
            "eps_4q": 1.03,
            "eps_4q_growth_year": -58.99,
            "roe": 1.62,
            "roe_4q": 4.95,
            "gross_profit": 462536,
            "gross_margin": 24.58,
            "gross_margin_4q_avg": 24.95,
            "net_income": 83412,
            "revenue": 1881733,
            "common_shares": 2264999,
            "book_valuer_per_share": 20.88,
            "book_valuer_per_share_4q_avg": 21.5,
            "equity": 5189885,
            "current_ratio": 164.71,
            "debt_ratio": 52.7,
            "inventory_turnover_ratio": 0.37,
            "account_receivable_turnover_ratio": 0.76,
            "reinvestment_rate": 169.24,
            "research_to_sale_ratio": 4.03,
            "price_fair": 80.31,
            "eps_avg_yearly": 2.29,
            "eps_latest_yearly": 1.16,
            "eps_growth_yearly": 85.75
        },
        "20124": {
            "year_quarter": 20124,
            "year": 2012,
            "quarter": 4,
            "eps": 0.24,
            "eps_growth_year": -20.86,
            "eps_4q": 0.98,
            "eps_4q_growth_year": -62.36,
            "roe": 1.56,
            "roe_4q": 5.890000000000001,
            "gross_profit": 512318,
            "gross_margin": 27.1,
            "gross_margin_4q_avg": 24.87,
            "net_income": 81461,
            "revenue": 1890712,
            "common_shares": 2264999,
            "book_valuer_per_share": 21.07,
            "book_valuer_per_share_4q_avg": 21.27,
            "equity": 5270006,
            "current_ratio": 167.39,
            "debt_ratio": 52.61,
            "inventory_turnover_ratio": 0.36,
            "account_receivable_turnover_ratio": 0.74,
            "reinvestment_rate": 161.7,
            "research_to_sale_ratio": 3.12,
            "price_fair": 76.42,
            "eps_avg_yearly": 2.18,
            "eps_latest_yearly": 0.96,
            "eps_growth_yearly": 72.86
        },
        "20131": {
            "year_quarter": 20131,
            "year": 2013,
            "quarter": 1,
            "eps": 0.12,
            "eps_growth_year": -52,
            "eps_4q": 0.85,
            "eps_4q_growth_year": -66.44,
            "roe": 0.73,
            "roe_4q": 5.2,
            "gross_profit": 320083,
            "gross_margin": 22.03,
            "gross_margin_4q_avg": 24.19,
            "net_income": 38447,
            "revenue": 1452830,
            "common_shares": 2264999,
            "book_valuer_per_share": 21.1,
            "book_valuer_per_share_4q_avg": 21.03,
            "equity": 5287605,
            "current_ratio": 167.99,
            "debt_ratio": 51.61,
            "inventory_turnover_ratio": 0.3,
            "account_receivable_turnover_ratio": 0.57,
            "reinvestment_rate": 55.31,
            "research_to_sale_ratio": 3.22,
            "price_fair": 71.83,
            "eps_avg_yearly": 2.05,
            "eps_latest_yearly": 0.48,
            "eps_growth_yearly": 51.87
        },
        "20132": {
            "year_quarter": 20132,
            "year": 2013,
            "quarter": 2,
            "eps": 0.56,
            "eps_growth_year": 179.62,
            "eps_4q": 1.18,
            "eps_4q_growth_year": -35.67,
            "roe": 2.77,
            "roe_4q": 6.680000000000001,
            "gross_profit": 511209,
            "gross_margin": 24.39,
            "gross_margin_4q_avg": 24.53,
            "net_income": 145467,
            "revenue": 2095779,
            "common_shares": 2264999,
            "book_valuer_per_share": 20.78,
            "book_valuer_per_share_4q_avg": 20.96,
            "equity": 5212878,
            "current_ratio": 155.23,
            "debt_ratio": 54.75,
            "inventory_turnover_ratio": 0.41,
            "account_receivable_turnover_ratio": 0.75,
            "reinvestment_rate": 40.22,
            "research_to_sale_ratio": 2.39,
            "price_fair": 72.3,
            "eps_avg_yearly": 2.07,
            "eps_latest_yearly": 2.24,
            "eps_growth_yearly": 152.93
        },
        "20133": {
            "year_quarter": 20133,
            "year": 2013,
            "quarter": 3,
            "eps": 0.33,
            "eps_growth_year": 13.48,
            "eps_4q": 1.23,
            "eps_4q_growth_year": 19.13,
            "roe": 1.97,
            "roe_4q": 7.030000000000001,
            "gross_profit": 496913,
            "gross_margin": 24.95,
            "gross_margin_4q_avg": 24.62,
            "net_income": 103227,
            "revenue": 1991670,
            "common_shares": 2310299,
            "book_valuer_per_share": 20.64,
            "book_valuer_per_share_4q_avg": 20.9,
            "equity": 5278663,
            "current_ratio": 164.41,
            "debt_ratio": 55.26,
            "inventory_turnover_ratio": 0.37,
            "account_receivable_turnover_ratio": 0.66,
            "reinvestment_rate": 35.23,
            "research_to_sale_ratio": 2.89,
            "price_fair": 70.56,
            "eps_avg_yearly": 2.02,
            "eps_latest_yearly": 1.32,
            "eps_growth_yearly": 131.78
        },
        "20134": {
            "year_quarter": 20134,
            "year": 2013,
            "quarter": 4,
            "eps": 0.24,
            "eps_growth_year": 1.03,
            "eps_4q": 1.24,
            "eps_4q_growth_year": 26.69,
            "roe": 1.56,
            "roe_4q": 7.030000000000001,
            "gross_profit": 451148,
            "gross_margin": 21.83,
            "gross_margin_4q_avg": 23.3,
            "net_income": 83035,
            "revenue": 2066421,
            "common_shares": 2310299,
            "book_valuer_per_share": 21,
            "book_valuer_per_share_4q_avg": 20.88,
            "equity": 5388332,
            "current_ratio": 154.14,
            "debt_ratio": 54.9,
            "inventory_turnover_ratio": 0.39,
            "account_receivable_turnover_ratio": 0.68,
            "reinvestment_rate": 17.95,
            "research_to_sale_ratio": 3.42,
            "price_fair": 68.25,
            "eps_avg_yearly": 1.95,
            "eps_latest_yearly": 0.96,
            "eps_growth_yearly": 116.72
        },
        "20141": {
            "year_quarter": 20141,
            "year": 2014,
            "quarter": 1,
            "eps": 0.61,
            "eps_growth_year": 408.33,
            "eps_4q": 1.73,
            "eps_4q_growth_year": 104.72,
            "roe": 3.04,
            "roe_4q": 9.34,
            "gross_profit": 454664,
            "gross_margin": 24.8,
            "gross_margin_4q_avg": 23.99,
            "net_income": 166685,
            "revenue": 1833423,
            "common_shares": 2310299,
            "book_valuer_per_share": 21.64,
            "book_valuer_per_share_4q_avg": 21.02,
            "equity": 5560386,
            "current_ratio": 154.96,
            "debt_ratio": 55.68,
            "inventory_turnover_ratio": 0.33,
            "account_receivable_turnover_ratio": 0.59,
            "reinvestment_rate": 17.55,
            "research_to_sale_ratio": 2.58,
            "price_fair": 69.3,
            "eps_avg_yearly": 1.98,
            "eps_latest_yearly": 2.44,
            "eps_growth_yearly": 148.03
        },
        "20142": {
            "year_quarter": 20142,
            "year": 2014,
            "quarter": 2,
            "eps": 0.51,
            "eps_growth_year": -8.93,
            "eps_4q": 1.69,
            "eps_4q_growth_year": 42.94,
            "roe": 2.4,
            "roe_4q": 8.97,
            "gross_profit": 645841,
            "gross_margin": 25.94,
            "gross_margin_4q_avg": 24.38,
            "net_income": 131784,
            "revenue": 2489289,
            "common_shares": 2310299,
            "book_valuer_per_share": 21.08,
            "book_valuer_per_share_4q_avg": 21.09,
            "equity": 5407039,
            "current_ratio": 147.23,
            "debt_ratio": 57.98,
            "inventory_turnover_ratio": 0.43,
            "account_receivable_turnover_ratio": 0.75,
            "reinvestment_rate": 10.59,
            "research_to_sale_ratio": 2.22,
            "price_fair": 66.24,
            "eps_avg_yearly": 1.89,
            "eps_latest_yearly": 2.04,
            "eps_growth_yearly": 125.05
        },
        "20143": {
            "year_quarter": 20143,
            "year": 2014,
            "quarter": 3,
            "eps": 0.98,
            "eps_growth_year": 196.97,
            "eps_4q": 2.34,
            "eps_4q_growth_year": 89.97,
            "roe": 4.54,
            "roe_4q": 11.540000000000001,
            "gross_profit": 624718,
            "gross_margin": 25.31,
            "gross_margin_4q_avg": 24.47,
            "net_income": 251112,
            "revenue": 2468311,
            "common_shares": 2310299,
            "book_valuer_per_share": 22.09,
            "book_valuer_per_share_4q_avg": 21.45,
            "equity": 5652515,
            "current_ratio": 146.69,
            "debt_ratio": 58.63,
            "inventory_turnover_ratio": 0.41,
            "account_receivable_turnover_ratio": 0.67,
            "reinvestment_rate": 10.12,
            "research_to_sale_ratio": 3.11,
            "price_fair": 62.91,
            "eps_avg_yearly": 1.8,
            "eps_latest_yearly": 3.92,
            "eps_growth_yearly": 133.56
        },
        "20144": {
            "year_quarter": 20144,
            "year": 2014,
            "quarter": 4,
            "eps": 0.38,
            "eps_growth_year": 60.36,
            "eps_4q": 2.32,
            "eps_4q_growth_year": 87.12,
            "roe": 2.18,
            "roe_4q": 12.16,
            "gross_profit": 432897,
            "gross_margin": 18.96,
            "gross_margin_4q_avg": 23.75,
            "net_income": 131142,
            "revenue": 2283455,
            "common_shares": 2510299,
            "book_valuer_per_share": 23,
            "book_valuer_per_share_4q_avg": 21.95,
            "equity": 6359333,
            "current_ratio": 160.75,
            "debt_ratio": 53.91,
            "inventory_turnover_ratio": 0.39,
            "account_receivable_turnover_ratio": 0.59,
            "reinvestment_rate": -90.24,
            "research_to_sale_ratio": 3.79,
            "price_fair": 64.14,
            "eps_avg_yearly": 1.83,
            "eps_latest_yearly": 1.52,
            "eps_growth_yearly": 138.84
        },
        "20151": {
            "year_quarter": 20151,
            "year": 2015,
            "quarter": 1,
            "eps": 0.06,
            "eps_growth_year": -90.16,
            "eps_4q": 1.81,
            "eps_4q_growth_year": 4.6,
            "roe": 0.09,
            "roe_4q": 9.21,
            "gross_profit": 427961,
            "gross_margin": 23.54,
            "gross_margin_4q_avg": 23.44,
            "net_income": 5648,
            "revenue": 1817664,
            "common_shares": 2510299,
            "book_valuer_per_share": 23.02,
            "book_valuer_per_share_4q_avg": 22.3,
            "equity": 6354295,
            "current_ratio": 156.07,
            "debt_ratio": 54.77,
            "inventory_turnover_ratio": 0.29,
            "account_receivable_turnover_ratio": 0.46,
            "reinvestment_rate": -94.83,
            "research_to_sale_ratio": 3.41,
            "price_fair": 61.6,
            "eps_avg_yearly": 1.76,
            "eps_latest_yearly": 0.24,
            "eps_growth_yearly": 106.33
        },
        "20152": {
            "year_quarter": 20152,
            "year": 2015,
            "quarter": 2,
            "eps": 0.17,
            "eps_growth_year": -66.67,
            "eps_4q": 1.49,
            "eps_4q_growth_year": -11.73,
            "roe": 0.89,
            "roe_4q": 7.7,
            "gross_profit": 546933,
            "gross_margin": 23.42,
            "gross_margin_4q_avg": 22.81,
            "net_income": 55083,
            "revenue": 2334838,
            "common_shares": 2510299,
            "book_valuer_per_share": 21.98,
            "book_valuer_per_share_4q_avg": 22.52,
            "equity": 6053612,
            "current_ratio": 154.23,
            "debt_ratio": 58.39,
            "inventory_turnover_ratio": 0.35,
            "account_receivable_turnover_ratio": 0.59,
            "reinvestment_rate": -107.48,
            "research_to_sale_ratio": 3.03,
            "price_fair": 55.65,
            "eps_avg_yearly": 1.59,
            "eps_latest_yearly": 0.68,
            "eps_growth_yearly": 116.45
        },
        "20153": {
            "year_quarter": 20153,
            "year": 2015,
            "quarter": 3,
            "eps": 0.8,
            "eps_growth_year": -18.37,
            "eps_4q": 1.41,
            "eps_4q_growth_year": -39.69,
            "roe": 3.77,
            "roe_4q": 6.93,
            "gross_profit": 685737,
            "gross_margin": 27.29,
            "gross_margin_4q_avg": 23.3,
            "net_income": 234472,
            "revenue": 2512834,
            "common_shares": 2560265,
            "book_valuer_per_share": 22.57,
            "book_valuer_per_share_4q_avg": 22.64,
            "equity": 6379575,
            "current_ratio": 159.09,
            "debt_ratio": 57.04,
            "inventory_turnover_ratio": 0.35,
            "account_receivable_turnover_ratio": 0.64,
            "reinvestment_rate": -126.98,
            "research_to_sale_ratio": 2.76,
            "price_fair": 52.85,
            "eps_avg_yearly": 1.51,
            "eps_latest_yearly": 3.2,
            "eps_growth_yearly": 201.15
        },
        "20154": {
            "year_quarter": 20154,
            "year": 2015,
            "quarter": 4,
            "eps": 0.03,
            "eps_growth_year": -92.08,
            "eps_4q": 1.06,
            "eps_4q_growth_year": -54.04,
            "roe": 0.44,
            "roe_4q": 5.1899999999999995,
            "gross_profit": 818544,
            "gross_margin": 32.44,
            "gross_margin_4q_avg": 26.67,
            "net_income": 27864,
            "revenue": 2523604,
            "common_shares": 2560265,
            "book_valuer_per_share": 22.4,
            "book_valuer_per_share_4q_avg": 22.49,
            "equity": 6412416,
            "current_ratio": 165.01,
            "debt_ratio": 55.34,
            "inventory_turnover_ratio": 0.34,
            "account_receivable_turnover_ratio": 0.67,
            "reinvestment_rate": -91.57,
            "research_to_sale_ratio": 3.76,
            "price_fair": 50.49,
            "eps_avg_yearly": 1.44,
            "eps_latest_yearly": 0.12,
            "eps_growth_yearly": 195.4
        },
        "20161": {
            "year_quarter": 20161,
            "year": 2016,
            "quarter": 1,
            "eps": -0.07,
            "eps_growth_year": -216.67,
            "eps_4q": 0.94,
            "eps_4q_growth_year": -48.31,
            "roe": -0.4,
            "roe_4q": 4.7,
            "gross_profit": 565182,
            "gross_margin": 33.84,
            "gross_margin_4q_avg": 29.25,
            "net_income": -25514,
            "revenue": 1670301,
            "common_shares": 2560265,
            "book_valuer_per_share": 22.49,
            "book_valuer_per_share_4q_avg": 22.36,
            "equity": 6427121,
            "current_ratio": 156.57,
            "debt_ratio": 55.84,
            "inventory_turnover_ratio": 0.22,
            "account_receivable_turnover_ratio": 0.49,
            "reinvestment_rate": -91.7,
            "research_to_sale_ratio": 4.11,
            "price_fair": 51.52,
            "eps_avg_yearly": 1.47,
            "eps_latest_yearly": 0.12,
            "eps_growth_yearly": 212.87
        },
        "20162": {
            "year_quarter": 20162,
            "year": 2016,
            "quarter": 2,
            "eps": 0.21,
            "eps_growth_year": 23.53,
            "eps_4q": 0.97,
            "eps_4q_growth_year": -35.03,
            "roe": 0.65,
            "roe_4q": 4.46,
            "gross_profit": 431898,
            "gross_margin": 16.08,
            "gross_margin_4q_avg": 27.41,
            "net_income": 40768,
            "revenue": 2685157,
            "common_shares": 2560265,
            "book_valuer_per_share": 21.65,
            "book_valuer_per_share_4q_avg": 22.28,
            "equity": 6160239,
            "current_ratio": 158.31,
            "debt_ratio": 59.58,
            "inventory_turnover_ratio": 0.43,
            "account_receivable_turnover_ratio": 0.76,
            "reinvestment_rate": -83.59,
            "research_to_sale_ratio": 3.89,
            "price_fair": 53.2,
            "eps_avg_yearly": 1.52,
            "eps_latest_yearly": 0.12,
            "eps_growth_yearly": 233.79
        },
        "20163": {
            "year_quarter": 20163,
            "year": 2016,
            "quarter": 3,
            "eps": -0.11,
            "eps_growth_year": -113.75,
            "eps_4q": 0.06,
            "eps_4q_growth_year": -95.51,
            "roe": -0.49,
            "roe_4q": 0.2,
            "gross_profit": 479999,
            "gross_margin": 20.77,
            "gross_margin_4q_avg": 25.78,
            "net_income": -30264,
            "revenue": 2310562,
            "common_shares": 2560265,
            "book_valuer_per_share": 21.42,
            "book_valuer_per_share_4q_avg": 21.99,
            "equity": 6098568,
            "current_ratio": 154.55,
            "debt_ratio": 60.67,
            "inventory_turnover_ratio": 0.35,
            "account_receivable_turnover_ratio": 0.61,
            "reinvestment_rate": -78.01,
            "research_to_sale_ratio": 4.84,
            "price_fair": 54.17,
            "eps_avg_yearly": 1.55,
            "eps_latest_yearly": 0.12,
            "eps_growth_yearly": 237.92
        },
        "20164": {
            "year_quarter": 20164,
            "year": 2016,
            "quarter": 4,
            "eps": 0.19,
            "eps_growth_year": 534.79,
            "eps_4q": 0.23,
            "eps_4q_growth_year": -78.74,
            "roe": 1.32,
            "roe_4q": 1.08,
            "gross_profit": 674153,
            "gross_margin": 21.73,
            "gross_margin_4q_avg": 23.11,
            "net_income": 80870,
            "revenue": 3102066,
            "common_shares": 2548265,
            "book_valuer_per_share": 21.38,
            "book_valuer_per_share_4q_avg": 21.74,
            "equity": 6141260,
            "current_ratio": 158.23,
            "debt_ratio": 59.12,
            "inventory_turnover_ratio": 0.48,
            "account_receivable_turnover_ratio": 0.81,
            "reinvestment_rate": -70.8,
            "research_to_sale_ratio": 2.51,
            "price_fair": 55.88,
            "eps_avg_yearly": 1.6,
            "eps_latest_yearly": 0.12,
            "eps_growth_yearly": 263.5
        },
        "20171": {
            "year_quarter": 20171,
            "year": 2017,
            "quarter": 1,
            "eps": -0.46,
            "eps_growth_year": null,
            "eps_4q": -0.17,
            "eps_4q_growth_year": -117.63,
            "roe": -2.49,
            "roe_4q": -1.0100000000000002,
            "gross_profit": 449759,
            "gross_margin": 22.3,
            "gross_margin_4q_avg": 20.22,
            "net_income": -150764,
            "revenue": 2017167,
            "common_shares": 2548265,
            "book_valuer_per_share": 20.81,
            "book_valuer_per_share_4q_avg": 21.32,
            "equity": 5961018,
            "current_ratio": 150.72,
            "debt_ratio": 61.08,
            "inventory_turnover_ratio": 0.32,
            "account_receivable_turnover_ratio": 0.52,
            "reinvestment_rate": 74.28,
            "research_to_sale_ratio": 3.6,
            "price_fair": 59.44,
            "eps_avg_yearly": 1.7,
            "eps_latest_yearly": 0.12,
            "eps_growth_yearly": 305.63
        },
        "20172": {
            "year_quarter": 20172,
            "year": 2017,
            "quarter": 2,
            "eps": -0.11,
            "eps_growth_year": -152.38,
            "eps_4q": -0.49,
            "eps_4q_growth_year": -150.21,
            "roe": -0.19,
            "roe_4q": -1.85,
            "gross_profit": 469763,
            "gross_margin": 20.73,
            "gross_margin_4q_avg": 21.38,
            "net_income": -10989,
            "revenue": 2266365,
            "common_shares": 2548265,
            "book_valuer_per_share": 20.27,
            "book_valuer_per_share_4q_avg": 20.97,
            "equity": 5817542,
            "current_ratio": 125.45,
            "debt_ratio": 63.72,
            "inventory_turnover_ratio": 0.35,
            "account_receivable_turnover_ratio": 0.57,
            "reinvestment_rate": 112,
            "research_to_sale_ratio": 4.17,
            "price_fair": 57.54,
            "eps_avg_yearly": 1.64,
            "eps_latest_yearly": 0.12,
            "eps_growth_yearly": 189.53
        },
        "20173": {
            "year_quarter": 20173,
            "year": 2017,
            "quarter": 3,
            "eps": 0.14,
            "eps_growth_year": null,
            "eps_4q": -0.24,
            "eps_4q_growth_year": -480.24,
            "roe": 0.96,
            "roe_4q": -0.40000000000000013,
            "gross_profit": 654929,
            "gross_margin": 24.67,
            "gross_margin_4q_avg": 22.36,
            "net_income": 56011,
            "revenue": 2654768,
            "common_shares": 2548265,
            "book_valuer_per_share": 20.44,
            "book_valuer_per_share_4q_avg": 20.73,
            "equity": 5886249,
            "current_ratio": 130.66,
            "debt_ratio": 66.07,
            "inventory_turnover_ratio": 0.35,
            "account_receivable_turnover_ratio": 0.62,
            "reinvestment_rate": 124.4,
            "research_to_sale_ratio": 4.04,
            "price_fair": 58.8,
            "eps_avg_yearly": 1.68,
            "eps_latest_yearly": 0.12,
            "eps_growth_yearly": 228.84
        },
        "20174": {
            "year_quarter": 20174,
            "year": 2017,
            "quarter": 4,
            "eps": -0.5,
            "eps_growth_year": -357.19,
            "eps_4q": -0.93,
            "eps_4q_growth_year": -511.74,
            "roe": -2.18,
            "roe_4q": -3.9000000000000004,
            "gross_profit": 521845,
            "gross_margin": 18.48,
            "gross_margin_4q_avg": 21.55,
            "net_income": -126691,
            "revenue": 2824515,
            "common_shares": 2548265,
            "book_valuer_per_share": 19.9,
            "book_valuer_per_share_4q_avg": 20.36,
            "equity": 5747505,
            "current_ratio": 125.59,
            "debt_ratio": 67.73,
            "inventory_turnover_ratio": 0.38,
            "account_receivable_turnover_ratio": 0.64,
            "reinvestment_rate": 153.45,
            "research_to_sale_ratio": 5.16,
            "price_fair": 61.95,
            "eps_avg_yearly": 1.77,
            "eps_latest_yearly": 0.12,
            "eps_growth_yearly": 271.08
        },
        "20181": {
            "year_quarter": 20181,
            "year": 2018,
            "quarter": 1,
            "eps": 0.24,
            "eps_growth_year": null,
            "eps_4q": -0.23,
            "eps_4q_growth_year": null,
            "roe": 0.9,
            "roe_4q": -0.5100000000000002,
            "gross_profit": 556301,
            "gross_margin": 25.22,
            "gross_margin_4q_avg": 22.28,
            "net_income": 51735,
            "revenue": 2206182,
            "common_shares": 2548265,
            "book_valuer_per_share": 20.19,
            "book_valuer_per_share_4q_avg": 20.2,
            "equity": 5813123,
            "current_ratio": 122.4,
            "debt_ratio": 68.02,
            "inventory_turnover_ratio": 0.25,
            "account_receivable_turnover_ratio": 0.51,
            "reinvestment_rate": 144.91,
            "research_to_sale_ratio": 4.07,
            "price_fair": 58.6,
            "eps_avg_yearly": 1.67,
            "eps_latest_yearly": 0.12,
            "eps_growth_yearly": 221.71
        },
        "20182": {
            "year_quarter": 20182,
            "year": 2018,
            "quarter": 2,
            "eps": 0.56,
            "eps_growth_year": null,
            "eps_4q": 0.44,
            "eps_4q_growth_year": null,
            "roe": 3.29,
            "roe_4q": 2.97,
            "gross_profit": 741215,
            "gross_margin": 22.89,
            "gross_margin_4q_avg": 22.82,
            "net_income": 194616,
            "revenue": 3237478,
            "common_shares": 2548265,
            "book_valuer_per_share": 20.85,
            "book_valuer_per_share_4q_avg": 20.35,
            "equity": 6016119,
            "current_ratio": 128.65,
            "debt_ratio": 67.83,
            "inventory_turnover_ratio": 0.37,
            "account_receivable_turnover_ratio": 0.76,
            "reinvestment_rate": 158.37,
            "research_to_sale_ratio": 2.66,
            "price_fair": 59.6,
            "eps_avg_yearly": 1.7,
            "eps_latest_yearly": 2.24,
            "eps_growth_yearly": 307.27
        },
        "20183": {
            "year_quarter": 20183,
            "year": 2018,
            "quarter": 3,
            "eps": 0.05,
            "eps_growth_year": -64.29,
            "eps_4q": 0.36,
            "eps_4q_growth_year": null,
            "roe": 0.59,
            "roe_4q": 2.6,
            "gross_profit": 660049,
            "gross_margin": 22.73,
            "gross_margin_4q_avg": 22.33,
            "net_income": 35645,
            "revenue": 2904269,
            "common_shares": 2548265,
            "book_valuer_per_share": 20.74,
            "book_valuer_per_share_4q_avg": 20.42,
            "equity": 6008955,
            "current_ratio": 131.34,
            "debt_ratio": 68.61,
            "inventory_turnover_ratio": 0.33,
            "account_receivable_turnover_ratio": 0.69,
            "reinvestment_rate": 229.16,
            "research_to_sale_ratio": 4.56,
            "price_fair": 41,
            "eps_avg_yearly": 1.17,
            "eps_latest_yearly": 0.2,
            "eps_growth_yearly": 202.57
        },
        "20184": {
            "year_quarter": 20184,
            "year": 2018,
            "quarter": 4,
            "eps": 0.37,
            "eps_growth_year": null,
            "eps_4q": 1.23,
            "eps_4q_growth_year": null,
            "roe": 1.9,
            "roe_4q": 6.68,
            "gross_profit": 757953,
            "gross_margin": 23.13,
            "gross_margin_4q_avg": 23.49,
            "net_income": 115303,
            "revenue": 3277348,
            "common_shares": 2548265,
            "book_valuer_per_share": 21.1,
            "book_valuer_per_share_4q_avg": 20.72,
            "equity": 6121357,
            "current_ratio": 139.3,
            "debt_ratio": 66.16,
            "inventory_turnover_ratio": 0.36,
            "account_receivable_turnover_ratio": 0.78,
            "reinvestment_rate": 208.76,
            "research_to_sale_ratio": 4.94,
            "price_fair": 40.8,
            "eps_avg_yearly": 1.17,
            "eps_latest_yearly": 1.48,
            "eps_growth_yearly": 603.27
        },
        "20191": {
            "year_quarter": 20191,
            "year": 2019,
            "quarter": 1,
            "eps": 0.42,
            "eps_growth_year": 75,
            "eps_4q": 1.4,
            "eps_4q_growth_year": null,
            "roe": 1.88,
            "roe_4q": 7.66,
            "gross_profit": 701925,
            "gross_margin": 23.83,
            "gross_margin_4q_avg": 23.15,
            "net_income": 116757,
            "revenue": 2945393,
            "common_shares": 2548265,
            "book_valuer_per_share": 21.7,
            "book_valuer_per_share_4q_avg": 21.1,
            "equity": 6277602,
            "current_ratio": 146.16,
            "debt_ratio": 67.45,
            "inventory_turnover_ratio": 0.33,
            "account_receivable_turnover_ratio": 0.65,
            "reinvestment_rate": 151.79,
            "research_to_sale_ratio": 3.75,
            "price_fair": 48,
            "eps_avg_yearly": 1.37,
            "eps_latest_yearly": 1.68,
            "eps_growth_yearly": 659.11
        },
        "20192": {
            "year_quarter": 20192,
            "year": 2019,
            "quarter": 2,
            "eps": 0.06,
            "eps_growth_year": -89.29,
            "eps_4q": 0.9,
            "eps_4q_growth_year": 104.73,
            "roe": 0.51,
            "roe_4q": 4.879999999999999,
            "gross_profit": 611390,
            "gross_margin": 23.36,
            "gross_margin_4q_avg": 23.26,
            "net_income": 31986,
            "revenue": 2617815,
            "common_shares": 2548265,
            "book_valuer_per_share": 21.39,
            "book_valuer_per_share_4q_avg": 21.23,
            "equity": 6151500,
            "current_ratio": 147.14,
            "debt_ratio": 66.14,
            "inventory_turnover_ratio": 0.3,
            "account_receivable_turnover_ratio": 0.58,
            "reinvestment_rate": 135.22,
            "research_to_sale_ratio": 2.42,
            "price_fair": 45.8,
            "eps_avg_yearly": 1.31,
            "eps_latest_yearly": 0.24,
            "eps_growth_yearly": 505.37
        },
        "20193": {
            "year_quarter": 20193,
            "year": 2019,
            "quarter": 3,
            "eps": 0.01,
            "eps_growth_year": -80,
            "eps_4q": 0.86,
            "eps_4q_growth_year": 139.24,
            "roe": 0.45,
            "roe_4q": 4.74,
            "gross_profit": 610955,
            "gross_margin": 23.78,
            "gross_margin_4q_avg": 23.53,
            "net_income": 27733,
            "revenue": 2569713,
            "common_shares": 2548265,
            "book_valuer_per_share": 21.15,
            "book_valuer_per_share_4q_avg": 21.34,
            "equity": 6119281,
            "current_ratio": 147.06,
            "debt_ratio": 65.9,
            "inventory_turnover_ratio": 0.3,
            "account_receivable_turnover_ratio": 0.62,
            "reinvestment_rate": 171.97,
            "research_to_sale_ratio": 2.99,
            "price_fair": 30,
            "eps_avg_yearly": 0.86,
            "eps_latest_yearly": 0.04,
            "eps_growth_yearly": 245.99
        },
        "20194": {
            "year_quarter": 20194,
            "year": 2019,
            "quarter": 4,
            "eps": -0.25,
            "eps_growth_year": -168.77,
            "eps_4q": 0.23,
            "eps_4q_growth_year": -81.12,
            "roe": -1.43,
            "roe_4q": 1.41,
            "gross_profit": 551708,
            "gross_margin": 19.24,
            "gross_margin_4q_avg": 22.55,
            "net_income": -86856,
            "revenue": 2867172,
            "common_shares": 2548265,
            "book_valuer_per_share": 20.74,
            "book_valuer_per_share_4q_avg": 21.25,
            "equity": 5992047,
            "current_ratio": 148.97,
            "debt_ratio": 64.59,
            "inventory_turnover_ratio": 0.39,
            "account_receivable_turnover_ratio": 0.72,
            "reinvestment_rate": 36.65,
            "research_to_sale_ratio": 2.6,
            "price_fair": 34.3,
            "eps_avg_yearly": 0.98,
            "eps_latest_yearly": 0.04,
            "eps_growth_yearly": 351.15
        },
        "20201": {
            "year_quarter": 20201,
            "year": 2020,
            "quarter": 1,
            "eps": -0.52,
            "eps_growth_year": -223.81,
            "eps_4q": -0.71,
            "eps_4q_growth_year": -150.2,
            "roe": -2.03,
            "roe_4q": -2.5,
            "gross_profit": 303750,
            "gross_margin": 17.25,
            "gross_margin_4q_avg": 20.91,
            "net_income": -119067,
            "revenue": 1761102,
            "common_shares": 2548265,
            "book_valuer_per_share": 20.02,
            "book_valuer_per_share_4q_avg": 20.83,
            "equity": 5759396,
            "current_ratio": 143.43,
            "debt_ratio": 66.08,
            "inventory_turnover_ratio": 0.26,
            "account_receivable_turnover_ratio": 0.47,
            "reinvestment_rate": -115.59,
            "research_to_sale_ratio": 4.98,
            "price_fair": 34.3,
            "eps_avg_yearly": 0.98,
            "eps_latest_yearly": 0.04,
            "eps_growth_yearly": 351.15
        },
        "20202": {
            "year_quarter": 20202,
            "year": 2020,
            "quarter": 2,
            "eps": 0.06,
            "eps_growth_year": 0,
            "eps_4q": -0.7,
            "eps_4q_growth_year": -177.85,
            "roe": 0.19,
            "roe_4q": -2.8199999999999994,
            "gross_profit": 437105,
            "gross_margin": 20.25,
            "gross_margin_4q_avg": 20.13,
            "net_income": 11043,
            "revenue": 2158818,
            "common_shares": 2548265,
            "book_valuer_per_share": 19.91,
            "book_valuer_per_share_4q_avg": 20.46,
            "equity": 5709390,
            "current_ratio": 127.37,
            "debt_ratio": 66.12,
            "inventory_turnover_ratio": 0.31,
            "account_receivable_turnover_ratio": 0.6,
            "reinvestment_rate": -258.66,
            "research_to_sale_ratio": 3.66,
            "price_fair": 34.3,
            "eps_avg_yearly": 0.98,
            "eps_latest_yearly": 0.04,
            "eps_growth_yearly": 351.15
        },
        "20203": {
            "year_quarter": 20203,
            "year": 2020,
            "quarter": 3,
            "eps": 0.09,
            "eps_growth_year": 800,
            "eps_4q": -0.63,
            "eps_4q_growth_year": -173.03,
            "roe": 0.48,
            "roe_4q": -2.79,
            "gross_profit": 332985,
            "gross_margin": 18.21,
            "gross_margin_4q_avg": 18.74,
            "net_income": 27520,
            "revenue": 1828992,
            "common_shares": 2548265,
            "book_valuer_per_share": 20.03,
            "book_valuer_per_share_4q_avg": 20.18,
            "equity": 5746298,
            "current_ratio": 130.35,
            "debt_ratio": 65.76,
            "inventory_turnover_ratio": 0.28,
            "account_receivable_turnover_ratio": 0.5,
            "reinvestment_rate": -335.02,
            "research_to_sale_ratio": 3.58,
            "price_fair": 31.2,
            "eps_avg_yearly": 0.89,
            "eps_latest_yearly": 0.36,
            "eps_growth_yearly": 329.56
        },
        "20204": {
            "year_quarter": 20204,
            "year": 2020,
            "quarter": 4,
            "eps": -0.99,
            "eps_growth_year": null,
            "eps_4q": -1.36,
            "eps_4q_growth_year": -688.28,
            "roe": -5.64,
            "roe_4q": -7,
            "gross_profit": 34037,
            "gross_margin": 1.68,
            "gross_margin_4q_avg": 14.35,
            "net_income": -316205,
            "revenue": 2029629,
            "common_shares": 2548265,
            "book_valuer_per_share": 19.16,
            "book_valuer_per_share_4q_avg": 19.78,
            "equity": 5460674,
            "current_ratio": 129.32,
            "debt_ratio": 65.89,
            "inventory_turnover_ratio": 0.39,
            "account_receivable_turnover_ratio": 0.59,
            "reinvestment_rate": null,
            "research_to_sale_ratio": 2.84,
            "price_fair": 31.2,
            "eps_avg_yearly": 0.89,
            "eps_latest_yearly": 0.36,
            "eps_growth_yearly": 329.56
        },
        "20211": {
            "year_quarter": 20211,
            "year": 2021,
            "quarter": 1,
            "eps": -0.3,
            "eps_growth_year": null,
            "eps_4q": -1.14,
            "eps_4q_growth_year": null,
            "roe": -1.45,
            "roe_4q": -6.419999999999999,
            "gross_profit": 328354,
            "gross_margin": 17.89,
            "gross_margin_4q_avg": 14.51,
            "net_income": -78678,
            "revenue": 1835719,
            "common_shares": 2548265,
            "book_valuer_per_share": 18.82,
            "book_valuer_per_share_4q_avg": 19.48,
            "equity": 5370178,
            "current_ratio": 127.58,
            "debt_ratio": 67.23,
            "inventory_turnover_ratio": 0.28,
            "account_receivable_turnover_ratio": 0.57,
            "reinvestment_rate": null,
            "research_to_sale_ratio": 3.32,
            "price_fair": 31.2,
            "eps_avg_yearly": 0.89,
            "eps_latest_yearly": 0.36,
            "eps_growth_yearly": 329.56
        },
        "20212": {
            "year_quarter": 20212,
            "year": 2021,
            "quarter": 2,
            "eps": 0.42,
            "eps_growth_year": 600,
            "eps_4q": -0.79,
            "eps_4q_growth_year": null,
            "roe": 1.73,
            "roe_4q": -4.879999999999999,
            "gross_profit": 581075,
            "gross_margin": 20.06,
            "gross_margin_4q_avg": 14.46,
            "net_income": 93874,
            "revenue": 2897312,
            "common_shares": 2548265,
            "book_valuer_per_share": 19.28,
            "book_valuer_per_share_4q_avg": 19.32,
            "equity": 5466605,
            "current_ratio": 134.47,
            "debt_ratio": 67.01,
            "inventory_turnover_ratio": 0.42,
            "account_receivable_turnover_ratio": 0.88,
            "reinvestment_rate": null,
            "research_to_sale_ratio": 2,
            "price_fair": 31.2,
            "eps_avg_yearly": 0.89,
            "eps_latest_yearly": 0.36,
            "eps_growth_yearly": 329.56
        },
        "20213": {
            "year_quarter": 20213,
            "year": 2021,
            "quarter": 3,
            "eps": 0.46,
            "eps_growth_year": 411.11,
            "eps_4q": -0.41,
            "eps_4q_growth_year": null,
            "roe": 1.9,
            "roe_4q": -3.46,
            "gross_profit": 521846,
            "gross_margin": 20.82,
            "gross_margin_4q_avg": 15.11,
            "net_income": 104727,
            "revenue": 2506005,
            "common_shares": 2548265,
            "book_valuer_per_share": 19.82,
            "book_valuer_per_share_4q_avg": 19.27,
            "equity": 5585100,
            "current_ratio": 145.19,
            "debt_ratio": 65.86,
            "inventory_turnover_ratio": 0.35,
            "account_receivable_turnover_ratio": 0.74,
            "reinvestment_rate": -1228.65,
            "research_to_sale_ratio": 2.33,
            "price_fair": 35.35,
            "eps_avg_yearly": 1.01,
            "eps_latest_yearly": 1.84,
            "eps_growth_yearly": 293.13
        },
        "20214": {
            "year_quarter": 20214,
            "year": 2021,
            "quarter": 4,
            "eps": 0.1,
            "eps_growth_year": null,
            "eps_4q": 0.68,
            "eps_4q_growth_year": null,
            "roe": 0.64,
            "roe_4q": 2.8199999999999994,
            "gross_profit": 447004,
            "gross_margin": 18.73,
            "gross_margin_4q_avg": 19.38,
            "net_income": 36091,
            "revenue": 2386854,
            "common_shares": 2548265,
            "book_valuer_per_share": 19.74,
            "book_valuer_per_share_4q_avg": 19.42,
            "equity": 5626232,
            "current_ratio": 138.43,
            "debt_ratio": 64.84,
            "inventory_turnover_ratio": 0.35,
            "account_receivable_turnover_ratio": 0.69,
            "reinvestment_rate": -371.92,
            "research_to_sale_ratio": 2.5,
            "price_fair": 32.98,
            "eps_avg_yearly": 0.94,
            "eps_latest_yearly": 0.4,
            "eps_growth_yearly": 225.77
        },
        "20221": {
            "year_quarter": 20221,
            "year": 2022,
            "quarter": 1,
            "eps": 0.01,
            "eps_growth_year": null,
            "eps_4q": 0.99,
            "eps_4q_growth_year": null,
            "roe": 0.17,
            "roe_4q": 4.4399999999999995,
            "gross_profit": 324165,
            "gross_margin": 19.49,
            "gross_margin_4q_avg": 19.78,
            "net_income": 9788,
            "revenue": 1663572,
            "common_shares": 2548265,
            "book_valuer_per_share": 19.88,
            "book_valuer_per_share_4q_avg": 19.68,
            "equity": 5661830,
            "current_ratio": 138.29,
            "debt_ratio": 64.41,
            "inventory_turnover_ratio": 0.24,
            "account_receivable_turnover_ratio": 0.52,
            "reinvestment_rate": -383.06,
            "research_to_sale_ratio": 3.51,
            "price_fair": 29.82,
            "eps_avg_yearly": 0.85,
            "eps_latest_yearly": 0.04,
            "eps_growth_yearly": 167.2
        },
        "20222": {
            "year_quarter": 20222,
            "year": 2022,
            "quarter": 2,
            "eps": 0.03,
            "eps_growth_year": -92.86,
            "eps_4q": 0.6,
            "eps_4q_growth_year": null,
            "roe": 0.35,
            "roe_4q": 3.06,
            "gross_profit": 495029,
            "gross_margin": 21.81,
            "gross_margin_4q_avg": 20.21,
            "net_income": 19665,
            "revenue": 2269277,
            "common_shares": 2548265,
            "book_valuer_per_share": 19.55,
            "book_valuer_per_share_4q_avg": 19.75,
            "equity": 5573135,
            "current_ratio": 139.4,
            "debt_ratio": 64.41,
            "inventory_turnover_ratio": 0.31,
            "account_receivable_turnover_ratio": 0.75,
            "reinvestment_rate": -24887.45,
            "research_to_sale_ratio": 2.58,
            "price_fair": 22.4,
            "eps_avg_yearly": 0.64,
            "eps_latest_yearly": 0.12,
            "eps_growth_yearly": 193.86
        },
        "20223": {
            "year_quarter": 20223,
            "year": 2022,
            "quarter": 3,
            "eps": 0.39,
            "eps_growth_year": -15.22,
            "eps_4q": 0.53,
            "eps_4q_growth_year": null,
            "roe": 1.99,
            "roe_4q": 3.15,
            "gross_profit": 505420,
            "gross_margin": 22.94,
            "gross_margin_4q_avg": 20.74,
            "net_income": 111896,
            "revenue": 2203692,
            "common_shares": 2548265,
            "book_valuer_per_share": 19.92,
            "book_valuer_per_share_4q_avg": 19.77,
            "equity": 5682405,
            "current_ratio": 144.16,
            "debt_ratio": 63.35,
            "inventory_turnover_ratio": 0.31,
            "account_receivable_turnover_ratio": 0.7,
            "reinvestment_rate": -869.07,
            "research_to_sale_ratio": 2.59,
            "price_fair": 27.16,
            "eps_avg_yearly": 0.78,
            "eps_latest_yearly": 1.56,
            "eps_growth_yearly": 710.29
        },
        "20224": {
            "year_quarter": 20224,
            "year": 2022,
            "quarter": 4,
            "eps": -0.07,
            "eps_growth_year": -172.73,
            "eps_4q": 0.36,
            "eps_4q_growth_year": -47.33,
            "roe": 0.03,
            "roe_4q": 2.54,
            "gross_profit": 499494,
            "gross_margin": 23.43,
            "gross_margin_4q_avg": 21.92,
            "net_income": 1493,
            "revenue": 2132300,
            "common_shares": 2548265,
            "book_valuer_per_share": 19.9,
            "book_valuer_per_share_4q_avg": 19.81,
            "equity": 5674334,
            "current_ratio": 150.96,
            "debt_ratio": 61.93,
            "inventory_turnover_ratio": 0.3,
            "account_receivable_turnover_ratio": 0.68,
            "reinvestment_rate": null,
            "research_to_sale_ratio": 3.3,
            "price_fair": 24.42,
            "eps_avg_yearly": 0.7,
            "eps_latest_yearly": 1.56,
            "eps_growth_yearly": 504.77
        },
        "20231": {
            "year_quarter": 20231,
            "year": 2023,
            "quarter": 1,
            "eps": -0.02,
            "eps_growth_year": -300,
            "eps_4q": 0.32,
            "eps_4q_growth_year": -67.66,
            "roe": -0.01,
            "roe_4q": 2.36,
            "gross_profit": 391910,
            "gross_margin": 22.58,
            "gross_margin_4q_avg": 22.69,
            "net_income": -667,
            "revenue": 1735734,
            "common_shares": 2548265,
            "book_valuer_per_share": 19.99,
            "book_valuer_per_share_4q_avg": 19.84,
            "equity": 5701410,
            "current_ratio": 139.5,
            "debt_ratio": 63.21,
            "inventory_turnover_ratio": 0.24,
            "account_receivable_turnover_ratio": 0.58,
            "reinvestment_rate": null,
            "research_to_sale_ratio": 3.76,
            "price_fair": 20.13,
            "eps_avg_yearly": 0.58,
            "eps_latest_yearly": 1.56,
            "eps_growth_yearly": 561.11
        }
    },
    "months": {
        "2001-06": {
            "month": "2001-06",
            "price": "33.66",
            "revenue": 123761
        },
        "2001-07": {
            "month": "2001-07",
            "price": "25.90",
            "revenue": 126812
        },
        "2001-08": {
            "month": "2001-08",
            "price": "25.02",
            "revenue": 134985
        },
        "2001-09": {
            "month": "2001-09",
            "price": "22.32",
            "revenue": 114118
        },
        "2001-10": {
            "month": "2001-10",
            "price": "19.71",
            "revenue": 140576
        },
        "2001-11": {
            "month": "2001-11",
            "price": "22.32",
            "revenue": 159101
        },
        "2001-12": {
            "month": "2001-12",
            "price": "25.64",
            "revenue": 135134
        },
        "2002-01": {
            "month": "2002-01",
            "price": "27.07",
            "revenue": 117465
        },
        "2002-02": {
            "month": "2002-02",
            "price": "25.84",
            "revenue": 115974
        },
        "2002-03": {
            "month": "2002-03",
            "price": "24.59",
            "revenue": 115496
        },
        "2002-04": {
            "month": "2002-04",
            "price": "23.72",
            "revenue": 118501
        },
        "2002-05": {
            "month": "2002-05",
            "price": "22.86",
            "revenue": 185108
        },
        "2002-06": {
            "month": "2002-06",
            "price": "26.24",
            "revenue": 117117
        },
        "2002-07": {
            "month": "2002-07",
            "price": "26.32",
            "revenue": 133566
        },
        "2002-08": {
            "month": "2002-08",
            "price": "22.38",
            "revenue": 148048
        },
        "2002-09": {
            "month": "2002-09",
            "price": "20.80",
            "revenue": 189779
        },
        "2002-10": {
            "month": "2002-10",
            "price": "21.04",
            "revenue": 211954
        },
        "2002-11": {
            "month": "2002-11",
            "price": "24.02",
            "revenue": 208689
        },
        "2002-12": {
            "month": "2002-12",
            "price": "26.50",
            "revenue": 157248
        },
        "2003-01": {
            "month": "2003-01",
            "price": "29.46",
            "revenue": 140044
        },
        "2003-02": {
            "month": "2003-02",
            "price": "26.78",
            "revenue": 141226
        },
        "2003-03": {
            "month": "2003-03",
            "price": "26.44",
            "revenue": 226844
        },
        "2003-04": {
            "month": "2003-04",
            "price": "27.99",
            "revenue": 208344
        },
        "2003-05": {
            "month": "2003-05",
            "price": "30.14",
            "revenue": 219948
        },
        "2003-06": {
            "month": "2003-06",
            "price": "30.86",
            "revenue": 212825
        },
        "2003-07": {
            "month": "2003-07",
            "price": "31.47",
            "revenue": 233009
        },
        "2003-08": {
            "month": "2003-08",
            "price": "36.35",
            "revenue": 273657
        },
        "2003-09": {
            "month": "2003-09",
            "price": "40.92",
            "revenue": 262443
        },
        "2003-10": {
            "month": "2003-10",
            "price": "43.45",
            "revenue": 276591
        },
        "2003-11": {
            "month": "2003-11",
            "price": "48.95",
            "revenue": 288536
        },
        "2003-12": {
            "month": "2003-12",
            "price": "53.00",
            "revenue": 350114
        },
        "2004-01": {
            "month": "2004-01",
            "price": "52.70",
            "revenue": 280479
        },
        "2004-02": {
            "month": "2004-02",
            "price": "57.78",
            "revenue": 303337
        },
        "2004-03": {
            "month": "2004-03",
            "price": "58.98",
            "revenue": 344698
        },
        "2004-04": {
            "month": "2004-04",
            "price": "60.64",
            "revenue": 354209
        },
        "2004-05": {
            "month": "2004-05",
            "price": "54.88",
            "revenue": 367185
        },
        "2004-06": {
            "month": "2004-06",
            "price": "53.67",
            "revenue": 346518
        },
        "2004-07": {
            "month": "2004-07",
            "price": "51.05",
            "revenue": 374511
        },
        "2004-08": {
            "month": "2004-08",
            "price": "49.56",
            "revenue": 381308
        },
        "2004-09": {
            "month": "2004-09",
            "price": "49.77",
            "revenue": 410190
        },
        "2004-10": {
            "month": "2004-10",
            "price": "48.59",
            "revenue": 411125
        },
        "2004-11": {
            "month": "2004-11",
            "price": "45.82",
            "revenue": 400953
        },
        "2004-12": {
            "month": "2004-12",
            "price": "45.08",
            "revenue": 371691
        },
        "2005-01": {
            "month": "2005-01",
            "price": "46.32",
            "revenue": 373296
        },
        "2005-02": {
            "month": "2005-02",
            "price": "45.17",
            "revenue": 254586
        },
        "2005-03": {
            "month": "2005-03",
            "price": "43.70",
            "revenue": 382386
        },
        "2005-04": {
            "month": "2005-04",
            "price": "44.57",
            "revenue": 361746
        },
        "2005-05": {
            "month": "2005-05",
            "price": "41.83",
            "revenue": 338660
        },
        "2005-06": {
            "month": "2005-06",
            "price": "40.61",
            "revenue": 320301
        },
        "2005-07": {
            "month": "2005-07",
            "price": "39.52",
            "revenue": 276443
        },
        "2005-08": {
            "month": "2005-08",
            "price": "33.31",
            "revenue": 382649
        },
        "2005-09": {
            "month": "2005-09",
            "price": "36.62",
            "revenue": 375278
        },
        "2005-10": {
            "month": "2005-10",
            "price": "36.86",
            "revenue": 387343
        },
        "2005-11": {
            "month": "2005-11",
            "price": "34.79",
            "revenue": 409537
        },
        "2005-12": {
            "month": "2005-12",
            "price": "42.17",
            "revenue": 458870
        },
        "2006-01": {
            "month": "2006-01",
            "price": "45.86",
            "revenue": 442363
        },
        "2006-02": {
            "month": "2006-02",
            "price": "45.13",
            "revenue": 374783
        },
        "2006-03": {
            "month": "2006-03",
            "price": "46.51",
            "revenue": 425911
        },
        "2006-04": {
            "month": "2006-04",
            "price": "51.92",
            "revenue": 426334
        },
        "2006-05": {
            "month": "2006-05",
            "price": "50.41",
            "revenue": 466515
        },
        "2006-06": {
            "month": "2006-06",
            "price": "45.49",
            "revenue": 475843
        },
        "2006-07": {
            "month": "2006-07",
            "price": "45.11",
            "revenue": 445902
        },
        "2006-08": {
            "month": "2006-08",
            "price": "42.57",
            "revenue": 482232
        },
        "2006-09": {
            "month": "2006-09",
            "price": "44.47",
            "revenue": 486945
        },
        "2006-10": {
            "month": "2006-10",
            "price": "45.51",
            "revenue": 419042
        },
        "2006-11": {
            "month": "2006-11",
            "price": "46.65",
            "revenue": 559835
        },
        "2006-12": {
            "month": "2006-12",
            "price": "50.29",
            "revenue": 489723
        },
        "2007-01": {
            "month": "2007-01",
            "price": "49.88",
            "revenue": 384828
        },
        "2007-02": {
            "month": "2007-02",
            "price": "47.42",
            "revenue": 221387
        },
        "2007-03": {
            "month": "2007-03",
            "price": "45.68",
            "revenue": 444182
        },
        "2007-04": {
            "month": "2007-04",
            "price": "46.42",
            "revenue": 374492
        },
        "2007-05": {
            "month": "2007-05",
            "price": "44.30",
            "revenue": 415153
        },
        "2007-06": {
            "month": "2007-06",
            "price": "45.44",
            "revenue": 419109
        },
        "2007-07": {
            "month": "2007-07",
            "price": "46.68",
            "revenue": 582916
        },
        "2007-08": {
            "month": "2007-08",
            "price": "45.14",
            "revenue": 601478
        },
        "2007-09": {
            "month": "2007-09",
            "price": "44.12",
            "revenue": 530851
        },
        "2007-10": {
            "month": "2007-10",
            "price": "42.72",
            "revenue": 715340
        },
        "2007-11": {
            "month": "2007-11",
            "price": "39.92",
            "revenue": 817866
        },
        "2007-12": {
            "month": "2007-12",
            "price": "37.82",
            "revenue": 663052
        },
        "2008-01": {
            "month": "2008-01",
            "price": "34.91",
            "revenue": 526727
        },
        "2008-02": {
            "month": "2008-02",
            "price": "35.24",
            "revenue": 454748
        },
        "2008-03": {
            "month": "2008-03",
            "price": "37.02",
            "revenue": 603931
        },
        "2008-04": {
            "month": "2008-04",
            "price": "37.04",
            "revenue": 584407
        },
        "2008-05": {
            "month": "2008-05",
            "price": "37.60",
            "revenue": 752974
        },
        "2008-06": {
            "month": "2008-06",
            "price": "36.28",
            "revenue": 561098
        },
        "2008-07": {
            "month": "2008-07",
            "price": "30.58",
            "revenue": 589140
        },
        "2008-08": {
            "month": "2008-08",
            "price": "27.41",
            "revenue": 556406
        },
        "2008-09": {
            "month": "2008-09",
            "price": "23.87",
            "revenue": 510230
        },
        "2008-10": {
            "month": "2008-10",
            "price": "19.27",
            "revenue": 418940
        },
        "2008-11": {
            "month": "2008-11",
            "price": "17.68",
            "revenue": 368351
        },
        "2008-12": {
            "month": "2008-12",
            "price": "17.53",
            "revenue": 341687
        },
        "2009-01": {
            "month": "2009-01",
            "price": "16.16",
            "revenue": 229875
        },
        "2009-02": {
            "month": "2009-02",
            "price": "15.47",
            "revenue": 183426
        },
        "2009-03": {
            "month": "2009-03",
            "price": "16.81",
            "revenue": 214197
        },
        "2009-04": {
            "month": "2009-04",
            "price": "18.28",
            "revenue": 158309
        },
        "2009-05": {
            "month": "2009-05",
            "price": "18.97",
            "revenue": 170270
        },
        "2009-06": {
            "month": "2009-06",
            "price": "19.58",
            "revenue": 270781
        },
        "2009-07": {
            "month": "2009-07",
            "price": "20.05",
            "revenue": 133379
        },
        "2009-08": {
            "month": "2009-08",
            "price": "20.20",
            "revenue": 157244
        },
        "2009-09": {
            "month": "2009-09",
            "price": "22.06",
            "revenue": 236484
        },
        "2009-10": {
            "month": "2009-10",
            "price": "24.60",
            "revenue": 304542
        },
        "2009-11": {
            "month": "2009-11",
            "price": "24.03",
            "revenue": 333762
        },
        "2009-12": {
            "month": "2009-12",
            "price": "24.58",
            "revenue": 345931
        },
        "2010-01": {
            "month": "2010-01",
            "price": "26.68",
            "revenue": 352303
        },
        "2010-02": {
            "month": "2010-02",
            "price": "24.71",
            "revenue": 282060
        },
        "2010-03": {
            "month": "2010-03",
            "price": "27.44",
            "revenue": 433819
        },
        "2010-04": {
            "month": "2010-04",
            "price": "31.50",
            "revenue": 503303
        },
        "2010-05": {
            "month": "2010-05",
            "price": "30.71",
            "revenue": 541926
        },
        "2010-06": {
            "month": "2010-06",
            "price": "29.54",
            "revenue": 679270
        },
        "2010-07": {
            "month": "2010-07",
            "price": "29.90",
            "revenue": 740844
        },
        "2010-08": {
            "month": "2010-08",
            "price": "31.40",
            "revenue": 775231
        },
        "2010-09": {
            "month": "2010-09",
            "price": "31.09",
            "revenue": 743739
        },
        "2010-10": {
            "month": "2010-10",
            "price": "31.45",
            "revenue": 565976
        },
        "2010-11": {
            "month": "2010-11",
            "price": "30.80",
            "revenue": 514284
        },
        "2010-12": {
            "month": "2010-12",
            "price": "38.59",
            "revenue": 530716
        },
        "2011-01": {
            "month": "2011-01",
            "price": "43.13",
            "revenue": 347377
        },
        "2011-02": {
            "month": "2011-02",
            "price": "40.54",
            "revenue": 337018
        },
        "2011-03": {
            "month": "2011-03",
            "price": "45.84",
            "revenue": 633861
        },
        "2011-04": {
            "month": "2011-04",
            "price": "49.99",
            "revenue": 583032
        },
        "2011-05": {
            "month": "2011-05",
            "price": "45.62",
            "revenue": 763705
        },
        "2011-06": {
            "month": "2011-06",
            "price": "46.73",
            "revenue": 758416
        },
        "2011-07": {
            "month": "2011-07",
            "price": "43.48",
            "revenue": 840760
        },
        "2011-08": {
            "month": "2011-08",
            "price": "33.67",
            "revenue": 551496
        },
        "2011-09": {
            "month": "2011-09",
            "price": "25.66",
            "revenue": 395846
        },
        "2011-10": {
            "month": "2011-10",
            "price": "25.18",
            "revenue": 436343
        },
        "2011-11": {
            "month": "2011-11",
            "price": "27.29",
            "revenue": 529093
        },
        "2011-12": {
            "month": "2011-12",
            "price": "24.63",
            "revenue": 430862
        },
        "2012-01": {
            "month": "2012-01",
            "price": "25.46",
            "revenue": 215012
        },
        "2012-02": {
            "month": "2012-02",
            "price": "31.02",
            "revenue": 329909
        },
        "2012-03": {
            "month": "2012-03",
            "price": "30.68",
            "revenue": 465515
        },
        "2012-04": {
            "month": "2012-04",
            "price": "27.34",
            "revenue": 414978
        },
        "2012-05": {
            "month": "2012-05",
            "price": "25.49",
            "revenue": 397028
        },
        "2012-06": {
            "month": "2012-06",
            "price": "25.06",
            "revenue": 325719
        },
        "2012-07": {
            "month": "2012-07",
            "price": "24.57",
            "revenue": 403248
        },
        "2012-08": {
            "month": "2012-08",
            "price": "25.18",
            "revenue": 402467
        },
        "2012-09": {
            "month": "2012-09",
            "price": "25.22",
            "revenue": 513949
        },
        "2012-10": {
            "month": "2012-10",
            "price": "23.89",
            "revenue": 400868
        },
        "2012-11": {
            "month": "2012-11",
            "price": "21.22",
            "revenue": 362561
        },
        "2012-12": {
            "month": "2012-12",
            "price": "21.62",
            "revenue": 301117
        },
        "2013-01": {
            "month": "2013-01",
            "price": "22.72",
            "revenue": 406712
        },
        "2013-02": {
            "month": "2013-02",
            "price": "23.08",
            "revenue": 434923
        },
        "2013-03": {
            "month": "2013-03",
            "price": "23.84",
            "revenue": 613056
        },
        "2013-04": {
            "month": "2013-04",
            "price": "23.66",
            "revenue": 662742
        },
        "2013-05": {
            "month": "2013-05",
            "price": "23.42",
            "revenue": 691176
        },
        "2013-06": {
            "month": "2013-06",
            "price": "23.72",
            "revenue": 738823
        },
        "2013-07": {
            "month": "2013-07",
            "price": "23.89",
            "revenue": 629139
        },
        "2013-08": {
            "month": "2013-08",
            "price": "23.56",
            "revenue": 718155
        },
        "2013-09": {
            "month": "2013-09",
            "price": "24.33",
            "revenue": 644423
        },
        "2013-10": {
            "month": "2013-10",
            "price": "28.08",
            "revenue": 580732
        },
        "2013-11": {
            "month": "2013-11",
            "price": "25.96",
            "revenue": 742849
        },
        "2013-12": {
            "month": "2013-12",
            "price": "26.35",
            "revenue": 823666
        },
        "2014-01": {
            "month": "2014-01",
            "price": "29.02",
            "revenue": 577610
        },
        "2014-02": {
            "month": "2014-02",
            "price": "31.07",
            "revenue": 551043
        },
        "2014-03": {
            "month": "2014-03",
            "price": "31.24",
            "revenue": 712548
        },
        "2014-04": {
            "month": "2014-04",
            "price": "31.54",
            "revenue": 718114
        },
        "2014-05": {
            "month": "2014-05",
            "price": "30.07",
            "revenue": 1006770
        },
        "2014-06": {
            "month": "2014-06",
            "price": "33.30",
            "revenue": 772648
        },
        "2014-07": {
            "month": "2014-07",
            "price": "35.12",
            "revenue": 835001
        },
        "2014-08": {
            "month": "2014-08",
            "price": "32.06",
            "revenue": 746696
        },
        "2014-09": {
            "month": "2014-09",
            "price": "31.18",
            "revenue": 876091
        },
        "2014-10": {
            "month": "2014-10",
            "price": "28.21",
            "revenue": 741221
        },
        "2014-11": {
            "month": "2014-11",
            "price": "26.59",
            "revenue": 751715
        },
        "2014-12": {
            "month": "2014-12",
            "price": "27.75",
            "revenue": 842599
        },
        "2015-01": {
            "month": "2015-01",
            "price": "29.37",
            "revenue": 730950
        },
        "2015-02": {
            "month": "2015-02",
            "price": "33.33",
            "revenue": 427378
        },
        "2015-03": {
            "month": "2015-03",
            "price": "34.79",
            "revenue": 624885
        },
        "2015-04": {
            "month": "2015-04",
            "price": "31.15",
            "revenue": 716156
        },
        "2015-05": {
            "month": "2015-05",
            "price": "27.03",
            "revenue": 687329
        },
        "2015-06": {
            "month": "2015-06",
            "price": "24.97",
            "revenue": 965804
        },
        "2015-07": {
            "month": "2015-07",
            "price": "24.04",
            "revenue": 657083
        },
        "2015-08": {
            "month": "2015-08",
            "price": "21.09",
            "revenue": 1048212
        },
        "2015-09": {
            "month": "2015-09",
            "price": "23.36",
            "revenue": 772841
        },
        "2015-10": {
            "month": "2015-10",
            "price": "24.26",
            "revenue": 896420
        },
        "2015-11": {
            "month": "2015-11",
            "price": "23.75",
            "revenue": 699136
        },
        "2015-12": {
            "month": "2015-12",
            "price": "22.43",
            "revenue": 1147815
        },
        "2016-01": {
            "month": "2016-01",
            "price": "22.76",
            "revenue": 583731
        },
        "2016-02": {
            "month": "2016-02",
            "price": "23.72",
            "revenue": 395708
        },
        "2016-03": {
            "month": "2016-03",
            "price": "24.61",
            "revenue": 691664
        },
        "2016-04": {
            "month": "2016-04",
            "price": "24.52",
            "revenue": 880088
        },
        "2016-05": {
            "month": "2016-05",
            "price": "23.56",
            "revenue": 893953
        },
        "2016-06": {
            "month": "2016-06",
            "price": "24.04",
            "revenue": 911736
        },
        "2016-07": {
            "month": "2016-07",
            "price": "23.98",
            "revenue": 716196
        },
        "2016-08": {
            "month": "2016-08",
            "price": "23.42",
            "revenue": 675446
        },
        "2016-09": {
            "month": "2016-09",
            "price": "22.88",
            "revenue": 918174
        },
        "2016-10": {
            "month": "2016-10",
            "price": "22.69",
            "revenue": 831885
        },
        "2016-11": {
            "month": "2016-11",
            "price": "21.42",
            "revenue": 943022
        },
        "2016-12": {
            "month": "2016-12",
            "price": "21.46",
            "revenue": 1338031
        },
        "2017-01": {
            "month": "2017-01",
            "price": "21.39",
            "revenue": 553018
        },
        "2017-02": {
            "month": "2017-02",
            "price": "22.17",
            "revenue": 589056
        },
        "2017-03": {
            "month": "2017-03",
            "price": "22.10",
            "revenue": 882677
        },
        "2017-04": {
            "month": "2017-04",
            "price": "21.74",
            "revenue": 614823
        },
        "2017-05": {
            "month": "2017-05",
            "price": "20.79",
            "revenue": 720406
        },
        "2017-06": {
            "month": "2017-06",
            "price": "21.10",
            "revenue": 906173
        },
        "2017-07": {
            "month": "2017-07",
            "price": "21.10",
            "revenue": 692220
        },
        "2017-08": {
            "month": "2017-08",
            "price": "20.57",
            "revenue": 954471
        },
        "2017-09": {
            "month": "2017-09",
            "price": "20.80",
            "revenue": 1013811
        },
        "2017-10": {
            "month": "2017-10",
            "price": "20.64",
            "revenue": 900574
        },
        "2017-11": {
            "month": "2017-11",
            "price": "20.88",
            "revenue": 901233
        },
        "2017-12": {
            "month": "2017-12",
            "price": "20.31",
            "revenue": 1048562
        },
        "2018-01": {
            "month": "2018-01",
            "price": "20.49",
            "revenue": 817420
        },
        "2018-02": {
            "month": "2018-02",
            "price": "20.18",
            "revenue": 507377
        },
        "2018-03": {
            "month": "2018-03",
            "price": "20.02",
            "revenue": 821679
        },
        "2018-04": {
            "month": "2018-04",
            "price": "19.81",
            "revenue": 1186515
        },
        "2018-05": {
            "month": "2018-05",
            "price": "20.09",
            "revenue": 1064471
        },
        "2018-06": {
            "month": "2018-06",
            "price": "21.72",
            "revenue": 1041844
        },
        "2018-07": {
            "month": "2018-07",
            "price": "21.44",
            "revenue": 1035614
        },
        "2018-08": {
            "month": "2018-08",
            "price": "20.92",
            "revenue": 992009
        },
        "2018-09": {
            "month": "2018-09",
            "price": "20.26",
            "revenue": 884559
        },
        "2018-10": {
            "month": "2018-10",
            "price": "18.14",
            "revenue": 1147074
        },
        "2018-11": {
            "month": "2018-11",
            "price": "17.47",
            "revenue": 909855
        },
        "2018-12": {
            "month": "2018-12",
            "price": "17.53",
            "revenue": 1225103
        },
        "2019-01": {
            "month": "2019-01",
            "price": "17.73",
            "revenue": 821410
        },
        "2019-02": {
            "month": "2019-02",
            "price": "17.95",
            "revenue": 848495
        },
        "2019-03": {
            "month": "2019-03",
            "price": "18.52",
            "revenue": 1282165
        },
        "2019-04": {
            "month": "2019-04",
            "price": "19.98",
            "revenue": 684094
        },
        "2019-05": {
            "month": "2019-05",
            "price": "19.11",
            "revenue": 961852
        },
        "2019-06": {
            "month": "2019-06",
            "price": "18.39",
            "revenue": 971091
        },
        "2019-07": {
            "month": "2019-07",
            "price": "18.34",
            "revenue": 828158
        },
        "2019-08": {
            "month": "2019-08",
            "price": "17.12",
            "revenue": 907764
        },
        "2019-09": {
            "month": "2019-09",
            "price": "17.11",
            "revenue": 830276
        },
        "2019-10": {
            "month": "2019-10",
            "price": "17.08",
            "revenue": 918320
        },
        "2019-11": {
            "month": "2019-11",
            "price": "16.96",
            "revenue": 795255
        },
        "2019-12": {
            "month": "2019-12",
            "price": "16.87",
            "revenue": 1103593
        },
        "2020-01": {
            "month": "2020-01",
            "price": "16.80",
            "revenue": 604580
        },
        "2020-02": {
            "month": "2020-02",
            "price": "16.11",
            "revenue": 456479
        },
        "2020-03": {
            "month": "2020-03",
            "price": "12.87",
            "revenue": 697255
        },
        "2020-04": {
            "month": "2020-04",
            "price": "12.13",
            "revenue": 633469
        },
        "2020-05": {
            "month": "2020-05",
            "price": "12.95",
            "revenue": 718133
        },
        "2020-06": {
            "month": "2020-06",
            "price": "13.32",
            "revenue": 803785
        },
        "2020-07": {
            "month": "2020-07",
            "price": "13.02",
            "revenue": 589161
        },
        "2020-08": {
            "month": "2020-08",
            "price": "12.46",
            "revenue": 557146
        },
        "2020-09": {
            "month": "2020-09",
            "price": "13.31",
            "revenue": 687563
        },
        "2020-10": {
            "month": "2020-10",
            "price": "14.22",
            "revenue": 467696
        },
        "2020-11": {
            "month": "2020-11",
            "price": "14.34",
            "revenue": 716365
        },
        "2020-12": {
            "month": "2020-12",
            "price": "15.08",
            "revenue": 855144
        },
        "2021-01": {
            "month": "2021-01",
            "price": "15.23",
            "revenue": 585796
        },
        "2021-02": {
            "month": "2021-02",
            "price": "14.70",
            "revenue": 466933
        },
        "2021-03": {
            "month": "2021-03",
            "price": "15.34",
            "revenue": 792628
        },
        "2021-04": {
            "month": "2021-04",
            "price": "17.77",
            "revenue": 802071
        },
        "2021-05": {
            "month": "2021-05",
            "price": "15.92",
            "revenue": 991786
        },
        "2021-06": {
            "month": "2021-06",
            "price": "16.69",
            "revenue": 1096909
        },
        "2021-07": {
            "month": "2021-07",
            "price": "18.15",
            "revenue": 986628
        },
        "2021-08": {
            "month": "2021-08",
            "price": "17.57",
            "revenue": 885974
        },
        "2021-09": {
            "month": "2021-09",
            "price": "16.74",
            "revenue": 627477
        },
        "2021-10": {
            "month": "2021-10",
            "price": "15.90",
            "revenue": 704521
        },
        "2021-11": {
            "month": "2021-11",
            "price": "16.71",
            "revenue": 886373
        },
        "2021-12": {
            "month": "2021-12",
            "price": "17.34",
            "revenue": 813826
        },
        "2022-01": {
            "month": "2022-01",
            "price": "16.61",
            "revenue": 544190
        },
        "2022-02": {
            "month": "2022-02",
            "price": "16.46",
            "revenue": 457626
        },
        "2022-03": {
            "month": "2022-03",
            "price": "16.20",
            "revenue": 644690
        },
        "2022-04": {
            "month": "2022-04",
            "price": "15.48",
            "revenue": 495498
        },
        "2022-05": {
            "month": "2022-05",
            "price": "14.78",
            "revenue": 944937
        },
        "2022-06": {
            "month": "2022-06",
            "price": "14.79",
            "revenue": 794150
        },
        "2022-07": {
            "month": "2022-07",
            "price": "13.81",
            "revenue": 715290
        },
        "2022-08": {
            "month": "2022-08",
            "price": "14.07",
            "revenue": 612167
        },
        "2022-09": {
            "month": "2022-09",
            "price": "14.28",
            "revenue": 841214
        },
        "2022-10": {
            "month": "2022-10",
            "price": "13.56",
            "revenue": 684718
        },
        "2022-11": {
            "month": "2022-11",
            "price": "13.80",
            "revenue": 636198
        },
        "2022-12": {
            "month": "2022-12",
            "price": "14.46",
            "revenue": 811384
        },
        "2023-01": {
            "month": "2023-01",
            "price": "14.02",
            "revenue": 434211
        },
        "2023-02": {
            "month": "2023-02",
            "price": "15.22",
            "revenue": 682430
        },
        "2023-03": {
            "month": "2023-03",
            "price": "16.84",
            "revenue": 619093
        },
        "2023-04": {
            "month": "2023-04",
            "price": "17.49",
            "revenue": 436543
        }
    }
}
