{
    "summary": {
        "stock_name": "方土霖",
        "stock_id": "4527",
        "category": "電機機械",
        "main_business": "冰水機組<br>冷凝機組",
        "website_url": "http://www.kuenling.com.tw",
        "ceo": "曾仲國",
        "pe_ratio": 11,
        "report_year_from": 2001,
        "report_year_to": 2023,
        "age": 22,
        "eps_negative_percentage": 0,
        "eps_growth_avg": {
            "last_all": 14.38,
            "last_2y": 11.78,
            "last_4y": 4.77,
            "last_8y": 5.14,
            "last_12y": 21.35,
            "last_16y": 9.94,
            "last_20y": 14.38,
            "at_2006_last_3y": 21.01,
            "at_2007_last_3y": -14.5,
            "at_2008_last_3y": -7.94,
            "at_2009_last_3y": -27.13,
            "at_2010_last_3y": -5.52,
            "at_2011_last_3y": 29.99,
            "at_2012_last_3y": 36.71,
            "at_2013_last_3y": 57.82,
            "at_2014_last_3y": 35.82,
            "at_2015_last_3y": 11.78,
            "at_2016_last_3y": 10.04,
            "at_2017_last_3y": 5.6,
            "at_2018_last_3y": 5.72,
            "at_2019_last_3y": -1.22,
            "at_2020_last_3y": -0.26,
            "at_2021_last_3y": -2.75,
            "at_2022_last_3y": 2.85,
            "at_2023_last_3y": 2.85,
            "at_2006_last_all": 29.31,
            "at_2007_last_all": 17.42,
            "at_2008_last_all": 15.49,
            "at_2009_last_all": 3.06,
            "at_2010_last_all": 13.83,
            "at_2011_last_all": 22.45,
            "at_2012_last_all": 23.21,
            "at_2013_last_all": 21.31,
            "at_2014_last_all": 20.59,
            "at_2015_last_all": 19.4,
            "at_2016_last_all": 19.7,
            "at_2017_last_all": 17.38,
            "at_2018_last_all": 17.09,
            "at_2019_last_all": 14.82,
            "at_2020_last_all": 15.49,
            "at_2021_last_all": 13.36,
            "at_2022_last_all": 14.38,
            "at_2023_last_all": 14.38
        },
        "latest_eps": 2.85,
        "latest_price": 32.4,
        "latest_roe": 14.38,
        "latest_gross_margin": 22.27,
        "latest_equity": 1514853,
        "latest_revenue": 649788,
        "latest_gross_profit": 144694,
        "latest_net_income": 31301,
        "latest_debt_ratio": 50.42,
        "latest_current_ratio": 169.88,
        "latest_account_receivable_turnover_ratio": 0.54,
        "latest_inventory_turnover_ratio": 0.77,
        "latest_reinvestment_rate": 13.89,
        "latest_research_to_sale_ratio": 2.53
    },
    "eps_dividends": {
        "1998": {
            "cash": 0,
            "stock": 1,
            "eps": 0
        },
        "1999": {
            "cash": 0,
            "stock": 0.5,
            "eps": 0
        },
        "2000": {
            "cash": 0,
            "stock": 0.5,
            "eps": 0
        },
        "2001": {
            "cash": 0.1,
            "stock": 0.7,
            "eps": 0.48
        },
        "2002": {
            "cash": 0.1,
            "stock": 0.4,
            "eps": 0.78
        },
        "2003": {
            "cash": 0.6,
            "stock": 0,
            "eps": 2.15
        },
        "2004": {
            "cash": 0.8,
            "stock": 0.8,
            "eps": 1.67
        },
        "2005": {
            "cash": 0.9,
            "stock": 0.3,
            "eps": 1.55
        },
        "2006": {
            "cash": 0.69,
            "stock": 0.49,
            "eps": 1.76
        },
        "2007": {
            "cash": 0.69,
            "stock": 0.49,
            "eps": 1.02
        },
        "2008": {
            "cash": 0.1,
            "stock": 0.9,
            "eps": 1.06
        },
        "2009": {
            "cash": 0.5,
            "stock": 0.5,
            "eps": 0.17
        },
        "2010": {
            "cash": 0.2,
            "stock": 0,
            "eps": 0.5
        },
        "2011": {
            "cash": 0.2,
            "stock": 0.2,
            "eps": 1.59
        },
        "2012": {
            "cash": 0.6,
            "stock": 0.5,
            "eps": 2.08
        },
        "2013": {
            "cash": 1.5,
            "stock": 0,
            "eps": 2.09
        },
        "2014": {
            "cash": 1.7,
            "stock": 0,
            "eps": 2.34
        },
        "2015": {
            "cash": 1.8,
            "stock": 0,
            "eps": 2.43
        },
        "2016": {
            "cash": 1.8,
            "stock": 0,
            "eps": 3.01
        },
        "2017": {
            "cash": 2.2,
            "stock": 0,
            "eps": 2.49
        },
        "2018": {
            "cash": 2,
            "stock": 0,
            "eps": 2.8
        },
        "2019": {
            "cash": 2,
            "stock": 0,
            "eps": 2.13
        },
        "2020": {
            "cash": 1.6,
            "stock": 0,
            "eps": 2.72
        },
        "2021": {
            "cash": 2,
            "stock": 0,
            "eps": 1.98
        },
        "2022": {
            "cash": 1.8,
            "stock": 0,
            "eps": 2.67
        },
        "2023": {
            "cash": 2,
            "stock": 0,
            "eps": 0.42
        }
    },
    "dividends": {
        "1998-06-30": {
            "cash": 0,
            "stock": 1
        },
        "1999-03-17": {
            "cash": 0,
            "stock": 0.5
        },
        "2000-03-24": {
            "cash": 0,
            "stock": 0.5
        },
        "2001-03-29": {
            "cash": 0.1,
            "stock": 0.7
        },
        "2002-04-30": {
            "cash": 0.1,
            "stock": 0.4
        },
        "2003-05-15": {
            "cash": 0.6,
            "stock": 0
        },
        "2004-02-23": {
            "cash": 0.8,
            "stock": 0.8
        },
        "2005-03-16": {
            "cash": 0.9,
            "stock": 0.3
        },
        "2006-03-22": {
            "cash": 0.69,
            "stock": 0.49
        },
        "2007-03-22": {
            "cash": 0.69,
            "stock": 0.49
        },
        "2008-03-20": {
            "cash": 0.1,
            "stock": 0.9
        },
        "2009-03-18": {
            "cash": 0.5,
            "stock": 0.5
        },
        "2010-04-13": {
            "cash": 0.2,
            "stock": 0
        },
        "2011-04-13": {
            "cash": 0.2,
            "stock": 0.2
        },
        "2012-05-25": {
            "cash": 0.6,
            "stock": 0.5
        },
        "2013-06-26": {
            "cash": 1.5,
            "stock": 0
        },
        "2014-05-27": {
            "cash": 1.7,
            "stock": 0
        },
        "2015-08-07": {
            "cash": 1.8,
            "stock": 0
        },
        "2016-07-15": {
            "cash": 1.8,
            "stock": 0
        },
        "2017-07-11": {
            "cash": 2.2,
            "stock": 0
        },
        "2018-07-31": {
            "cash": 2,
            "stock": 0
        },
        "2019-07-11": {
            "cash": 2,
            "stock": 0
        },
        "2020-07-15": {
            "cash": 1.6,
            "stock": 0
        },
        "2021-09-16": {
            "cash": 2,
            "stock": 0
        },
        "2022-07-13": {
            "cash": 1.8,
            "stock": 0
        },
        "2023-07-12": {
            "cash": 2,
            "stock": 0
        }
    },
    "prices": {
        "200101": "13.52",
        "200102": "16.87",
        "200103": "19.90",
        "200104": "18.28",
        "200105": "17.62",
        "200106": "17.22",
        "200107": "14.35",
        "200108": "13.50",
        "200109": "12.41",
        "200110": "12.59",
        "200111": "13.27",
        "200112": "14.32",
        "200201": "13.57",
        "200202": "13.73",
        "200203": "13.35",
        "200204": "15.78",
        "200205": "14.98",
        "200206": "13.55",
        "200207": "14.06",
        "200208": "13.79",
        "200209": "12.96",
        "200210": "13.36",
        "200211": "14.13",
        "200212": "14.63",
        "200301": "16.58",
        "200302": "17.08",
        "200303": "16.70",
        "200304": "16.68",
        "200305": "16.48",
        "200306": "16.35",
        "200307": "16.76",
        "200308": "16.76",
        "200309": "19.32",
        "200310": "25.78",
        "200311": "24.42",
        "200312": "29.29",
        "200401": "32.91",
        "200402": "31.04",
        "200403": "30.73",
        "200404": "31.65",
        "200405": "25.44",
        "200406": "23.67",
        "200407": "20.34",
        "200408": "20.50",
        "200409": "19.97",
        "200410": "18.82",
        "200411": "18.99",
        "200412": "18.21",
        "200501": "17.84",
        "200502": "18.52",
        "200503": "19.39",
        "200504": "18.24",
        "200505": "17.90",
        "200506": "17.91",
        "200507": "17.71",
        "200508": "17.38",
        "200509": "16.68",
        "200510": "16.84",
        "200511": "16.60",
        "200512": "18.39",
        "200601": "18.86",
        "200602": "18.96",
        "200603": "19.25",
        "200604": "19.59",
        "200605": "26.26",
        "200606": "25.81",
        "200607": "21.49",
        "200608": "19.10",
        "200609": "19.92",
        "200610": "20.58",
        "200611": "20.16",
        "200612": "21.42",
        "200701": "20.96",
        "200702": "21.02",
        "200703": "21.57",
        "200704": "25.84",
        "200705": "24.74",
        "200706": "23.41",
        "200707": "22.37",
        "200708": "19.53",
        "200709": "19.09",
        "200710": "17.72",
        "200711": "16.29",
        "200712": "15.97",
        "200801": "16.49",
        "200802": "16.07",
        "200803": "16.70",
        "200804": "17.80",
        "200805": "16.88",
        "200806": "16.10",
        "200807": "14.88",
        "200808": "14.17",
        "200809": "12.71",
        "200810": "10.98",
        "200811": "9.89",
        "200812": "10.00",
        "200901": "9.73",
        "200902": "10.13",
        "200903": "10.45",
        "200904": "11.37",
        "200905": "12.58",
        "200906": "15.88",
        "200907": "15.20",
        "200908": "13.99",
        "200909": "14.25",
        "200910": "13.99",
        "200911": "13.67",
        "200912": "13.72",
        "201001": "13.98",
        "201002": "13.52",
        "201003": "14.16",
        "201004": "15.91",
        "201005": "15.35",
        "201006": "15.10",
        "201007": "16.43",
        "201008": "18.47",
        "201009": "18.30",
        "201010": "16.59",
        "201011": "15.36",
        "201012": "15.05",
        "201101": "15.22",
        "201102": "14.84",
        "201103": "14.61",
        "201104": "15.56",
        "201105": "15.11",
        "201106": "14.53",
        "201107": "14.05",
        "201108": "13.68",
        "201109": "13.10",
        "201110": "13.86",
        "201111": "13.91",
        "201112": "13.40",
        "201201": "14.37",
        "201202": "15.44",
        "201203": "16.96",
        "201204": "16.71",
        "201205": "17.10",
        "201206": "17.35",
        "201207": "17.49",
        "201208": "17.90",
        "201209": "17.61",
        "201210": "17.34",
        "201211": "17.13",
        "201212": "18.30",
        "201301": "19.49",
        "201302": "19.96",
        "201303": "20.61",
        "201304": "20.38",
        "201305": "20.62",
        "201306": "19.95",
        "201307": "20.24",
        "201308": "20.37",
        "201309": "20.12",
        "201310": "19.66",
        "201311": "21.35",
        "201312": "27.86",
        "201401": "28.95",
        "201402": "27.18",
        "201403": "29.50",
        "201404": "33.99",
        "201405": "34.70",
        "201406": "34.61",
        "201407": "31.77",
        "201408": "31.06",
        "201409": "31.38",
        "201410": "29.54",
        "201411": "27.62",
        "201412": "27.23",
        "201501": "27.18",
        "201502": "28.10",
        "201503": "28.58",
        "201504": "29.05",
        "201505": "28.15",
        "201506": "26.92",
        "201507": "24.67",
        "201508": "21.48",
        "201509": "20.33",
        "201510": "21.13",
        "201511": "22.77",
        "201512": "23.01",
        "201601": "23.23",
        "201602": "24.28",
        "201603": "25.72",
        "201604": "25.64",
        "201605": "24.85",
        "201606": "25.49",
        "201607": "24.95",
        "201608": "25.31",
        "201609": "25.85",
        "201610": "27.00",
        "201611": "27.56",
        "201612": "28.22",
        "201701": "28.99",
        "201702": "29.20",
        "201703": "31.08",
        "201704": "32.57",
        "201705": "33.75",
        "201706": "33.37",
        "201707": "31.16",
        "201708": "30.56",
        "201709": "31.54",
        "201710": "32.50",
        "201711": "31.30",
        "201712": "30.78",
        "201801": "30.86",
        "201802": "30.93",
        "201803": "31.98",
        "201804": "31.90",
        "201805": "32.47",
        "201806": "32.34",
        "201807": "30.68",
        "201808": "31.63",
        "201809": "31.68",
        "201810": "31.07",
        "201811": "30.00",
        "201812": "29.98",
        "201901": "30.05",
        "201902": "30.50",
        "201903": "30.56",
        "201904": "30.37",
        "201905": "29.81",
        "201906": "28.67",
        "201907": "27.98",
        "201908": "24.12",
        "201909": "24.01",
        "201910": "23.73",
        "201911": "24.16",
        "201912": "24.44",
        "202001": "24.14",
        "202002": "23.57",
        "202003": "22.33",
        "202004": "23.61",
        "202005": "25.25",
        "202006": "25.82",
        "202007": "26.10",
        "202008": "27.36",
        "202009": "27.88",
        "202010": "27.93",
        "202011": "28.12",
        "202012": "27.68",
        "202101": "27.80",
        "202102": "28.10",
        "202103": "29.63",
        "202104": "31.13",
        "202105": "30.19",
        "202106": "29.61",
        "202107": "29.46",
        "202108": "28.20",
        "202109": "27.59",
        "202110": "27.58",
        "202111": "27.36",
        "202112": "27.34",
        "202201": "27.24",
        "202202": "27.39",
        "202203": "27.95",
        "202204": "27.44",
        "202205": "27.56",
        "202206": "26.94",
        "202207": "26.16",
        "202208": "26.85",
        "202209": "26.70",
        "202210": "26.29",
        "202211": "26.76",
        "202212": "28.28",
        "202301": "28.64",
        "202302": "28.97",
        "202303": "29.81",
        "202304": "31.40",
        "202305": "32.49",
        "202306": "33.79"
    },
    "quarters": {
        "20011": {
            "year_quarter": 20011,
            "year": 2001,
            "quarter": 1,
            "eps": 0.14,
            "eps_growth_year": -41.67,
            "eps_4q": 0.72,
            "eps_4q_growth_year": 48.97,
            "roe": 1.29,
            "roe_4q": 1.29,
            "gross_profit": 29086,
            "gross_margin": 19.21,
            "gross_margin_4q_avg": 19.21,
            "net_income": 4113,
            "revenue": 151432,
            "common_shares": 278933,
            "book_valuer_per_share": 11.37,
            "book_valuer_per_share_4q_avg": 11.37,
            "equity": 317124,
            "current_ratio": 133.93,
            "debt_ratio": 55.84,
            "inventory_turnover_ratio": 0.83,
            "account_receivable_turnover_ratio": null,
            "reinvestment_rate": null,
            "research_to_sale_ratio": null,
            "price_fair": 0,
            "eps_avg_yearly": 0,
            "eps_latest_yearly": 0,
            "eps_growth_yearly": 0
        },
        "20012": {
            "year_quarter": 20012,
            "year": 2001,
            "quarter": 2,
            "eps": 0.2,
            "eps_growth_year": -23.08,
            "eps_4q": 0.66,
            "eps_4q_growth_year": null,
            "roe": 1.88,
            "roe_4q": 3.17,
            "gross_profit": 34450,
            "gross_margin": 18.27,
            "gross_margin_4q_avg": 18.74,
            "net_income": 6071,
            "revenue": 188526,
            "common_shares": 278933,
            "book_valuer_per_share": 11.76,
            "book_valuer_per_share_4q_avg": 11.57,
            "equity": 327890,
            "current_ratio": 129.49,
            "debt_ratio": 59.6,
            "inventory_turnover_ratio": 1.07,
            "account_receivable_turnover_ratio": null,
            "reinvestment_rate": null,
            "research_to_sale_ratio": null,
            "price_fair": 0,
            "eps_avg_yearly": 0,
            "eps_latest_yearly": 0,
            "eps_growth_yearly": 0
        },
        "20013": {
            "year_quarter": 20013,
            "year": 2001,
            "quarter": 3,
            "eps": -0.07,
            "eps_growth_year": -117.95,
            "eps_4q": 0.19,
            "eps_4q_growth_year": null,
            "roe": -0.61,
            "roe_4q": 2.56,
            "gross_profit": 23667,
            "gross_margin": 17.52,
            "gross_margin_4q_avg": 18.33,
            "net_income": -2211,
            "revenue": 135089,
            "common_shares": 348458,
            "book_valuer_per_share": 11.42,
            "book_valuer_per_share_4q_avg": 11.52,
            "equity": 397848,
            "current_ratio": 175.78,
            "debt_ratio": 44.85,
            "inventory_turnover_ratio": 0.76,
            "account_receivable_turnover_ratio": null,
            "reinvestment_rate": null,
            "research_to_sale_ratio": null,
            "price_fair": 0,
            "eps_avg_yearly": 0,
            "eps_latest_yearly": 0,
            "eps_growth_yearly": 0
        },
        "20014": {
            "year_quarter": 20014,
            "year": 2001,
            "quarter": 4,
            "eps": 0.21,
            "eps_growth_year": null,
            "eps_4q": 0.46,
            "eps_4q_growth_year": -45.43,
            "roe": 1.68,
            "roe_4q": 4.24,
            "gross_profit": 29462,
            "gross_margin": 21.28,
            "gross_margin_4q_avg": 19.07,
            "net_income": 6741,
            "revenue": 138467,
            "common_shares": 348458,
            "book_valuer_per_share": 11.64,
            "book_valuer_per_share_4q_avg": 11.55,
            "equity": 405629,
            "current_ratio": 192.16,
            "debt_ratio": 49.13,
            "inventory_turnover_ratio": 0.66,
            "account_receivable_turnover_ratio": null,
            "reinvestment_rate": null,
            "research_to_sale_ratio": null,
            "price_fair": 0,
            "eps_avg_yearly": 0,
            "eps_latest_yearly": 0,
            "eps_growth_yearly": 0
        },
        "20021": {
            "year_quarter": 20021,
            "year": 2002,
            "quarter": 1,
            "eps": -0.05,
            "eps_growth_year": -135.71,
            "eps_4q": 0.27,
            "eps_4q_growth_year": -62.86,
            "roe": -0.41,
            "roe_4q": 2.54,
            "gross_profit": 17272,
            "gross_margin": 12.9,
            "gross_margin_4q_avg": 17.49,
            "net_income": -1677,
            "revenue": 133889,
            "common_shares": 348458,
            "book_valuer_per_share": 11.59,
            "book_valuer_per_share_4q_avg": 11.6,
            "equity": 403952,
            "current_ratio": 169.49,
            "debt_ratio": 45.53,
            "inventory_turnover_ratio": 0.77,
            "account_receivable_turnover_ratio": null,
            "reinvestment_rate": null,
            "research_to_sale_ratio": null,
            "price_fair": 0,
            "eps_avg_yearly": 0,
            "eps_latest_yearly": 0,
            "eps_growth_yearly": 0
        },
        "20022": {
            "year_quarter": 20022,
            "year": 2002,
            "quarter": 2,
            "eps": 0.31,
            "eps_growth_year": 55,
            "eps_4q": 0.39,
            "eps_4q_growth_year": -40.84,
            "roe": 2.77,
            "roe_4q": 3.43,
            "gross_profit": 27919,
            "gross_margin": 16.47,
            "gross_margin_4q_avg": 17.04,
            "net_income": 11205,
            "revenue": 169543,
            "common_shares": 362396,
            "book_valuer_per_share": 11.21,
            "book_valuer_per_share_4q_avg": 11.47,
            "equity": 406173,
            "current_ratio": 144.55,
            "debt_ratio": 51.48,
            "inventory_turnover_ratio": 1.17,
            "account_receivable_turnover_ratio": null,
            "reinvestment_rate": null,
            "research_to_sale_ratio": null,
            "price_fair": 0,
            "eps_avg_yearly": 0,
            "eps_latest_yearly": 0,
            "eps_growth_yearly": 0
        },
        "20023": {
            "year_quarter": 20023,
            "year": 2002,
            "quarter": 3,
            "eps": 0.3,
            "eps_growth_year": null,
            "eps_4q": 0.75,
            "eps_4q_growth_year": 285.9,
            "roe": 2.62,
            "roe_4q": 6.66,
            "gross_profit": 30012,
            "gross_margin": 16.38,
            "gross_margin_4q_avg": 16.76,
            "net_income": 10852,
            "revenue": 183174,
            "common_shares": 362396,
            "book_valuer_per_share": 11.62,
            "book_valuer_per_share_4q_avg": 11.52,
            "equity": 421099,
            "current_ratio": 147.99,
            "debt_ratio": 50.34,
            "inventory_turnover_ratio": 1.17,
            "account_receivable_turnover_ratio": null,
            "reinvestment_rate": null,
            "research_to_sale_ratio": null,
            "price_fair": 3.6,
            "eps_avg_yearly": 1.2,
            "eps_latest_yearly": 1.2,
            "eps_growth_yearly": -12.9
        },
        "20024": {
            "year_quarter": 20024,
            "year": 2002,
            "quarter": 4,
            "eps": 0.22,
            "eps_growth_year": 4.76,
            "eps_4q": 0.78,
            "eps_4q_growth_year": 69.4,
            "roe": 1.92,
            "roe_4q": 6.9,
            "gross_profit": 34976,
            "gross_margin": 17.72,
            "gross_margin_4q_avg": 15.87,
            "net_income": 8057,
            "revenue": 197345,
            "common_shares": 362396,
            "book_valuer_per_share": 11.57,
            "book_valuer_per_share_4q_avg": 11.5,
            "equity": 419244,
            "current_ratio": 198.39,
            "debt_ratio": 57.51,
            "inventory_turnover_ratio": 0.88,
            "account_receivable_turnover_ratio": null,
            "reinvestment_rate": 69.84,
            "research_to_sale_ratio": null,
            "price_fair": 3.12,
            "eps_avg_yearly": 1.04,
            "eps_latest_yearly": 0.88,
            "eps_growth_yearly": -59.78
        },
        "20031": {
            "year_quarter": 20031,
            "year": 2003,
            "quarter": 1,
            "eps": 0.08,
            "eps_growth_year": null,
            "eps_4q": 0.95,
            "eps_4q_growth_year": 256.12,
            "roe": 0.66,
            "roe_4q": 7.970000000000001,
            "gross_profit": 29588,
            "gross_margin": 18.58,
            "gross_margin_4q_avg": 17.29,
            "net_income": 2777,
            "revenue": 159277,
            "common_shares": 362396,
            "book_valuer_per_share": 11.65,
            "book_valuer_per_share_4q_avg": 11.51,
            "equity": 422021,
            "current_ratio": 187.08,
            "debt_ratio": 52.65,
            "inventory_turnover_ratio": 0.62,
            "account_receivable_turnover_ratio": null,
            "reinvestment_rate": -2.87,
            "research_to_sale_ratio": null,
            "price_fair": 2.4,
            "eps_avg_yearly": 0.8,
            "eps_latest_yearly": 0.32,
            "eps_growth_yearly": -124.71
        },
        "20032": {
            "year_quarter": 20032,
            "year": 2003,
            "quarter": 2,
            "eps": 0.61,
            "eps_growth_year": 96.77,
            "eps_4q": 1.22,
            "eps_4q_growth_year": 213.35,
            "roe": 5.17,
            "roe_4q": 10.370000000000001,
            "gross_profit": 43543,
            "gross_margin": 18.79,
            "gross_margin_4q_avg": 17.87,
            "net_income": 21731,
            "revenue": 231698,
            "common_shares": 362396,
            "book_valuer_per_share": 11.56,
            "book_valuer_per_share_4q_avg": 11.6,
            "equity": 418943,
            "current_ratio": 205.72,
            "debt_ratio": 48.91,
            "inventory_turnover_ratio": 0.99,
            "account_receivable_turnover_ratio": null,
            "reinvestment_rate": 8.17,
            "research_to_sale_ratio": null,
            "price_fair": 42.35,
            "eps_avg_yearly": 1.21,
            "eps_latest_yearly": 2.44,
            "eps_growth_yearly": 568.97
        },
        "20033": {
            "year_quarter": 20033,
            "year": 2003,
            "quarter": 3,
            "eps": 0.85,
            "eps_growth_year": 183.33,
            "eps_4q": 1.76,
            "eps_4q_growth_year": 135.28,
            "roe": 7.01,
            "roe_4q": 14.76,
            "gross_profit": 46320,
            "gross_margin": 20.07,
            "gross_margin_4q_avg": 18.79,
            "net_income": 30285,
            "revenue": 230740,
            "common_shares": 362396,
            "book_valuer_per_share": 12.29,
            "book_valuer_per_share_4q_avg": 11.77,
            "equity": 445329,
            "current_ratio": 178.1,
            "debt_ratio": 51.94,
            "inventory_turnover_ratio": 0.9,
            "account_receivable_turnover_ratio": null,
            "reinvestment_rate": 3.52,
            "research_to_sale_ratio": null,
            "price_fair": 57.68,
            "eps_avg_yearly": 1.65,
            "eps_latest_yearly": 3.4,
            "eps_growth_yearly": 486.65
        },
        "20034": {
            "year_quarter": 20034,
            "year": 2003,
            "quarter": 4,
            "eps": 0.61,
            "eps_growth_year": 177.27,
            "eps_4q": 2.15,
            "eps_4q_growth_year": 176.27,
            "roe": 4.51,
            "roe_4q": 17.349999999999998,
            "gross_profit": 42352,
            "gross_margin": 16.93,
            "gross_margin_4q_avg": 18.59,
            "net_income": 21772,
            "revenue": 250218,
            "common_shares": 362396,
            "book_valuer_per_share": 12.85,
            "book_valuer_per_share_4q_avg": 12.09,
            "equity": 520246,
            "current_ratio": 174.8,
            "debt_ratio": 55.56,
            "inventory_turnover_ratio": 0.83,
            "account_receivable_turnover_ratio": null,
            "reinvestment_rate": 45.36,
            "research_to_sale_ratio": null,
            "price_fair": 62.3,
            "eps_avg_yearly": 1.78,
            "eps_latest_yearly": 2.44,
            "eps_growth_yearly": 386.72
        },
        "20041": {
            "year_quarter": 20041,
            "year": 2004,
            "quarter": 1,
            "eps": 0.18,
            "eps_growth_year": 125,
            "eps_4q": 2.25,
            "eps_4q_growth_year": 137.37,
            "roe": 1.29,
            "roe_4q": 17.979999999999997,
            "gross_profit": 29115,
            "gross_margin": 16.45,
            "gross_margin_4q_avg": 18.06,
            "net_income": 6419,
            "revenue": 176990,
            "common_shares": 362396,
            "book_valuer_per_share": 13.17,
            "book_valuer_per_share_4q_avg": 12.47,
            "equity": 477138,
            "current_ratio": 162.59,
            "debt_ratio": 51.76,
            "inventory_turnover_ratio": 0.61,
            "account_receivable_turnover_ratio": null,
            "reinvestment_rate": 7.71,
            "research_to_sale_ratio": null,
            "price_fair": 57,
            "eps_avg_yearly": 1.63,
            "eps_latest_yearly": 0.72,
            "eps_growth_yearly": 291.19
        },
        "20042": {
            "year_quarter": 20042,
            "year": 2004,
            "quarter": 2,
            "eps": 0.54,
            "eps_growth_year": -11.48,
            "eps_4q": 2.05,
            "eps_4q_growth_year": 68.35,
            "roe": 4.43,
            "roe_4q": 17.240000000000002,
            "gross_profit": 42003,
            "gross_margin": 19.36,
            "gross_margin_4q_avg": 18.2,
            "net_income": 20887,
            "revenue": 216942,
            "common_shares": 362396,
            "book_valuer_per_share": 12.83,
            "book_valuer_per_share_4q_avg": 12.79,
            "equity": 464792,
            "current_ratio": 265.31,
            "debt_ratio": 55.69,
            "inventory_turnover_ratio": 0.86,
            "account_receivable_turnover_ratio": null,
            "reinvestment_rate": 7.07,
            "research_to_sale_ratio": null,
            "price_fair": 59.33,
            "eps_avg_yearly": 1.7,
            "eps_latest_yearly": 2.16,
            "eps_growth_yearly": 354.79
        },
        "20043": {
            "year_quarter": 20043,
            "year": 2004,
            "quarter": 3,
            "eps": 0.64,
            "eps_growth_year": -24.71,
            "eps_4q": 1.89,
            "eps_4q_growth_year": 7.23,
            "roe": 5.25,
            "roe_4q": 15.479999999999999,
            "gross_profit": 44789,
            "gross_margin": 19.13,
            "gross_margin_4q_avg": 17.97,
            "net_income": 25096,
            "revenue": 234162,
            "common_shares": 391388,
            "book_valuer_per_share": 12.55,
            "book_valuer_per_share_4q_avg": 12.85,
            "equity": 491100,
            "current_ratio": 266.5,
            "debt_ratio": 55.1,
            "inventory_turnover_ratio": 0.88,
            "account_receivable_turnover_ratio": null,
            "reinvestment_rate": 1.86,
            "research_to_sale_ratio": null,
            "price_fair": 62.69,
            "eps_avg_yearly": 1.79,
            "eps_latest_yearly": 2.56,
            "eps_growth_yearly": 323.6
        },
        "20044": {
            "year_quarter": 20044,
            "year": 2004,
            "quarter": 4,
            "eps": 0.31,
            "eps_growth_year": -49.18,
            "eps_4q": 1.66,
            "eps_4q_growth_year": -22.79,
            "roe": 2.35,
            "roe_4q": 13.32,
            "gross_profit": 49738,
            "gross_margin": 18.41,
            "gross_margin_4q_avg": 18.34,
            "net_income": 12067,
            "revenue": 270198,
            "common_shares": 391388,
            "book_valuer_per_share": 12.39,
            "book_valuer_per_share_4q_avg": 12.74,
            "equity": 534472,
            "current_ratio": 244.43,
            "debt_ratio": 56.41,
            "inventory_turnover_ratio": 0.84,
            "account_receivable_turnover_ratio": null,
            "reinvestment_rate": 33.33,
            "research_to_sale_ratio": null,
            "price_fair": 60.76,
            "eps_avg_yearly": 1.74,
            "eps_latest_yearly": 1.24,
            "eps_growth_yearly": 270.62
        },
        "20051": {
            "year_quarter": 20051,
            "year": 2005,
            "quarter": 1,
            "eps": 0.16,
            "eps_growth_year": -11.11,
            "eps_4q": 1.67,
            "eps_4q_growth_year": -25.82,
            "roe": 1.2,
            "roe_4q": 13.23,
            "gross_profit": 35723,
            "gross_margin": 18.77,
            "gross_margin_4q_avg": 18.92,
            "net_income": 6157,
            "revenue": 190313,
            "common_shares": 391388,
            "book_valuer_per_share": 12.53,
            "book_valuer_per_share_4q_avg": 12.58,
            "equity": 490338,
            "current_ratio": 284.81,
            "debt_ratio": 52.45,
            "inventory_turnover_ratio": 0.61,
            "account_receivable_turnover_ratio": null,
            "reinvestment_rate": -0.91,
            "research_to_sale_ratio": null,
            "price_fair": 57.27,
            "eps_avg_yearly": 1.64,
            "eps_latest_yearly": 0.64,
            "eps_growth_yearly": 228.42
        },
        "20052": {
            "year_quarter": 20052,
            "year": 2005,
            "quarter": 2,
            "eps": 0.35,
            "eps_growth_year": -35.19,
            "eps_4q": 1.46,
            "eps_4q_growth_year": -28.85,
            "roe": 2.87,
            "roe_4q": 11.67,
            "gross_profit": 41085,
            "gross_margin": 16.76,
            "gross_margin_4q_avg": 18.27,
            "net_income": 13661,
            "revenue": 245154,
            "common_shares": 391388,
            "book_valuer_per_share": 11.82,
            "book_valuer_per_share_4q_avg": 12.32,
            "equity": 462580,
            "current_ratio": 241.17,
            "debt_ratio": 56.3,
            "inventory_turnover_ratio": 0.95,
            "account_receivable_turnover_ratio": null,
            "reinvestment_rate": -0.8,
            "research_to_sale_ratio": null,
            "price_fair": 56.58,
            "eps_avg_yearly": 1.62,
            "eps_latest_yearly": 1.4,
            "eps_growth_yearly": 248.97
        },
        "20053": {
            "year_quarter": 20053,
            "year": 2005,
            "quarter": 3,
            "eps": 0.39,
            "eps_growth_year": -39.06,
            "eps_4q": 1.18,
            "eps_4q_growth_year": -37.67,
            "roe": 3.32,
            "roe_4q": 9.74,
            "gross_profit": 46103,
            "gross_margin": 20.38,
            "gross_margin_4q_avg": 18.58,
            "net_income": 15761,
            "revenue": 226219,
            "common_shares": 403130,
            "book_valuer_per_share": 12.07,
            "book_valuer_per_share_4q_avg": 12.2,
            "equity": 486646,
            "current_ratio": 237.89,
            "debt_ratio": 55.16,
            "inventory_turnover_ratio": 0.78,
            "account_receivable_turnover_ratio": null,
            "reinvestment_rate": -1.14,
            "research_to_sale_ratio": null,
            "price_fair": 56.43,
            "eps_avg_yearly": 1.61,
            "eps_latest_yearly": 1.56,
            "eps_growth_yearly": 233.33
        },
        "20054": {
            "year_quarter": 20054,
            "year": 2005,
            "quarter": 4,
            "eps": 0.65,
            "eps_growth_year": 109.68,
            "eps_4q": 1.53,
            "eps_4q_growth_year": -7.45,
            "roe": 4.94,
            "roe_4q": 12.329999999999998,
            "gross_profit": 48584,
            "gross_margin": 18.33,
            "gross_margin_4q_avg": 18.56,
            "net_income": 26194,
            "revenue": 265027,
            "common_shares": 403130,
            "book_valuer_per_share": 12.8,
            "book_valuer_per_share_4q_avg": 12.31,
            "equity": 573396,
            "current_ratio": 220.27,
            "debt_ratio": 58.53,
            "inventory_turnover_ratio": 0.75,
            "account_receivable_turnover_ratio": null,
            "reinvestment_rate": 30.03,
            "research_to_sale_ratio": null,
            "price_fair": 58.9,
            "eps_avg_yearly": 1.68,
            "eps_latest_yearly": 2.6,
            "eps_growth_yearly": 235.71
        },
        "20061": {
            "year_quarter": 20061,
            "year": 2006,
            "quarter": 1,
            "eps": 0.23,
            "eps_growth_year": 43.75,
            "eps_4q": 1.62,
            "eps_4q_growth_year": -3.05,
            "roe": 1.68,
            "roe_4q": 12.809999999999999,
            "gross_profit": 32415,
            "gross_margin": 16.5,
            "gross_margin_4q_avg": 17.99,
            "net_income": 9218,
            "revenue": 196444,
            "common_shares": 403130,
            "book_valuer_per_share": 12.97,
            "book_valuer_per_share_4q_avg": 12.42,
            "equity": 522795,
            "current_ratio": 321.98,
            "debt_ratio": 49.66,
            "inventory_turnover_ratio": 0.59,
            "account_receivable_turnover_ratio": null,
            "reinvestment_rate": -1.38,
            "research_to_sale_ratio": null,
            "price_fair": 57.12,
            "eps_avg_yearly": 1.63,
            "eps_latest_yearly": 0.92,
            "eps_growth_yearly": 202.77
        },
        "20062": {
            "year_quarter": 20062,
            "year": 2006,
            "quarter": 2,
            "eps": 0.56,
            "eps_growth_year": 60,
            "eps_4q": 1.84,
            "eps_4q_growth_year": 25.72,
            "roe": 4.3,
            "roe_4q": 14.24,
            "gross_profit": 50184,
            "gross_margin": 19.73,
            "gross_margin_4q_avg": 18.74,
            "net_income": 22470,
            "revenue": 254321,
            "common_shares": 410013,
            "book_valuer_per_share": 12.76,
            "book_valuer_per_share_4q_avg": 12.65,
            "equity": 523311,
            "current_ratio": 230.55,
            "debt_ratio": 53.48,
            "inventory_turnover_ratio": 0.92,
            "account_receivable_turnover_ratio": null,
            "reinvestment_rate": 2.8,
            "research_to_sale_ratio": null,
            "price_fair": 58.45,
            "eps_avg_yearly": 1.67,
            "eps_latest_yearly": 2.24,
            "eps_growth_yearly": 225.97
        },
        "20063": {
            "year_quarter": 20063,
            "year": 2006,
            "quarter": 3,
            "eps": 0.67,
            "eps_growth_year": 71.79,
            "eps_4q": 2.04,
            "eps_4q_growth_year": 72.76,
            "roe": 5.26,
            "roe_4q": 16.18,
            "gross_profit": 53435,
            "gross_margin": 18.85,
            "gross_margin_4q_avg": 18.35,
            "net_income": 28373,
            "revenue": 283435,
            "common_shares": 430216,
            "book_valuer_per_share": 12.93,
            "book_valuer_per_share_4q_avg": 12.87,
            "equity": 556357,
            "current_ratio": 211.13,
            "debt_ratio": 54.15,
            "inventory_turnover_ratio": 0.96,
            "account_receivable_turnover_ratio": null,
            "reinvestment_rate": 3.52,
            "research_to_sale_ratio": null,
            "price_fair": 61.69,
            "eps_avg_yearly": 1.76,
            "eps_latest_yearly": 2.68,
            "eps_growth_yearly": 231.68
        },
        "20064": {
            "year_quarter": 20064,
            "year": 2006,
            "quarter": 4,
            "eps": 0.3,
            "eps_growth_year": -53.85,
            "eps_4q": 1.72,
            "eps_4q_growth_year": 12.08,
            "roe": 2.12,
            "roe_4q": 13.36,
            "gross_profit": 39100,
            "gross_margin": 15.32,
            "gross_margin_4q_avg": 17.6,
            "net_income": 12706,
            "revenue": 255298,
            "common_shares": 430216,
            "book_valuer_per_share": 13.47,
            "book_valuer_per_share_4q_avg": 13.03,
            "equity": 643863,
            "current_ratio": 201.08,
            "debt_ratio": 56.56,
            "inventory_turnover_ratio": 0.73,
            "account_receivable_turnover_ratio": null,
            "reinvestment_rate": 33.25,
            "research_to_sale_ratio": null,
            "price_fair": 62.39,
            "eps_avg_yearly": 1.78,
            "eps_latest_yearly": 1.2,
            "eps_growth_yearly": 224.54
        },
        "20071": {
            "year_quarter": 20071,
            "year": 2007,
            "quarter": 1,
            "eps": -0.12,
            "eps_growth_year": -152.17,
            "eps_4q": 1.3,
            "eps_4q_growth_year": -19.62,
            "roe": -0.88,
            "roe_4q": 10.8,
            "gross_profit": 26822,
            "gross_margin": 12.83,
            "gross_margin_4q_avg": 16.68,
            "net_income": -5369,
            "revenue": 209134,
            "common_shares": 430362,
            "book_valuer_per_share": 13.49,
            "book_valuer_per_share_4q_avg": 13.16,
            "equity": 580422,
            "current_ratio": 218.97,
            "debt_ratio": 51.08,
            "inventory_turnover_ratio": 0.61,
            "account_receivable_turnover_ratio": null,
            "reinvestment_rate": 5.38,
            "research_to_sale_ratio": null,
            "price_fair": 65.8,
            "eps_avg_yearly": 1.88,
            "eps_latest_yearly": 1.2,
            "eps_growth_yearly": 256.48
        },
        "20072": {
            "year_quarter": 20072,
            "year": 2007,
            "quarter": 2,
            "eps": 0.48,
            "eps_growth_year": -14.29,
            "eps_4q": 1.29,
            "eps_4q_growth_year": -29.6,
            "roe": 3.66,
            "roe_4q": 10.16,
            "gross_profit": 37345,
            "gross_margin": 13.27,
            "gross_margin_4q_avg": 15.07,
            "net_income": 21109,
            "revenue": 281491,
            "common_shares": 435436,
            "book_valuer_per_share": 13.14,
            "book_valuer_per_share_4q_avg": 13.26,
            "equity": 572208,
            "current_ratio": 170.59,
            "debt_ratio": 55.94,
            "inventory_turnover_ratio": 0.97,
            "account_receivable_turnover_ratio": null,
            "reinvestment_rate": 6.4,
            "research_to_sale_ratio": null,
            "price_fair": 64.4,
            "eps_avg_yearly": 1.84,
            "eps_latest_yearly": 1.2,
            "eps_growth_yearly": 85.52
        },
        "20073": {
            "year_quarter": 20073,
            "year": 2007,
            "quarter": 3,
            "eps": 0.37,
            "eps_growth_year": -44.78,
            "eps_4q": 1,
            "eps_4q_growth_year": -50.76,
            "roe": 2.85,
            "roe_4q": 7.75,
            "gross_profit": 44409,
            "gross_margin": 15.53,
            "gross_margin_4q_avg": 14.24,
            "net_income": 16631,
            "revenue": 286036,
            "common_shares": 457922,
            "book_valuer_per_share": 12.96,
            "book_valuer_per_share_4q_avg": 13.27,
            "equity": 593681,
            "current_ratio": 177.09,
            "debt_ratio": 53.62,
            "inventory_turnover_ratio": 1,
            "account_receivable_turnover_ratio": null,
            "reinvestment_rate": 9.54,
            "research_to_sale_ratio": null,
            "price_fair": 59.6,
            "eps_avg_yearly": 1.7,
            "eps_latest_yearly": 1.48,
            "eps_growth_yearly": 67.73
        },
        "20074": {
            "year_quarter": 20074,
            "year": 2007,
            "quarter": 4,
            "eps": 0.29,
            "eps_growth_year": -3.33,
            "eps_4q": 0.99,
            "eps_4q_growth_year": -42.28,
            "roe": 2.1,
            "roe_4q": 7.7299999999999995,
            "gross_profit": 42981,
            "gross_margin": 16.04,
            "gross_margin_4q_avg": 14.42,
            "net_income": 13378,
            "revenue": 268041,
            "common_shares": 457922,
            "book_valuer_per_share": 13.33,
            "book_valuer_per_share_4q_avg": 13.23,
            "equity": 682713,
            "current_ratio": 200.72,
            "debt_ratio": 57.21,
            "inventory_turnover_ratio": 0.73,
            "account_receivable_turnover_ratio": null,
            "reinvestment_rate": 44.24,
            "research_to_sale_ratio": null,
            "price_fair": 56.4,
            "eps_avg_yearly": 1.61,
            "eps_latest_yearly": 1.16,
            "eps_growth_yearly": 69.62
        },
        "20081": {
            "year_quarter": 20081,
            "year": 2008,
            "quarter": 1,
            "eps": 0.12,
            "eps_growth_year": null,
            "eps_4q": 1.55,
            "eps_4q_growth_year": 19.24,
            "roe": 0.64,
            "roe_4q": 9.25,
            "gross_profit": 70890,
            "gross_margin": 18.26,
            "gross_margin_4q_avg": 15.78,
            "net_income": 4382,
            "revenue": 388162,
            "common_shares": 457922,
            "book_valuer_per_share": 13.3,
            "book_valuer_per_share_4q_avg": 13.18,
            "equity": 678468,
            "current_ratio": 195.83,
            "debt_ratio": 57.92,
            "inventory_turnover_ratio": 0.81,
            "account_receivable_turnover_ratio": null,
            "reinvestment_rate": 72.37,
            "research_to_sale_ratio": null,
            "price_fair": 55.8,
            "eps_avg_yearly": 1.59,
            "eps_latest_yearly": 0.48,
            "eps_growth_yearly": 73.01
        },
        "20082": {
            "year_quarter": 20082,
            "year": 2008,
            "quarter": 2,
            "eps": 0.48,
            "eps_growth_year": 0,
            "eps_4q": 1.06,
            "eps_4q_growth_year": -18.12,
            "roe": 3.94,
            "roe_4q": 9.53,
            "gross_profit": 104276,
            "gross_margin": 20.55,
            "gross_margin_4q_avg": 17.6,
            "net_income": 27096,
            "revenue": 507423,
            "common_shares": 457922,
            "book_valuer_per_share": 13.62,
            "book_valuer_per_share_4q_avg": 13.3,
            "equity": 697892,
            "current_ratio": 146.41,
            "debt_ratio": 61.45,
            "inventory_turnover_ratio": 0.97,
            "account_receivable_turnover_ratio": null,
            "reinvestment_rate": 90.26,
            "research_to_sale_ratio": null,
            "price_fair": 55.2,
            "eps_avg_yearly": 1.58,
            "eps_latest_yearly": 1.92,
            "eps_growth_yearly": 101.58
        },
        "20083": {
            "year_quarter": 20083,
            "year": 2008,
            "quarter": 3,
            "eps": 0.35,
            "eps_growth_year": -5.41,
            "eps_4q": 1.29,
            "eps_4q_growth_year": 28.29,
            "roe": 2.31,
            "roe_4q": 8.99,
            "gross_profit": 106075,
            "gross_margin": 20.88,
            "gross_margin_4q_avg": 18.93,
            "net_income": 16455,
            "revenue": 508072,
            "common_shares": 499135,
            "book_valuer_per_share": 12.96,
            "book_valuer_per_share_4q_avg": 13.3,
            "equity": 729711,
            "current_ratio": 136.55,
            "debt_ratio": 61.83,
            "inventory_turnover_ratio": 0.9,
            "account_receivable_turnover_ratio": null,
            "reinvestment_rate": 118.25,
            "research_to_sale_ratio": null,
            "price_fair": 52.3,
            "eps_avg_yearly": 1.49,
            "eps_latest_yearly": 1.4,
            "eps_growth_yearly": 88.55
        },
        "20084": {
            "year_quarter": 20084,
            "year": 2008,
            "quarter": 4,
            "eps": 0.11,
            "eps_growth_year": -62.07,
            "eps_4q": 3.27,
            "eps_4q_growth_year": 229.38,
            "roe": 0.24,
            "roe_4q": 7.13,
            "gross_profit": 82089,
            "gross_margin": 19.39,
            "gross_margin_4q_avg": 19.77,
            "net_income": 1775,
            "revenue": 423256,
            "common_shares": 499135,
            "book_valuer_per_share": 13.19,
            "book_valuer_per_share_4q_avg": 13.27,
            "equity": 729293,
            "current_ratio": 145.47,
            "debt_ratio": 57.74,
            "inventory_turnover_ratio": 0.82,
            "account_receivable_turnover_ratio": 2.12,
            "reinvestment_rate": 101.75,
            "research_to_sale_ratio": null,
            "price_fair": 50.3,
            "eps_avg_yearly": 1.44,
            "eps_latest_yearly": 0.44,
            "eps_growth_yearly": 83.69
        },
        "20091": {
            "year_quarter": 20091,
            "year": 2009,
            "quarter": 1,
            "eps": -0.31,
            "eps_growth_year": -358.33,
            "eps_4q": 0.64,
            "eps_4q_growth_year": -59,
            "roe": -2.93,
            "roe_4q": 3.5599999999999996,
            "gross_profit": 38874,
            "gross_margin": 14.25,
            "gross_margin_4q_avg": 18.77,
            "net_income": -21126,
            "revenue": 272750,
            "common_shares": 499135,
            "book_valuer_per_share": 12.97,
            "book_valuer_per_share_4q_avg": 13.19,
            "equity": 714496,
            "current_ratio": 160.25,
            "debt_ratio": 54.63,
            "inventory_turnover_ratio": 0.67,
            "account_receivable_turnover_ratio": 0.76,
            "reinvestment_rate": 154.45,
            "research_to_sale_ratio": null,
            "price_fair": 52.45,
            "eps_avg_yearly": 1.5,
            "eps_latest_yearly": 0.44,
            "eps_growth_yearly": 105.02
        },
        "20092": {
            "year_quarter": 20092,
            "year": 2009,
            "quarter": 2,
            "eps": 0.22,
            "eps_growth_year": -54.17,
            "eps_4q": 0.3,
            "eps_4q_growth_year": -72.02,
            "roe": 2.01,
            "roe_4q": 1.6299999999999997,
            "gross_profit": 97117,
            "gross_margin": 22.71,
            "gross_margin_4q_avg": 19.31,
            "net_income": 14056,
            "revenue": 427683,
            "common_shares": 499135,
            "book_valuer_per_share": 12.37,
            "book_valuer_per_share_4q_avg": 12.87,
            "equity": 682695,
            "current_ratio": 153.8,
            "debt_ratio": 58.32,
            "inventory_turnover_ratio": 1.11,
            "account_receivable_turnover_ratio": 1.2,
            "reinvestment_rate": 150.01,
            "research_to_sale_ratio": null,
            "price_fair": 52.73,
            "eps_avg_yearly": 1.51,
            "eps_latest_yearly": 0.44,
            "eps_growth_yearly": 74.19
        },
        "20093": {
            "year_quarter": 20093,
            "year": 2009,
            "quarter": 3,
            "eps": 0.31,
            "eps_growth_year": -11.43,
            "eps_4q": 0.28,
            "eps_4q_growth_year": -78.03,
            "roe": 2.82,
            "roe_4q": 2.1399999999999997,
            "gross_profit": 117087,
            "gross_margin": 26.48,
            "gross_margin_4q_avg": 20.71,
            "net_income": 19373,
            "revenue": 442201,
            "common_shares": 524092,
            "book_valuer_per_share": 11.87,
            "book_valuer_per_share_4q_avg": 12.6,
            "equity": 689217,
            "current_ratio": 154.81,
            "debt_ratio": 56.11,
            "inventory_turnover_ratio": 1.18,
            "account_receivable_turnover_ratio": 1.09,
            "reinvestment_rate": 145.19,
            "research_to_sale_ratio": null,
            "price_fair": 51.8,
            "eps_avg_yearly": 1.48,
            "eps_latest_yearly": 1.24,
            "eps_growth_yearly": 84.01
        },
        "20094": {
            "year_quarter": 20094,
            "year": 2009,
            "quarter": 4,
            "eps": -0.05,
            "eps_growth_year": -145.45,
            "eps_4q": 0.18,
            "eps_4q_growth_year": -94.37,
            "roe": -0.87,
            "roe_4q": 1.0299999999999994,
            "gross_profit": 75582,
            "gross_margin": 21.27,
            "gross_margin_4q_avg": 21.18,
            "net_income": -6069,
            "revenue": 355284,
            "common_shares": 524092,
            "book_valuer_per_share": 12.35,
            "book_valuer_per_share_4q_avg": 12.39,
            "equity": 710858,
            "current_ratio": 146.06,
            "debt_ratio": 56.03,
            "inventory_turnover_ratio": 1,
            "account_receivable_turnover_ratio": 1.77,
            "reinvestment_rate": 163.04,
            "research_to_sale_ratio": null,
            "price_fair": 48.24,
            "eps_avg_yearly": 1.38,
            "eps_latest_yearly": 1.24,
            "eps_growth_yearly": 67.41
        },
        "20101": {
            "year_quarter": 20101,
            "year": 2010,
            "quarter": 1,
            "eps": -0.1,
            "eps_growth_year": null,
            "eps_4q": 0.38,
            "eps_4q_growth_year": -40.26,
            "roe": -0.89,
            "roe_4q": 3.0699999999999994,
            "gross_profit": 65745,
            "gross_margin": 19.01,
            "gross_margin_4q_avg": 22.37,
            "net_income": -6253,
            "revenue": 345786,
            "common_shares": 524092,
            "book_valuer_per_share": 12.1,
            "book_valuer_per_share_4q_avg": 12.17,
            "equity": 692337,
            "current_ratio": 138.01,
            "debt_ratio": 58.96,
            "inventory_turnover_ratio": 0.93,
            "account_receivable_turnover_ratio": 0.89,
            "reinvestment_rate": 264.19,
            "research_to_sale_ratio": 1.71,
            "price_fair": 49.84,
            "eps_avg_yearly": 1.42,
            "eps_latest_yearly": 1.24,
            "eps_growth_yearly": 100
        },
        "20102": {
            "year_quarter": 20102,
            "year": 2010,
            "quarter": 2,
            "eps": 0.34,
            "eps_growth_year": 53.74,
            "eps_4q": 0.5,
            "eps_4q_growth_year": 69.11,
            "roe": 3.04,
            "roe_4q": 4.1,
            "gross_profit": 119057,
            "gross_margin": 21.69,
            "gross_margin_4q_avg": 22.11,
            "net_income": 21305,
            "revenue": 548987,
            "common_shares": 524092,
            "book_valuer_per_share": 12.35,
            "book_valuer_per_share_4q_avg": 12.17,
            "equity": 710137,
            "current_ratio": 128.55,
            "debt_ratio": 60.35,
            "inventory_turnover_ratio": 1.31,
            "account_receivable_turnover_ratio": 1.23,
            "reinvestment_rate": 265.94,
            "research_to_sale_ratio": 1.27,
            "price_fair": 46.67,
            "eps_avg_yearly": 1.33,
            "eps_latest_yearly": 1.24,
            "eps_growth_yearly": 47.34
        },
        "20103": {
            "year_quarter": 20103,
            "year": 2010,
            "quarter": 3,
            "eps": 0.21,
            "eps_growth_year": -30.69,
            "eps_4q": 0.41,
            "eps_4q_growth_year": 44.15,
            "roe": 1.88,
            "roe_4q": 3.16,
            "gross_profit": 111533,
            "gross_margin": 20.71,
            "gross_margin_4q_avg": 20.67,
            "net_income": 13545,
            "revenue": 538492,
            "common_shares": 524092,
            "book_valuer_per_share": 12.69,
            "book_valuer_per_share_4q_avg": 12.37,
            "equity": 728596,
            "current_ratio": 170.27,
            "debt_ratio": 59.39,
            "inventory_turnover_ratio": 1.28,
            "account_receivable_turnover_ratio": 1.05,
            "reinvestment_rate": 285.54,
            "research_to_sale_ratio": 1.46,
            "price_fair": 35.69,
            "eps_avg_yearly": 1.13,
            "eps_latest_yearly": 0.84,
            "eps_growth_yearly": 21.62
        },
        "20104": {
            "year_quarter": 20104,
            "year": 2010,
            "quarter": 4,
            "eps": 0.05,
            "eps_growth_year": null,
            "eps_4q": 0.51,
            "eps_4q_growth_year": 175.53,
            "roe": 0.22,
            "roe_4q": 4.250000000000001,
            "gross_profit": 110280,
            "gross_margin": 21.92,
            "gross_margin_4q_avg": 20.83,
            "net_income": 1592,
            "revenue": 503201,
            "common_shares": 524092,
            "book_valuer_per_share": 12.32,
            "book_valuer_per_share_4q_avg": 12.37,
            "equity": 705582,
            "current_ratio": 157.28,
            "debt_ratio": 61.53,
            "inventory_turnover_ratio": 1.17,
            "account_receivable_turnover_ratio": 1,
            "reinvestment_rate": 204.36,
            "research_to_sale_ratio": 1.83,
            "price_fair": 22.69,
            "eps_avg_yearly": 1.02,
            "eps_latest_yearly": 0.2,
            "eps_growth_yearly": 12.3
        },
        "20111": {
            "year_quarter": 20111,
            "year": 2011,
            "quarter": 1,
            "eps": 0.03,
            "eps_growth_year": null,
            "eps_4q": 0.63,
            "eps_4q_growth_year": 66.78,
            "roe": -0.03,
            "roe_4q": 5.109999999999999,
            "gross_profit": 80644,
            "gross_margin": 20.24,
            "gross_margin_4q_avg": 21.14,
            "net_income": -211,
            "revenue": 398487,
            "common_shares": 524092,
            "book_valuer_per_share": 12.36,
            "book_valuer_per_share_4q_avg": 12.43,
            "equity": 706622,
            "current_ratio": 168.67,
            "debt_ratio": 60.4,
            "inventory_turnover_ratio": 0.9,
            "account_receivable_turnover_ratio": 0.88,
            "reinvestment_rate": 295.46,
            "research_to_sale_ratio": 1.57,
            "price_fair": 2.78,
            "eps_avg_yearly": 0.93,
            "eps_latest_yearly": 0.12,
            "eps_growth_yearly": -4.93
        },
        "20112": {
            "year_quarter": 20112,
            "year": 2011,
            "quarter": 2,
            "eps": 0.02,
            "eps_growth_year": -94.36,
            "eps_4q": 0.31,
            "eps_4q_growth_year": -38.39,
            "roe": 0.62,
            "roe_4q": 2.69,
            "gross_profit": 113105,
            "gross_margin": 20.06,
            "gross_margin_4q_avg": 20.73,
            "net_income": 4366,
            "revenue": 563706,
            "common_shares": 524092,
            "book_valuer_per_share": 12.09,
            "book_valuer_per_share_4q_avg": 12.37,
            "equity": 692634,
            "current_ratio": 156.45,
            "debt_ratio": 63.64,
            "inventory_turnover_ratio": 1.2,
            "account_receivable_turnover_ratio": 1.18,
            "reinvestment_rate": 332.17,
            "research_to_sale_ratio": 1.17,
            "price_fair": 2.55,
            "eps_avg_yearly": 0.85,
            "eps_latest_yearly": 0.08,
            "eps_growth_yearly": -16.61
        },
        "20113": {
            "year_quarter": 20113,
            "year": 2011,
            "quarter": 3,
            "eps": 0.85,
            "eps_growth_year": 294.92,
            "eps_4q": 0.95,
            "eps_4q_growth_year": 132.26,
            "roe": 6.96,
            "roe_4q": 7.77,
            "gross_profit": 164616,
            "gross_margin": 23.43,
            "gross_margin_4q_avg": 21.41,
            "net_income": 51101,
            "revenue": 702571,
            "common_shares": 534574,
            "book_valuer_per_share": 13.2,
            "book_valuer_per_share_4q_avg": 12.49,
            "equity": 775626,
            "current_ratio": 121.72,
            "debt_ratio": 62.12,
            "inventory_turnover_ratio": 1.41,
            "account_receivable_turnover_ratio": 1.17,
            "reinvestment_rate": 267.22,
            "research_to_sale_ratio": 0.97,
            "price_fair": 35.89,
            "eps_avg_yearly": 1.03,
            "eps_latest_yearly": 3.4,
            "eps_growth_yearly": 1500.82
        },
        "20114": {
            "year_quarter": 20114,
            "year": 2011,
            "quarter": 4,
            "eps": 0.69,
            "eps_growth_year": 1195.1,
            "eps_4q": 1.58,
            "eps_4q_growth_year": 211.88,
            "roe": 5.09,
            "roe_4q": 12.64,
            "gross_profit": 147655,
            "gross_margin": 21.75,
            "gross_margin_4q_avg": 21.37,
            "net_income": 40553,
            "revenue": 679009,
            "common_shares": 534574,
            "book_valuer_per_share": 13.92,
            "book_valuer_per_share_4q_avg": 12.89,
            "equity": 818281,
            "current_ratio": 124.44,
            "debt_ratio": 59.91,
            "inventory_turnover_ratio": 1.41,
            "account_receivable_turnover_ratio": 1.03,
            "reinvestment_rate": 154.24,
            "research_to_sale_ratio": 1.36,
            "price_fair": 40.98,
            "eps_avg_yearly": 1.17,
            "eps_latest_yearly": 2.76,
            "eps_growth_yearly": 1501.84
        },
        "20121": {
            "year_quarter": 20121,
            "year": 2012,
            "quarter": 1,
            "eps": 0.26,
            "eps_growth_year": 766.67,
            "eps_4q": 1.82,
            "eps_4q_growth_year": 186.76,
            "roe": 1.77,
            "roe_4q": 14.44,
            "gross_profit": 104103,
            "gross_margin": 24.98,
            "gross_margin_4q_avg": 22.56,
            "net_income": 14476,
            "revenue": 416665,
            "common_shares": 534574,
            "book_valuer_per_share": 13.97,
            "book_valuer_per_share_4q_avg": 13.3,
            "equity": 819212,
            "current_ratio": 127.07,
            "debt_ratio": 57.11,
            "inventory_turnover_ratio": 0.85,
            "account_receivable_turnover_ratio": 0.69,
            "reinvestment_rate": 138.38,
            "research_to_sale_ratio": 1.82,
            "price_fair": 42.76,
            "eps_avg_yearly": 1.22,
            "eps_latest_yearly": 1.04,
            "eps_growth_yearly": 1500.49
        },
        "20122": {
            "year_quarter": 20122,
            "year": 2012,
            "quarter": 2,
            "eps": 0.47,
            "eps_growth_year": 2355.88,
            "eps_4q": 2.17,
            "eps_4q_growth_year": 605.14,
            "roe": 3.61,
            "roe_4q": 17.43,
            "gross_profit": 140432,
            "gross_margin": 24.63,
            "gross_margin_4q_avg": 23.7,
            "net_income": 29612,
            "revenue": 570181,
            "common_shares": 534574,
            "book_valuer_per_share": 13.94,
            "book_valuer_per_share_4q_avg": 13.76,
            "equity": 821550,
            "current_ratio": 119.24,
            "debt_ratio": 59.63,
            "inventory_turnover_ratio": 1.13,
            "account_receivable_turnover_ratio": 0.97,
            "reinvestment_rate": 110.28,
            "research_to_sale_ratio": 1.51,
            "price_fair": 42.64,
            "eps_avg_yearly": 1.22,
            "eps_latest_yearly": 1.88,
            "eps_growth_yearly": 1420.77
        },
        "20123": {
            "year_quarter": 20123,
            "year": 2012,
            "quarter": 3,
            "eps": 0.73,
            "eps_growth_year": -13.68,
            "eps_4q": 2.05,
            "eps_4q_growth_year": 116.25,
            "roe": 5.22,
            "roe_4q": 15.69,
            "gross_profit": 154901,
            "gross_margin": 25.01,
            "gross_margin_4q_avg": 24.09,
            "net_income": 44681,
            "revenue": 619309,
            "common_shares": 562907,
            "book_valuer_per_share": 14.46,
            "book_valuer_per_share_4q_avg": 14.07,
            "equity": 889954,
            "current_ratio": 133.23,
            "debt_ratio": 56.47,
            "inventory_turnover_ratio": 1.2,
            "account_receivable_turnover_ratio": 0.95,
            "reinvestment_rate": 68.68,
            "research_to_sale_ratio": 1.44,
            "price_fair": 47.47,
            "eps_avg_yearly": 1.36,
            "eps_latest_yearly": 2.92,
            "eps_growth_yearly": 1450.74
        },
        "20124": {
            "year_quarter": 20124,
            "year": 2012,
            "quarter": 4,
            "eps": 0.62,
            "eps_growth_year": -9.64,
            "eps_4q": 1.98,
            "eps_4q_growth_year": 25.24,
            "roe": 4.14,
            "roe_4q": 14.739999999999998,
            "gross_profit": 156678,
            "gross_margin": 26.93,
            "gross_margin_4q_avg": 25.39,
            "net_income": 38531,
            "revenue": 581743,
            "common_shares": 586508,
            "book_valuer_per_share": 15.23,
            "book_valuer_per_share_4q_avg": 14.4,
            "equity": 970938,
            "current_ratio": 151.13,
            "debt_ratio": 51.21,
            "inventory_turnover_ratio": 1.22,
            "account_receivable_turnover_ratio": 0.92,
            "reinvestment_rate": 51.73,
            "research_to_sale_ratio": 1.44,
            "price_fair": 53.96,
            "eps_avg_yearly": 1.54,
            "eps_latest_yearly": 2.48,
            "eps_growth_yearly": 1470.19
        },
        "20131": {
            "year_quarter": 20131,
            "year": 2013,
            "quarter": 1,
            "eps": 0.14,
            "eps_growth_year": -46.15,
            "eps_4q": 1.71,
            "eps_4q_growth_year": -5.69,
            "roe": 0.83,
            "roe_4q": 13.799999999999999,
            "gross_profit": 94068,
            "gross_margin": 24.87,
            "gross_margin_4q_avg": 25.36,
            "net_income": 8476,
            "revenue": 378173,
            "common_shares": 682221,
            "book_valuer_per_share": 14.6,
            "book_valuer_per_share_4q_avg": 14.56,
            "equity": 1074643,
            "current_ratio": 173.27,
            "debt_ratio": 45.31,
            "inventory_turnover_ratio": 0.85,
            "account_receivable_turnover_ratio": 0.7,
            "reinvestment_rate": 48.4,
            "research_to_sale_ratio": 2.03,
            "price_fair": 51.1,
            "eps_avg_yearly": 1.46,
            "eps_latest_yearly": 0.56,
            "eps_growth_yearly": 1321.87
        },
        "20132": {
            "year_quarter": 20132,
            "year": 2013,
            "quarter": 2,
            "eps": 0.43,
            "eps_growth_year": -8.15,
            "eps_4q": 1.63,
            "eps_4q_growth_year": -25.07,
            "roe": 3.21,
            "roe_4q": 13.399999999999999,
            "gross_profit": 136223,
            "gross_margin": 25.7,
            "gross_margin_4q_avg": 25.63,
            "net_income": 35273,
            "revenue": 530004,
            "common_shares": 682221,
            "book_valuer_per_share": 13.77,
            "book_valuer_per_share_4q_avg": 14.52,
            "equity": 1122949,
            "current_ratio": 171.56,
            "debt_ratio": 46.34,
            "inventory_turnover_ratio": 1.07,
            "account_receivable_turnover_ratio": 1.01,
            "reinvestment_rate": 43.02,
            "research_to_sale_ratio": 1.64,
            "price_fair": 51.8,
            "eps_avg_yearly": 1.48,
            "eps_latest_yearly": 1.72,
            "eps_growth_yearly": 1283.92
        },
        "20133": {
            "year_quarter": 20133,
            "year": 2013,
            "quarter": 3,
            "eps": 0.58,
            "eps_growth_year": -20.82,
            "eps_4q": 1.63,
            "eps_4q_growth_year": -20.13,
            "roe": 4.1,
            "roe_4q": 12.279999999999998,
            "gross_profit": 161323,
            "gross_margin": 27.34,
            "gross_margin_4q_avg": 26.21,
            "net_income": 47070,
            "revenue": 590149,
            "common_shares": 754960,
            "book_valuer_per_share": 14.3,
            "book_valuer_per_share_4q_avg": 14.48,
            "equity": 1173882,
            "current_ratio": 199.1,
            "debt_ratio": 42.81,
            "inventory_turnover_ratio": 1.07,
            "account_receivable_turnover_ratio": 1.05,
            "reinvestment_rate": 37.72,
            "research_to_sale_ratio": 1.58,
            "price_fair": 54.71,
            "eps_avg_yearly": 1.56,
            "eps_latest_yearly": 2.32,
            "eps_growth_yearly": 1282.07
        },
        "20134": {
            "year_quarter": 20134,
            "year": 2013,
            "quarter": 4,
            "eps": 0.94,
            "eps_growth_year": 51.75,
            "eps_4q": 2.08,
            "eps_4q_growth_year": 4.89,
            "roe": 6.19,
            "roe_4q": 14.33,
            "gross_profit": 193296,
            "gross_margin": 26.66,
            "gross_margin_4q_avg": 26.14,
            "net_income": 75390,
            "revenue": 724964,
            "common_shares": 761524,
            "book_valuer_per_share": 15.39,
            "book_valuer_per_share_4q_avg": 14.52,
            "equity": 1261971,
            "current_ratio": 208.07,
            "debt_ratio": 41.14,
            "inventory_turnover_ratio": 1.29,
            "account_receivable_turnover_ratio": 1.21,
            "reinvestment_rate": 4,
            "research_to_sale_ratio": 1.28,
            "price_fair": 60.2,
            "eps_avg_yearly": 1.72,
            "eps_latest_yearly": 3.76,
            "eps_growth_yearly": 1208.23
        },
        "20141": {
            "year_quarter": 20141,
            "year": 2014,
            "quarter": 1,
            "eps": 0.42,
            "eps_growth_year": 200,
            "eps_4q": 2.37,
            "eps_4q_growth_year": 38.33,
            "roe": 2.51,
            "roe_4q": 16.009999999999998,
            "gross_profit": 115136,
            "gross_margin": 25.01,
            "gross_margin_4q_avg": 26.18,
            "net_income": 32001,
            "revenue": 460410,
            "common_shares": 761524,
            "book_valuer_per_share": 15.79,
            "book_valuer_per_share_4q_avg": 14.81,
            "equity": 1291953,
            "current_ratio": 253.68,
            "debt_ratio": 34.65,
            "inventory_turnover_ratio": 0.84,
            "account_receivable_turnover_ratio": 0.81,
            "reinvestment_rate": -3.52,
            "research_to_sale_ratio": 2.08,
            "price_fair": 60.11,
            "eps_avg_yearly": 1.72,
            "eps_latest_yearly": 1.68,
            "eps_growth_yearly": 1112.93
        },
        "20142": {
            "year_quarter": 20142,
            "year": 2014,
            "quarter": 2,
            "eps": 0.72,
            "eps_growth_year": 67.44,
            "eps_4q": 2.66,
            "eps_4q_growth_year": 63.47,
            "roe": 4.5,
            "roe_4q": 17.299999999999997,
            "gross_profit": 175534,
            "gross_margin": 26.02,
            "gross_margin_4q_avg": 26.26,
            "net_income": 56293,
            "revenue": 674600,
            "common_shares": 761524,
            "book_valuer_per_share": 14.71,
            "book_valuer_per_share_4q_avg": 15.05,
            "equity": 1209190,
            "current_ratio": 198.77,
            "debt_ratio": 43.6,
            "inventory_turnover_ratio": 1.17,
            "account_receivable_turnover_ratio": 1.24,
            "reinvestment_rate": -4.31,
            "research_to_sale_ratio": 2.01,
            "price_fair": 62.65,
            "eps_avg_yearly": 1.79,
            "eps_latest_yearly": 2.88,
            "eps_growth_yearly": 1061.23
        },
        "20143": {
            "year_quarter": 20143,
            "year": 2014,
            "quarter": 3,
            "eps": 0.67,
            "eps_growth_year": 15.52,
            "eps_4q": 2.75,
            "eps_4q_growth_year": 68.47,
            "roe": 4.14,
            "roe_4q": 17.34,
            "gross_profit": 172735,
            "gross_margin": 23.46,
            "gross_margin_4q_avg": 25.29,
            "net_income": 51495,
            "revenue": 736281,
            "common_shares": 761524,
            "book_valuer_per_share": 15.55,
            "book_valuer_per_share_4q_avg": 15.36,
            "equity": 1275868,
            "current_ratio": 213.01,
            "debt_ratio": 40.89,
            "inventory_turnover_ratio": 1.3,
            "account_receivable_turnover_ratio": 1.12,
            "reinvestment_rate": -0.23,
            "research_to_sale_ratio": 2.08,
            "price_fair": 66.68,
            "eps_avg_yearly": 1.91,
            "eps_latest_yearly": 2.68,
            "eps_growth_yearly": 1069.05
        },
        "20144": {
            "year_quarter": 20144,
            "year": 2014,
            "quarter": 4,
            "eps": 0.53,
            "eps_growth_year": -43.73,
            "eps_4q": 2.34,
            "eps_4q_growth_year": 12.84,
            "roe": 3.2,
            "roe_4q": 14.35,
            "gross_profit": 150815,
            "gross_margin": 25.3,
            "gross_margin_4q_avg": 24.95,
            "net_income": 41810,
            "revenue": 596156,
            "common_shares": 761524,
            "book_valuer_per_share": 16.26,
            "book_valuer_per_share_4q_avg": 15.58,
            "equity": 1334206,
            "current_ratio": 230.16,
            "debt_ratio": 37.96,
            "inventory_turnover_ratio": 1.05,
            "account_receivable_turnover_ratio": 0.88,
            "reinvestment_rate": -1.32,
            "research_to_sale_ratio": 2.48,
            "price_fair": 70.88,
            "eps_avg_yearly": 2.03,
            "eps_latest_yearly": 2.12,
            "eps_growth_yearly": 1082.87
        },
        "20151": {
            "year_quarter": 20151,
            "year": 2015,
            "quarter": 1,
            "eps": 0.32,
            "eps_growth_year": -23.81,
            "eps_4q": 2.25,
            "eps_4q_growth_year": -5.22,
            "roe": 1.85,
            "roe_4q": 13.690000000000001,
            "gross_profit": 115372,
            "gross_margin": 22.68,
            "gross_margin_4q_avg": 24.37,
            "net_income": 24853,
            "revenue": 508707,
            "common_shares": 761524,
            "book_valuer_per_share": 16.5,
            "book_valuer_per_share_4q_avg": 15.76,
            "equity": 1351845,
            "current_ratio": 251.24,
            "debt_ratio": 35.1,
            "inventory_turnover_ratio": 0.93,
            "account_receivable_turnover_ratio": 0.81,
            "reinvestment_rate": -3.6,
            "research_to_sale_ratio": 1.99,
            "price_fair": 73.41,
            "eps_avg_yearly": 2.1,
            "eps_latest_yearly": 1.28,
            "eps_growth_yearly": 1082.97
        },
        "20152": {
            "year_quarter": 20152,
            "year": 2015,
            "quarter": 2,
            "eps": 0.46,
            "eps_growth_year": -36.11,
            "eps_4q": 1.98,
            "eps_4q_growth_year": -25.63,
            "roe": 2.82,
            "roe_4q": 12.01,
            "gross_profit": 142909,
            "gross_margin": 23.63,
            "gross_margin_4q_avg": 23.77,
            "net_income": 36626,
            "revenue": 604871,
            "common_shares": 761524,
            "book_valuer_per_share": 15.05,
            "book_valuer_per_share_4q_avg": 15.84,
            "equity": 1241450,
            "current_ratio": 199.55,
            "debt_ratio": 42.37,
            "inventory_turnover_ratio": 1.08,
            "account_receivable_turnover_ratio": 0.94,
            "reinvestment_rate": -4.32,
            "research_to_sale_ratio": 1.83,
            "price_fair": 77.26,
            "eps_avg_yearly": 2.21,
            "eps_latest_yearly": 1.84,
            "eps_growth_yearly": 1102.24
        },
        "20153": {
            "year_quarter": 20153,
            "year": 2015,
            "quarter": 3,
            "eps": 0.57,
            "eps_growth_year": -14.93,
            "eps_4q": 1.88,
            "eps_4q_growth_year": -31.65,
            "roe": 3.46,
            "roe_4q": 11.329999999999998,
            "gross_profit": 146372,
            "gross_margin": 24.13,
            "gross_margin_4q_avg": 23.94,
            "net_income": 44202,
            "revenue": 606607,
            "common_shares": 761524,
            "book_valuer_per_share": 15.9,
            "book_valuer_per_share_4q_avg": 15.93,
            "equity": 1310058,
            "current_ratio": 221.36,
            "debt_ratio": 38.59,
            "inventory_turnover_ratio": 1.05,
            "account_receivable_turnover_ratio": 0.89,
            "reinvestment_rate": -6.37,
            "research_to_sale_ratio": 1.61,
            "price_fair": 74.81,
            "eps_avg_yearly": 2.14,
            "eps_latest_yearly": 2.28,
            "eps_growth_yearly": 70.72
        },
        "20154": {
            "year_quarter": 20154,
            "year": 2015,
            "quarter": 4,
            "eps": 1.08,
            "eps_growth_year": 103.24,
            "eps_4q": 2.43,
            "eps_4q_growth_year": 3.67,
            "roe": 6.42,
            "roe_4q": 14.549999999999999,
            "gross_profit": 209943,
            "gross_margin": 27.83,
            "gross_margin_4q_avg": 24.57,
            "net_income": 86269,
            "revenue": 754419,
            "common_shares": 761524,
            "book_valuer_per_share": 16.74,
            "book_valuer_per_share_4q_avg": 16.05,
            "equity": 1376977,
            "current_ratio": 233.03,
            "debt_ratio": 37.38,
            "inventory_turnover_ratio": 1.3,
            "account_receivable_turnover_ratio": 1.04,
            "reinvestment_rate": -11.41,
            "research_to_sale_ratio": 1.86,
            "price_fair": 78.23,
            "eps_avg_yearly": 2.24,
            "eps_latest_yearly": 4.32,
            "eps_growth_yearly": 97.79
        },
        "20161": {
            "year_quarter": 20161,
            "year": 2016,
            "quarter": 1,
            "eps": 0.28,
            "eps_growth_year": -12.5,
            "eps_4q": 2.39,
            "eps_4q_growth_year": 6.26,
            "roe": 1.24,
            "roe_4q": 13.940000000000001,
            "gross_profit": 102927,
            "gross_margin": 23.55,
            "gross_margin_4q_avg": 24.79,
            "net_income": 17118,
            "revenue": 437132,
            "common_shares": 761524,
            "book_valuer_per_share": 16.89,
            "book_valuer_per_share_4q_avg": 16.15,
            "equity": 1382249,
            "current_ratio": 265.14,
            "debt_ratio": 33.05,
            "inventory_turnover_ratio": 0.86,
            "account_receivable_turnover_ratio": 0.64,
            "reinvestment_rate": -13.28,
            "research_to_sale_ratio": 2.16,
            "price_fair": 78.4,
            "eps_avg_yearly": 2.24,
            "eps_latest_yearly": 1.12,
            "eps_growth_yearly": 94.85
        },
        "20162": {
            "year_quarter": 20162,
            "year": 2016,
            "quarter": 2,
            "eps": 0.69,
            "eps_growth_year": 50,
            "eps_4q": 2.62,
            "eps_4q_growth_year": 32.28,
            "roe": 4.14,
            "roe_4q": 15.260000000000002,
            "gross_profit": 163921,
            "gross_margin": 26.28,
            "gross_margin_4q_avg": 25.45,
            "net_income": 55296,
            "revenue": 623862,
            "common_shares": 761524,
            "book_valuer_per_share": 15.64,
            "book_valuer_per_share_4q_avg": 16.29,
            "equity": 1286708,
            "current_ratio": 207.48,
            "debt_ratio": 40.94,
            "inventory_turnover_ratio": 1.12,
            "account_receivable_turnover_ratio": 0.96,
            "reinvestment_rate": -12.62,
            "research_to_sale_ratio": 1.74,
            "price_fair": 80.33,
            "eps_avg_yearly": 2.3,
            "eps_latest_yearly": 2.76,
            "eps_growth_yearly": 111.27
        },
        "20163": {
            "year_quarter": 20163,
            "year": 2016,
            "quarter": 3,
            "eps": 0.97,
            "eps_growth_year": 70.18,
            "eps_4q": 3.01,
            "eps_4q_growth_year": 60.08,
            "roe": 5.95,
            "roe_4q": 17.75,
            "gross_profit": 193546,
            "gross_margin": 26.31,
            "gross_margin_4q_avg": 25.99,
            "net_income": 78317,
            "revenue": 735690,
            "common_shares": 761524,
            "book_valuer_per_share": 16.4,
            "book_valuer_per_share_4q_avg": 16.42,
            "equity": 1346979,
            "current_ratio": 214.76,
            "debt_ratio": 40.16,
            "inventory_turnover_ratio": 1.23,
            "account_receivable_turnover_ratio": 1.03,
            "reinvestment_rate": -13.23,
            "research_to_sale_ratio": 1.39,
            "price_fair": 82.43,
            "eps_avg_yearly": 2.36,
            "eps_latest_yearly": 3.88,
            "eps_growth_yearly": 107.58
        },
        "20164": {
            "year_quarter": 20164,
            "year": 2016,
            "quarter": 4,
            "eps": 1.07,
            "eps_growth_year": -0.54,
            "eps_4q": 3.01,
            "eps_4q_growth_year": 23.84,
            "roe": 6.36,
            "roe_4q": 17.689999999999998,
            "gross_profit": 220461,
            "gross_margin": 28.25,
            "gross_margin_4q_avg": 26.1,
            "net_income": 87990,
            "revenue": 780522,
            "common_shares": 761524,
            "book_valuer_per_share": 17.31,
            "book_valuer_per_share_4q_avg": 16.56,
            "equity": 1421001,
            "current_ratio": 216.23,
            "debt_ratio": 40.85,
            "inventory_turnover_ratio": 1.25,
            "account_receivable_turnover_ratio": 0.99,
            "reinvestment_rate": -12.21,
            "research_to_sale_ratio": 1.61,
            "price_fair": 86.36,
            "eps_avg_yearly": 2.47,
            "eps_latest_yearly": 4.28,
            "eps_growth_yearly": 113.93
        },
        "20171": {
            "year_quarter": 20171,
            "year": 2017,
            "quarter": 1,
            "eps": 0.42,
            "eps_growth_year": 50,
            "eps_4q": 3.15,
            "eps_4q_growth_year": 31.94,
            "roe": 2.12,
            "roe_4q": 18.57,
            "gross_profit": 130778,
            "gross_margin": 25.12,
            "gross_margin_4q_avg": 26.49,
            "net_income": 30057,
            "revenue": 520515,
            "common_shares": 761524,
            "book_valuer_per_share": 17.36,
            "book_valuer_per_share_4q_avg": 16.68,
            "equity": 1417137,
            "current_ratio": 245.92,
            "debt_ratio": 36.28,
            "inventory_turnover_ratio": 0.83,
            "account_receivable_turnover_ratio": 0.68,
            "reinvestment_rate": -15.72,
            "research_to_sale_ratio": 2.07,
            "price_fair": 88.81,
            "eps_avg_yearly": 2.54,
            "eps_latest_yearly": 1.68,
            "eps_growth_yearly": 118.09
        },
        "20172": {
            "year_quarter": 20172,
            "year": 2017,
            "quarter": 2,
            "eps": 0.59,
            "eps_growth_year": -14.49,
            "eps_4q": 3.05,
            "eps_4q_growth_year": 16.34,
            "roe": 3.42,
            "roe_4q": 17.85,
            "gross_profit": 164660,
            "gross_margin": 24.09,
            "gross_margin_4q_avg": 25.94,
            "net_income": 46492,
            "revenue": 683644,
            "common_shares": 761524,
            "book_valuer_per_share": 15.86,
            "book_valuer_per_share_4q_avg": 16.73,
            "equity": 1304956,
            "current_ratio": 198.91,
            "debt_ratio": 42.89,
            "inventory_turnover_ratio": 1.07,
            "account_receivable_turnover_ratio": 0.95,
            "reinvestment_rate": -12.38,
            "research_to_sale_ratio": 1.64,
            "price_fair": 90.21,
            "eps_avg_yearly": 2.58,
            "eps_latest_yearly": 2.36,
            "eps_growth_yearly": 76.43
        },
        "20173": {
            "year_quarter": 20173,
            "year": 2017,
            "quarter": 3,
            "eps": 0.62,
            "eps_growth_year": -36.08,
            "eps_4q": 2.71,
            "eps_4q_growth_year": -10.17,
            "roe": 3.67,
            "roe_4q": 15.57,
            "gross_profit": 161844,
            "gross_margin": 23.88,
            "gross_margin_4q_avg": 25.34,
            "net_income": 48909,
            "revenue": 677832,
            "common_shares": 761524,
            "book_valuer_per_share": 16.55,
            "book_valuer_per_share_4q_avg": 16.77,
            "equity": 1357677,
            "current_ratio": 211.06,
            "debt_ratio": 40.53,
            "inventory_turnover_ratio": 1.02,
            "account_receivable_turnover_ratio": 0.94,
            "reinvestment_rate": -9.01,
            "research_to_sale_ratio": 1.68,
            "price_fair": 90.56,
            "eps_avg_yearly": 2.59,
            "eps_latest_yearly": 2.48,
            "eps_growth_yearly": 68.98
        },
        "20174": {
            "year_quarter": 20174,
            "year": 2017,
            "quarter": 4,
            "eps": 0.86,
            "eps_growth_year": -19.21,
            "eps_4q": 2.5,
            "eps_4q_growth_year": -16.83,
            "roe": 5.09,
            "roe_4q": 14.3,
            "gross_profit": 213794,
            "gross_margin": 26.38,
            "gross_margin_4q_avg": 24.87,
            "net_income": 70605,
            "revenue": 810417,
            "common_shares": 761524,
            "book_valuer_per_share": 17.27,
            "book_valuer_per_share_4q_avg": 16.76,
            "equity": 1418082,
            "current_ratio": 215.15,
            "debt_ratio": 40.61,
            "inventory_turnover_ratio": 1.19,
            "account_receivable_turnover_ratio": 1.04,
            "reinvestment_rate": -10,
            "research_to_sale_ratio": 1.53,
            "price_fair": 89.86,
            "eps_avg_yearly": 2.57,
            "eps_latest_yearly": 3.44,
            "eps_growth_yearly": 63.14
        },
        "20181": {
            "year_quarter": 20181,
            "year": 2018,
            "quarter": 1,
            "eps": 0.5,
            "eps_growth_year": 19.05,
            "eps_4q": 2.58,
            "eps_4q_growth_year": -18.08,
            "roe": 2.41,
            "roe_4q": 14.59,
            "gross_profit": 149955,
            "gross_margin": 23.51,
            "gross_margin_4q_avg": 24.47,
            "net_income": 34641,
            "revenue": 637921,
            "common_shares": 761524,
            "book_valuer_per_share": 17.84,
            "book_valuer_per_share_4q_avg": 16.88,
            "equity": 1458707,
            "current_ratio": 234.93,
            "debt_ratio": 37.89,
            "inventory_turnover_ratio": 1.07,
            "account_receivable_turnover_ratio": 0.8,
            "reinvestment_rate": -11.65,
            "research_to_sale_ratio": 1.88,
            "price_fair": 90.56,
            "eps_avg_yearly": 2.59,
            "eps_latest_yearly": 2,
            "eps_growth_yearly": 66.5
        },
        "20182": {
            "year_quarter": 20182,
            "year": 2018,
            "quarter": 2,
            "eps": 0.64,
            "eps_growth_year": 8.47,
            "eps_4q": 2.63,
            "eps_4q_growth_year": -13.66,
            "roe": 3.58,
            "roe_4q": 14.75,
            "gross_profit": 164842,
            "gross_margin": 23.54,
            "gross_margin_4q_avg": 24.33,
            "net_income": 50402,
            "revenue": 700250,
            "common_shares": 761524,
            "book_valuer_per_share": 16.48,
            "book_valuer_per_share_4q_avg": 17.04,
            "equity": 1354613,
            "current_ratio": 187.84,
            "debt_ratio": 46.47,
            "inventory_turnover_ratio": 1.03,
            "account_receivable_turnover_ratio": 0.89,
            "reinvestment_rate": -9.94,
            "research_to_sale_ratio": 1.75,
            "price_fair": 89.86,
            "eps_avg_yearly": 2.57,
            "eps_latest_yearly": 2.56,
            "eps_growth_yearly": 55.65
        },
        "20183": {
            "year_quarter": 20183,
            "year": 2018,
            "quarter": 3,
            "eps": 0.9,
            "eps_growth_year": 45.16,
            "eps_4q": 2.91,
            "eps_4q_growth_year": 7.54,
            "roe": 5.16,
            "roe_4q": 16.240000000000002,
            "gross_profit": 197253,
            "gross_margin": 23.38,
            "gross_margin_4q_avg": 24.2,
            "net_income": 71161,
            "revenue": 843647,
            "common_shares": 761524,
            "book_valuer_per_share": 17.16,
            "book_valuer_per_share_4q_avg": 17.19,
            "equity": 1405722,
            "current_ratio": 210.81,
            "debt_ratio": 41.93,
            "inventory_turnover_ratio": 1.17,
            "account_receivable_turnover_ratio": 0.97,
            "reinvestment_rate": -9.98,
            "research_to_sale_ratio": 1.06,
            "price_fair": 91.88,
            "eps_avg_yearly": 2.63,
            "eps_latest_yearly": 3.6,
            "eps_growth_yearly": 67.54
        },
        "20184": {
            "year_quarter": 20184,
            "year": 2018,
            "quarter": 4,
            "eps": 0.76,
            "eps_growth_year": -11.82,
            "eps_4q": 2.81,
            "eps_4q_growth_year": 12.29,
            "roe": 4.07,
            "roe_4q": 15.22,
            "gross_profit": 182932,
            "gross_margin": 23.05,
            "gross_margin_4q_avg": 23.37,
            "net_income": 58589,
            "revenue": 793511,
            "common_shares": 761524,
            "book_valuer_per_share": 17.99,
            "book_valuer_per_share_4q_avg": 17.37,
            "equity": 1470102,
            "current_ratio": 206.31,
            "debt_ratio": 43.24,
            "inventory_turnover_ratio": 1.2,
            "account_receivable_turnover_ratio": 0.9,
            "reinvestment_rate": -9.33,
            "research_to_sale_ratio": 1.38,
            "price_fair": 93.89,
            "eps_avg_yearly": 2.68,
            "eps_latest_yearly": 3.04,
            "eps_growth_yearly": 68.87
        },
        "20191": {
            "year_quarter": 20191,
            "year": 2019,
            "quarter": 1,
            "eps": 0.27,
            "eps_growth_year": -46,
            "eps_4q": 2.58,
            "eps_4q_growth_year": 0.07,
            "roe": 1.26,
            "roe_4q": 14.07,
            "gross_profit": 134922,
            "gross_margin": 24.04,
            "gross_margin_4q_avg": 23.5,
            "net_income": 18725,
            "revenue": 561181,
            "common_shares": 761524,
            "book_valuer_per_share": 18.4,
            "book_valuer_per_share_4q_avg": 17.51,
            "equity": 1501856,
            "current_ratio": 229.49,
            "debt_ratio": 40.56,
            "inventory_turnover_ratio": 0.88,
            "account_receivable_turnover_ratio": 0.72,
            "reinvestment_rate": -9.26,
            "research_to_sale_ratio": 2.11,
            "price_fair": 93.45,
            "eps_avg_yearly": 2.67,
            "eps_latest_yearly": 1.08,
            "eps_growth_yearly": 62.66
        },
        "20192": {
            "year_quarter": 20192,
            "year": 2019,
            "quarter": 2,
            "eps": 0.42,
            "eps_growth_year": -34.38,
            "eps_4q": 2.36,
            "eps_4q_growth_year": -10.33,
            "roe": 2,
            "roe_4q": 12.49,
            "gross_profit": 152125,
            "gross_margin": 24.18,
            "gross_margin_4q_avg": 23.66,
            "net_income": 28780,
            "revenue": 629125,
            "common_shares": 761524,
            "book_valuer_per_share": 16.74,
            "book_valuer_per_share_4q_avg": 17.57,
            "equity": 1369870,
            "current_ratio": 198.2,
            "debt_ratio": 45.15,
            "inventory_turnover_ratio": 1.02,
            "account_receivable_turnover_ratio": 0.84,
            "reinvestment_rate": -8.93,
            "research_to_sale_ratio": 2.58,
            "price_fair": 93.1,
            "eps_avg_yearly": 2.66,
            "eps_latest_yearly": 1.68,
            "eps_growth_yearly": 65.61
        },
        "20193": {
            "year_quarter": 20193,
            "year": 2019,
            "quarter": 3,
            "eps": 0.4,
            "eps_growth_year": -55.56,
            "eps_4q": 1.86,
            "eps_4q_growth_year": -36.04,
            "roe": 2.19,
            "roe_4q": 9.52,
            "gross_profit": 150829,
            "gross_margin": 23.82,
            "gross_margin_4q_avg": 23.77,
            "net_income": 30100,
            "revenue": 633176,
            "common_shares": 761524,
            "book_valuer_per_share": 16.95,
            "book_valuer_per_share_4q_avg": 17.52,
            "equity": 1381819,
            "current_ratio": 227.07,
            "debt_ratio": 43.43,
            "inventory_turnover_ratio": 1.01,
            "account_receivable_turnover_ratio": 0.84,
            "reinvestment_rate": -4.56,
            "research_to_sale_ratio": 2.54,
            "price_fair": 91.61,
            "eps_avg_yearly": 2.62,
            "eps_latest_yearly": 1.6,
            "eps_growth_yearly": 58.44
        },
        "20194": {
            "year_quarter": 20194,
            "year": 2019,
            "quarter": 4,
            "eps": 1.04,
            "eps_growth_year": 37.08,
            "eps_4q": 2.14,
            "eps_4q_growth_year": -23.66,
            "roe": 5.93,
            "roe_4q": 11.379999999999999,
            "gross_profit": 264011,
            "gross_margin": 30.91,
            "gross_margin_4q_avg": 25.74,
            "net_income": 84012,
            "revenue": 854028,
            "common_shares": 761524,
            "book_valuer_per_share": 17.81,
            "book_valuer_per_share_4q_avg": 17.48,
            "equity": 1450802,
            "current_ratio": 217.61,
            "debt_ratio": 44.57,
            "inventory_turnover_ratio": 1.28,
            "account_receivable_turnover_ratio": 1.01,
            "reinvestment_rate": -1.28,
            "research_to_sale_ratio": 2.39,
            "price_fair": 91.26,
            "eps_avg_yearly": 2.61,
            "eps_latest_yearly": 4.16,
            "eps_growth_yearly": 76.07
        },
        "20201": {
            "year_quarter": 20201,
            "year": 2020,
            "quarter": 1,
            "eps": 0.28,
            "eps_growth_year": 3.7,
            "eps_4q": 2.15,
            "eps_4q_growth_year": -16.75,
            "roe": 1.19,
            "roe_4q": 11.309999999999999,
            "gross_profit": 119459,
            "gross_margin": 25.11,
            "gross_margin_4q_avg": 26.01,
            "net_income": 17278,
            "revenue": 475681,
            "common_shares": 761524,
            "book_valuer_per_share": 18.05,
            "book_valuer_per_share_4q_avg": 17.39,
            "equity": 1464544,
            "current_ratio": 218.19,
            "debt_ratio": 44.09,
            "inventory_turnover_ratio": 0.77,
            "account_receivable_turnover_ratio": 0.52,
            "reinvestment_rate": 1.47,
            "research_to_sale_ratio": 3.01,
            "price_fair": 91.26,
            "eps_avg_yearly": 2.61,
            "eps_latest_yearly": 1.12,
            "eps_growth_yearly": 76.32
        },
        "20202": {
            "year_quarter": 20202,
            "year": 2020,
            "quarter": 2,
            "eps": 1.14,
            "eps_growth_year": 171.43,
            "eps_4q": 2.87,
            "eps_4q_growth_year": 21.44,
            "roe": 6.2,
            "roe_4q": 15.51,
            "gross_profit": 210883,
            "gross_margin": 27.99,
            "gross_margin_4q_avg": 26.96,
            "net_income": 89417,
            "revenue": 753529,
            "common_shares": 761524,
            "book_valuer_per_share": 17.47,
            "book_valuer_per_share_4q_avg": 17.57,
            "equity": 1420504,
            "current_ratio": 190.78,
            "debt_ratio": 48.57,
            "inventory_turnover_ratio": 1.17,
            "account_receivable_turnover_ratio": 0.8,
            "reinvestment_rate": 2.75,
            "research_to_sale_ratio": 2.02,
            "price_fair": 95.2,
            "eps_avg_yearly": 2.72,
            "eps_latest_yearly": 4.56,
            "eps_growth_yearly": 116.5
        },
        "20203": {
            "year_quarter": 20203,
            "year": 2020,
            "quarter": 3,
            "eps": 0.32,
            "eps_growth_year": -20,
            "eps_4q": 2.78,
            "eps_4q_growth_year": 49.55,
            "roe": 1.65,
            "roe_4q": 14.969999999999999,
            "gross_profit": 127928,
            "gross_margin": 22.86,
            "gross_margin_4q_avg": 26.72,
            "net_income": 23674,
            "revenue": 559602,
            "common_shares": 761524,
            "book_valuer_per_share": 17.87,
            "book_valuer_per_share_4q_avg": 17.8,
            "equity": 1451998,
            "current_ratio": 209.42,
            "debt_ratio": 45.02,
            "inventory_turnover_ratio": 0.94,
            "account_receivable_turnover_ratio": 0.62,
            "reinvestment_rate": 6.24,
            "research_to_sale_ratio": 2.73,
            "price_fair": 89.51,
            "eps_avg_yearly": 2.56,
            "eps_latest_yearly": 1.28,
            "eps_growth_yearly": 88.37
        },
        "20204": {
            "year_quarter": 20204,
            "year": 2020,
            "quarter": 4,
            "eps": 0.98,
            "eps_growth_year": -6.31,
            "eps_4q": 2.72,
            "eps_4q_growth_year": 26.77,
            "roe": 5.31,
            "roe_4q": 14.35,
            "gross_profit": 224742,
            "gross_margin": 27.48,
            "gross_margin_4q_avg": 25.86,
            "net_income": 79368,
            "revenue": 817975,
            "common_shares": 761524,
            "book_valuer_per_share": 18.89,
            "book_valuer_per_share_4q_avg": 18.07,
            "equity": 1536400,
            "current_ratio": 220.94,
            "debt_ratio": 43.75,
            "inventory_turnover_ratio": 1.31,
            "account_receivable_turnover_ratio": 1.01,
            "reinvestment_rate": 8.73,
            "research_to_sale_ratio": 1.84,
            "price_fair": 88.73,
            "eps_avg_yearly": 2.54,
            "eps_latest_yearly": 3.92,
            "eps_growth_yearly": 137.36
        },
        "20211": {
            "year_quarter": 20211,
            "year": 2021,
            "quarter": 1,
            "eps": 0.36,
            "eps_growth_year": 28.57,
            "eps_4q": 2.8,
            "eps_4q_growth_year": 30.33,
            "roe": 1.62,
            "roe_4q": 14.780000000000001,
            "gross_profit": 130814,
            "gross_margin": 24.96,
            "gross_margin_4q_avg": 25.82,
            "net_income": 25158,
            "revenue": 523994,
            "common_shares": 761524,
            "book_valuer_per_share": 19.24,
            "book_valuer_per_share_4q_avg": 18.37,
            "equity": 1559881,
            "current_ratio": 239.73,
            "debt_ratio": 40.77,
            "inventory_turnover_ratio": 0.91,
            "account_receivable_turnover_ratio": 0.63,
            "reinvestment_rate": 9.23,
            "research_to_sale_ratio": 2.88,
            "price_fair": 88.2,
            "eps_avg_yearly": 2.52,
            "eps_latest_yearly": 1.44,
            "eps_growth_yearly": 136.73
        },
        "20212": {
            "year_quarter": 20212,
            "year": 2021,
            "quarter": 2,
            "eps": 0.45,
            "eps_growth_year": -60.53,
            "eps_4q": 2.11,
            "eps_4q_growth_year": -26.21,
            "roe": 2.29,
            "roe_4q": 10.87,
            "gross_profit": 142427,
            "gross_margin": 24.24,
            "gross_margin_4q_avg": 24.89,
            "net_income": 35981,
            "revenue": 587535,
            "common_shares": 761524,
            "book_valuer_per_share": 19.6,
            "book_valuer_per_share_4q_avg": 18.9,
            "equity": 1587688,
            "current_ratio": 234.95,
            "debt_ratio": 40.91,
            "inventory_turnover_ratio": 0.94,
            "account_receivable_turnover_ratio": 0.74,
            "reinvestment_rate": 5.98,
            "research_to_sale_ratio": 2.59,
            "price_fair": 86.98,
            "eps_avg_yearly": 2.49,
            "eps_latest_yearly": 1.8,
            "eps_growth_yearly": 132.86
        },
        "20213": {
            "year_quarter": 20213,
            "year": 2021,
            "quarter": 3,
            "eps": 0.44,
            "eps_growth_year": 37.5,
            "eps_4q": 2.23,
            "eps_4q_growth_year": -19.85,
            "roe": 2.24,
            "roe_4q": 11.46,
            "gross_profit": 146213,
            "gross_margin": 21.59,
            "gross_margin_4q_avg": 24.57,
            "net_income": 34198,
            "revenue": 677375,
            "common_shares": 761524,
            "book_valuer_per_share": 18.03,
            "book_valuer_per_share_4q_avg": 18.94,
            "equity": 1468748,
            "current_ratio": 206.54,
            "debt_ratio": 44.94,
            "inventory_turnover_ratio": 1,
            "account_receivable_turnover_ratio": 0.85,
            "reinvestment_rate": 5.29,
            "research_to_sale_ratio": 2.03,
            "price_fair": 85.4,
            "eps_avg_yearly": 2.44,
            "eps_latest_yearly": 1.76,
            "eps_growth_yearly": 131.03
        },
        "20214": {
            "year_quarter": 20214,
            "year": 2021,
            "quarter": 4,
            "eps": 0.73,
            "eps_growth_year": -25.66,
            "eps_4q": 1.98,
            "eps_4q_growth_year": -27.15,
            "roe": 3.71,
            "roe_4q": 9.86,
            "gross_profit": 181147,
            "gross_margin": 24.32,
            "gross_margin_4q_avg": 23.78,
            "net_income": 55550,
            "revenue": 744881,
            "common_shares": 761524,
            "book_valuer_per_share": 18.82,
            "book_valuer_per_share_4q_avg": 18.92,
            "equity": 1529671,
            "current_ratio": 195.01,
            "debt_ratio": 46.7,
            "inventory_turnover_ratio": 1,
            "account_receivable_turnover_ratio": 0.86,
            "reinvestment_rate": 7.15,
            "research_to_sale_ratio": 3.35,
            "price_fair": 84.26,
            "eps_avg_yearly": 2.41,
            "eps_latest_yearly": 2.92,
            "eps_growth_yearly": 137.83
        },
        "20221": {
            "year_quarter": 20221,
            "year": 2022,
            "quarter": 1,
            "eps": 0.24,
            "eps_growth_year": -33.33,
            "eps_4q": 1.86,
            "eps_4q_growth_year": -33.48,
            "roe": 1.01,
            "roe_4q": 9.25,
            "gross_profit": 120672,
            "gross_margin": 21.92,
            "gross_margin_4q_avg": 23.02,
            "net_income": 15603,
            "revenue": 550527,
            "common_shares": 761524,
            "book_valuer_per_share": 19.35,
            "book_valuer_per_share_4q_avg": 18.95,
            "equity": 1570984,
            "current_ratio": 209.54,
            "debt_ratio": 43.14,
            "inventory_turnover_ratio": 0.72,
            "account_receivable_turnover_ratio": 0.6,
            "reinvestment_rate": 11.8,
            "research_to_sale_ratio": 2.87,
            "price_fair": 81.99,
            "eps_avg_yearly": 2.34,
            "eps_latest_yearly": 0.96,
            "eps_growth_yearly": 131.52
        },
        "20222": {
            "year_quarter": 20222,
            "year": 2022,
            "quarter": 2,
            "eps": 0.44,
            "eps_growth_year": -2.22,
            "eps_4q": 1.85,
            "eps_4q_growth_year": -12.5,
            "roe": 2.06,
            "roe_4q": 9.02,
            "gross_profit": 140806,
            "gross_margin": 21.64,
            "gross_margin_4q_avg": 22.37,
            "net_income": 31299,
            "revenue": 650706,
            "common_shares": 761524,
            "book_valuer_per_share": 17.97,
            "book_valuer_per_share_4q_avg": 18.54,
            "equity": 1461287,
            "current_ratio": 175.82,
            "debt_ratio": 50.12,
            "inventory_turnover_ratio": 0.76,
            "account_receivable_turnover_ratio": 0.68,
            "reinvestment_rate": 9.67,
            "research_to_sale_ratio": 2.48,
            "price_fair": 80.24,
            "eps_avg_yearly": 2.29,
            "eps_latest_yearly": 1.76,
            "eps_growth_yearly": 145.35
        },
        "20223": {
            "year_quarter": 20223,
            "year": 2022,
            "quarter": 3,
            "eps": 0.66,
            "eps_growth_year": 50,
            "eps_4q": 2.07,
            "eps_4q_growth_year": -7.13,
            "roe": 3.29,
            "roe_4q": 10.07,
            "gross_profit": 170209,
            "gross_margin": 22.35,
            "gross_margin_4q_avg": 22.56,
            "net_income": 49061,
            "revenue": 761569,
            "common_shares": 761524,
            "book_valuer_per_share": 18.77,
            "book_valuer_per_share_4q_avg": 18.73,
            "equity": 1521707,
            "current_ratio": 173.42,
            "debt_ratio": 50.61,
            "inventory_turnover_ratio": 0.81,
            "account_receivable_turnover_ratio": 0.74,
            "reinvestment_rate": 10.11,
            "research_to_sale_ratio": 2.19,
            "price_fair": 78.14,
            "eps_avg_yearly": 2.23,
            "eps_latest_yearly": 2.64,
            "eps_growth_yearly": 147.7
        },
        "20224": {
            "year_quarter": 20224,
            "year": 2022,
            "quarter": 4,
            "eps": 1.33,
            "eps_growth_year": 83.5,
            "eps_4q": 2.68,
            "eps_4q_growth_year": 35.32,
            "roe": 6.98,
            "roe_4q": 13.34,
            "gross_profit": 273041,
            "gross_margin": 25.52,
            "gross_margin_4q_avg": 22.86,
            "net_income": 110202,
            "revenue": 1070061,
            "common_shares": 761524,
            "book_valuer_per_share": 20.17,
            "book_valuer_per_share_4q_avg": 19.07,
            "equity": 1635906,
            "current_ratio": 177.06,
            "debt_ratio": 48.76,
            "inventory_turnover_ratio": 1.13,
            "account_receivable_turnover_ratio": 0.91,
            "reinvestment_rate": 12.53,
            "research_to_sale_ratio": 2.91,
            "price_fair": 83.13,
            "eps_avg_yearly": 2.38,
            "eps_latest_yearly": 5.32,
            "eps_growth_yearly": 176.96
        },
        "20231": {
            "year_quarter": 20231,
            "year": 2023,
            "quarter": 1,
            "eps": 0.42,
            "eps_growth_year": 75,
            "eps_4q": 2.85,
            "eps_4q_growth_year": 53.08,
            "roe": 1.99,
            "roe_4q": 14.320000000000002,
            "gross_profit": 144694,
            "gross_margin": 22.27,
            "gross_margin_4q_avg": 22.95,
            "net_income": 31301,
            "revenue": 649788,
            "common_shares": 761524,
            "book_valuer_per_share": 18.58,
            "book_valuer_per_share_4q_avg": 18.87,
            "equity": 1514853,
            "current_ratio": 169.88,
            "debt_ratio": 50.42,
            "inventory_turnover_ratio": 0.77,
            "account_receivable_turnover_ratio": 0.54,
            "reinvestment_rate": 13.89,
            "research_to_sale_ratio": 2.53,
            "price_fair": 84.44,
            "eps_avg_yearly": 2.41,
            "eps_latest_yearly": 1.68,
            "eps_growth_yearly": 175.98
        }
    },
    "months": {
        "2001-06": {
            "month": "2001-06",
            "price": "17.22",
            "revenue": 71534
        },
        "2001-07": {
            "month": "2001-07",
            "price": "14.35",
            "revenue": 51971
        },
        "2001-08": {
            "month": "2001-08",
            "price": "13.50",
            "revenue": 51454
        },
        "2001-09": {
            "month": "2001-09",
            "price": "12.41",
            "revenue": 31666
        },
        "2001-10": {
            "month": "2001-10",
            "price": "12.59",
            "revenue": 46167
        },
        "2001-11": {
            "month": "2001-11",
            "price": "13.27",
            "revenue": 53503
        },
        "2001-12": {
            "month": "2001-12",
            "price": "14.32",
            "revenue": 39606
        },
        "2002-01": {
            "month": "2002-01",
            "price": "13.57",
            "revenue": 53048
        },
        "2002-02": {
            "month": "2002-02",
            "price": "13.73",
            "revenue": 26272
        },
        "2002-03": {
            "month": "2002-03",
            "price": "13.35",
            "revenue": 54569
        },
        "2002-04": {
            "month": "2002-04",
            "price": "15.78",
            "revenue": 48824
        },
        "2002-05": {
            "month": "2002-05",
            "price": "14.98",
            "revenue": 53333
        },
        "2002-06": {
            "month": "2002-06",
            "price": "13.55",
            "revenue": 67386
        },
        "2002-07": {
            "month": "2002-07",
            "price": "14.06",
            "revenue": 60363
        },
        "2002-08": {
            "month": "2002-08",
            "price": "13.79",
            "revenue": 71007
        },
        "2002-09": {
            "month": "2002-09",
            "price": "12.96",
            "revenue": 51804
        },
        "2002-10": {
            "month": "2002-10",
            "price": "13.36",
            "revenue": 60361
        },
        "2002-11": {
            "month": "2002-11",
            "price": "14.13",
            "revenue": 72483
        },
        "2002-12": {
            "month": "2002-12",
            "price": "14.63",
            "revenue": 65073
        },
        "2003-01": {
            "month": "2003-01",
            "price": "16.58",
            "revenue": 58832
        },
        "2003-02": {
            "month": "2003-02",
            "price": "17.08",
            "revenue": 45968
        },
        "2003-03": {
            "month": "2003-03",
            "price": "16.70",
            "revenue": 54477
        },
        "2003-04": {
            "month": "2003-04",
            "price": "16.68",
            "revenue": 77216
        },
        "2003-05": {
            "month": "2003-05",
            "price": "16.48",
            "revenue": 73667
        },
        "2003-06": {
            "month": "2003-06",
            "price": "16.35",
            "revenue": 80814
        },
        "2003-07": {
            "month": "2003-07",
            "price": "16.76",
            "revenue": 76971
        },
        "2003-08": {
            "month": "2003-08",
            "price": "16.76",
            "revenue": 82095
        },
        "2003-09": {
            "month": "2003-09",
            "price": "19.32",
            "revenue": 71675
        },
        "2003-10": {
            "month": "2003-10",
            "price": "25.78",
            "revenue": 72863
        },
        "2003-11": {
            "month": "2003-11",
            "price": "24.42",
            "revenue": 75637
        },
        "2003-12": {
            "month": "2003-12",
            "price": "29.29",
            "revenue": 101717
        },
        "2004-01": {
            "month": "2004-01",
            "price": "32.91",
            "revenue": 59830
        },
        "2004-02": {
            "month": "2004-02",
            "price": "31.04",
            "revenue": 51063
        },
        "2004-03": {
            "month": "2004-03",
            "price": "30.73",
            "revenue": 66097
        },
        "2004-04": {
            "month": "2004-04",
            "price": "31.65",
            "revenue": 71590
        },
        "2004-05": {
            "month": "2004-05",
            "price": "25.44",
            "revenue": 65325
        },
        "2004-06": {
            "month": "2004-06",
            "price": "23.67",
            "revenue": 80027
        },
        "2004-07": {
            "month": "2004-07",
            "price": "20.34",
            "revenue": 72570
        },
        "2004-08": {
            "month": "2004-08",
            "price": "20.50",
            "revenue": 85895
        },
        "2004-09": {
            "month": "2004-09",
            "price": "19.97",
            "revenue": 75696
        },
        "2004-10": {
            "month": "2004-10",
            "price": "18.82",
            "revenue": 84995
        },
        "2004-11": {
            "month": "2004-11",
            "price": "18.99",
            "revenue": 79578
        },
        "2004-12": {
            "month": "2004-12",
            "price": "18.21",
            "revenue": 90469
        },
        "2005-01": {
            "month": "2005-01",
            "price": "17.84",
            "revenue": 66140
        },
        "2005-02": {
            "month": "2005-02",
            "price": "18.52",
            "revenue": 50288
        },
        "2005-03": {
            "month": "2005-03",
            "price": "19.39",
            "revenue": 70773
        },
        "2005-04": {
            "month": "2005-04",
            "price": "18.24",
            "revenue": 77749
        },
        "2005-05": {
            "month": "2005-05",
            "price": "17.90",
            "revenue": 81893
        },
        "2005-06": {
            "month": "2005-06",
            "price": "17.91",
            "revenue": 81609
        },
        "2005-07": {
            "month": "2005-07",
            "price": "17.71",
            "revenue": 72262
        },
        "2005-08": {
            "month": "2005-08",
            "price": "17.38",
            "revenue": 75134
        },
        "2005-09": {
            "month": "2005-09",
            "price": "16.68",
            "revenue": 73522
        },
        "2005-10": {
            "month": "2005-10",
            "price": "16.84",
            "revenue": 66617
        },
        "2005-11": {
            "month": "2005-11",
            "price": "16.60",
            "revenue": 83474
        },
        "2005-12": {
            "month": "2005-12",
            "price": "18.39",
            "revenue": 109878
        },
        "2006-01": {
            "month": "2006-01",
            "price": "18.86",
            "revenue": 56784
        },
        "2006-02": {
            "month": "2006-02",
            "price": "18.96",
            "revenue": 62018
        },
        "2006-03": {
            "month": "2006-03",
            "price": "19.25",
            "revenue": 77643
        },
        "2006-04": {
            "month": "2006-04",
            "price": "19.59",
            "revenue": 76840
        },
        "2006-05": {
            "month": "2006-05",
            "price": "26.26",
            "revenue": 86378
        },
        "2006-06": {
            "month": "2006-06",
            "price": "25.81",
            "revenue": 91103
        },
        "2006-07": {
            "month": "2006-07",
            "price": "21.49",
            "revenue": 97687
        },
        "2006-08": {
            "month": "2006-08",
            "price": "19.10",
            "revenue": 93812
        },
        "2006-09": {
            "month": "2006-09",
            "price": "19.92",
            "revenue": 91935
        },
        "2006-10": {
            "month": "2006-10",
            "price": "20.58",
            "revenue": 84173
        },
        "2006-11": {
            "month": "2006-11",
            "price": "20.16",
            "revenue": 80412
        },
        "2006-12": {
            "month": "2006-12",
            "price": "21.42",
            "revenue": 90714
        },
        "2007-01": {
            "month": "2007-01",
            "price": "20.96",
            "revenue": 73649
        },
        "2007-02": {
            "month": "2007-02",
            "price": "21.02",
            "revenue": 52764
        },
        "2007-03": {
            "month": "2007-03",
            "price": "21.57",
            "revenue": 82722
        },
        "2007-04": {
            "month": "2007-04",
            "price": "25.84",
            "revenue": 84570
        },
        "2007-05": {
            "month": "2007-05",
            "price": "24.74",
            "revenue": 92590
        },
        "2007-06": {
            "month": "2007-06",
            "price": "23.41",
            "revenue": 104331
        },
        "2007-07": {
            "month": "2007-07",
            "price": "22.37",
            "revenue": 115608
        },
        "2007-08": {
            "month": "2007-08",
            "price": "19.53",
            "revenue": 81527
        },
        "2007-09": {
            "month": "2007-09",
            "price": "19.09",
            "revenue": 88901
        },
        "2007-10": {
            "month": "2007-10",
            "price": "17.72",
            "revenue": 84511
        },
        "2007-11": {
            "month": "2007-11",
            "price": "16.29",
            "revenue": 74320
        },
        "2007-12": {
            "month": "2007-12",
            "price": "15.97",
            "revenue": 109210
        },
        "2008-01": {
            "month": "2008-01",
            "price": "16.49",
            "revenue": 97769
        },
        "2008-02": {
            "month": "2008-02",
            "price": "16.07",
            "revenue": 71338
        },
        "2008-03": {
            "month": "2008-03",
            "price": "16.70",
            "revenue": 88904
        },
        "2008-04": {
            "month": "2008-04",
            "price": "17.80",
            "revenue": 92104
        },
        "2008-05": {
            "month": "2008-05",
            "price": "16.88",
            "revenue": 107253
        },
        "2008-06": {
            "month": "2008-06",
            "price": "16.10",
            "revenue": 109948
        },
        "2008-07": {
            "month": "2008-07",
            "price": "14.88",
            "revenue": 107362
        },
        "2008-08": {
            "month": "2008-08",
            "price": "14.17",
            "revenue": 104403
        },
        "2008-09": {
            "month": "2008-09",
            "price": "12.71",
            "revenue": 93994
        },
        "2008-10": {
            "month": "2008-10",
            "price": "10.98",
            "revenue": 97135
        },
        "2008-11": {
            "month": "2008-11",
            "price": "9.89",
            "revenue": 83062
        },
        "2008-12": {
            "month": "2008-12",
            "price": "10.00",
            "revenue": 92044
        },
        "2009-01": {
            "month": "2009-01",
            "price": "9.73",
            "revenue": 55305
        },
        "2009-02": {
            "month": "2009-02",
            "price": "10.13",
            "revenue": 68030
        },
        "2009-03": {
            "month": "2009-03",
            "price": "10.45",
            "revenue": 70160
        },
        "2009-04": {
            "month": "2009-04",
            "price": "11.37",
            "revenue": 73338
        },
        "2009-05": {
            "month": "2009-05",
            "price": "12.58",
            "revenue": 68751
        },
        "2009-06": {
            "month": "2009-06",
            "price": "15.88",
            "revenue": 60556
        },
        "2009-07": {
            "month": "2009-07",
            "price": "15.20",
            "revenue": 72223
        },
        "2009-08": {
            "month": "2009-08",
            "price": "13.99",
            "revenue": 68467
        },
        "2009-09": {
            "month": "2009-09",
            "price": "14.25",
            "revenue": 63587
        },
        "2009-10": {
            "month": "2009-10",
            "price": "13.99",
            "revenue": 63332
        },
        "2009-11": {
            "month": "2009-11",
            "price": "13.67",
            "revenue": 80812
        },
        "2009-12": {
            "month": "2009-12",
            "price": "13.72",
            "revenue": 73370
        },
        "2010-01": {
            "month": "2010-01",
            "price": "13.98",
            "revenue": 60425
        },
        "2010-02": {
            "month": "2010-02",
            "price": "13.52",
            "revenue": 60972
        },
        "2010-03": {
            "month": "2010-03",
            "price": "14.16",
            "revenue": 84836
        },
        "2010-04": {
            "month": "2010-04",
            "price": "15.91",
            "revenue": 102595
        },
        "2010-05": {
            "month": "2010-05",
            "price": "15.35",
            "revenue": 92986
        },
        "2010-06": {
            "month": "2010-06",
            "price": "15.10",
            "revenue": 88432
        },
        "2010-07": {
            "month": "2010-07",
            "price": "16.43",
            "revenue": 88872
        },
        "2010-08": {
            "month": "2010-08",
            "price": "18.47",
            "revenue": 97352
        },
        "2010-09": {
            "month": "2010-09",
            "price": "18.30",
            "revenue": 92390
        },
        "2010-10": {
            "month": "2010-10",
            "price": "16.59",
            "revenue": 76756
        },
        "2010-11": {
            "month": "2010-11",
            "price": "15.36",
            "revenue": 88279
        },
        "2010-12": {
            "month": "2010-12",
            "price": "15.05",
            "revenue": 132983
        },
        "2011-01": {
            "month": "2011-01",
            "price": "15.22",
            "revenue": 72362
        },
        "2011-02": {
            "month": "2011-02",
            "price": "14.84",
            "revenue": 52125
        },
        "2011-03": {
            "month": "2011-03",
            "price": "14.61",
            "revenue": 110438
        },
        "2011-04": {
            "month": "2011-04",
            "price": "15.56",
            "revenue": 91525
        },
        "2011-05": {
            "month": "2011-05",
            "price": "15.11",
            "revenue": 98288
        },
        "2011-06": {
            "month": "2011-06",
            "price": "14.53",
            "revenue": 100684
        },
        "2011-07": {
            "month": "2011-07",
            "price": "14.05",
            "revenue": 106732
        },
        "2011-08": {
            "month": "2011-08",
            "price": "13.68",
            "revenue": 111397
        },
        "2011-09": {
            "month": "2011-09",
            "price": "13.10",
            "revenue": 126558
        },
        "2011-10": {
            "month": "2011-10",
            "price": "13.86",
            "revenue": 149942
        },
        "2011-11": {
            "month": "2011-11",
            "price": "13.91",
            "revenue": 130001
        },
        "2011-12": {
            "month": "2011-12",
            "price": "13.40",
            "revenue": 122081
        },
        "2012-01": {
            "month": "2012-01",
            "price": "14.37",
            "revenue": 65320
        },
        "2012-02": {
            "month": "2012-02",
            "price": "15.44",
            "revenue": 91046
        },
        "2012-03": {
            "month": "2012-03",
            "price": "16.96",
            "revenue": 101498
        },
        "2012-04": {
            "month": "2012-04",
            "price": "16.71",
            "revenue": 82200
        },
        "2012-05": {
            "month": "2012-05",
            "price": "17.10",
            "revenue": 102920
        },
        "2012-06": {
            "month": "2012-06",
            "price": "17.35",
            "revenue": 143562
        },
        "2012-07": {
            "month": "2012-07",
            "price": "17.49",
            "revenue": 108611
        },
        "2012-08": {
            "month": "2012-08",
            "price": "17.90",
            "revenue": 137681
        },
        "2012-09": {
            "month": "2012-09",
            "price": "17.61",
            "revenue": 122202
        },
        "2012-10": {
            "month": "2012-10",
            "price": "17.34",
            "revenue": 129280
        },
        "2012-11": {
            "month": "2012-11",
            "price": "17.13",
            "revenue": 127357
        },
        "2012-12": {
            "month": "2012-12",
            "price": "18.30",
            "revenue": 102938
        },
        "2013-01": {
            "month": "2013-01",
            "price": "19.49",
            "revenue": 126074
        },
        "2013-02": {
            "month": "2013-02",
            "price": "19.96",
            "revenue": 71586
        },
        "2013-03": {
            "month": "2013-03",
            "price": "20.61",
            "revenue": 178041
        },
        "2013-04": {
            "month": "2013-04",
            "price": "20.38",
            "revenue": 150571
        },
        "2013-05": {
            "month": "2013-05",
            "price": "20.62",
            "revenue": 176827
        },
        "2013-06": {
            "month": "2013-06",
            "price": "19.95",
            "revenue": 195443
        },
        "2013-07": {
            "month": "2013-07",
            "price": "20.24",
            "revenue": 228624
        },
        "2013-08": {
            "month": "2013-08",
            "price": "20.37",
            "revenue": 173548
        },
        "2013-09": {
            "month": "2013-09",
            "price": "20.12",
            "revenue": 195006
        },
        "2013-10": {
            "month": "2013-10",
            "price": "19.66",
            "revenue": 255296
        },
        "2013-11": {
            "month": "2013-11",
            "price": "21.35",
            "revenue": 251166
        },
        "2013-12": {
            "month": "2013-12",
            "price": "27.86",
            "revenue": 231146
        },
        "2014-01": {
            "month": "2014-01",
            "price": "28.95",
            "revenue": 158499
        },
        "2014-02": {
            "month": "2014-02",
            "price": "27.18",
            "revenue": 127286
        },
        "2014-03": {
            "month": "2014-03",
            "price": "29.50",
            "revenue": 171729
        },
        "2014-04": {
            "month": "2014-04",
            "price": "33.99",
            "revenue": 224344
        },
        "2014-05": {
            "month": "2014-05",
            "price": "34.70",
            "revenue": 205391
        },
        "2014-06": {
            "month": "2014-06",
            "price": "34.61",
            "revenue": 188427
        },
        "2014-07": {
            "month": "2014-07",
            "price": "31.77",
            "revenue": 219282
        },
        "2014-08": {
            "month": "2014-08",
            "price": "31.06",
            "revenue": 323781
        },
        "2014-09": {
            "month": "2014-09",
            "price": "31.38",
            "revenue": 256445
        },
        "2014-10": {
            "month": "2014-10",
            "price": "29.54",
            "revenue": 205323
        },
        "2014-11": {
            "month": "2014-11",
            "price": "27.62",
            "revenue": 169187
        },
        "2014-12": {
            "month": "2014-12",
            "price": "27.23",
            "revenue": 224411
        },
        "2015-01": {
            "month": "2015-01",
            "price": "27.18",
            "revenue": 156935
        },
        "2015-02": {
            "month": "2015-02",
            "price": "28.10",
            "revenue": 120892
        },
        "2015-03": {
            "month": "2015-03",
            "price": "28.58",
            "revenue": 224405
        },
        "2015-04": {
            "month": "2015-04",
            "price": "29.05",
            "revenue": 199867
        },
        "2015-05": {
            "month": "2015-05",
            "price": "28.15",
            "revenue": 201460
        },
        "2015-06": {
            "month": "2015-06",
            "price": "26.92",
            "revenue": 209977
        },
        "2015-07": {
            "month": "2015-07",
            "price": "24.67",
            "revenue": 202564
        },
        "2015-08": {
            "month": "2015-08",
            "price": "21.48",
            "revenue": 176296
        },
        "2015-09": {
            "month": "2015-09",
            "price": "20.33",
            "revenue": 227788
        },
        "2015-10": {
            "month": "2015-10",
            "price": "21.13",
            "revenue": 240117
        },
        "2015-11": {
            "month": "2015-11",
            "price": "22.77",
            "revenue": 221003
        },
        "2015-12": {
            "month": "2015-12",
            "price": "23.01",
            "revenue": 299589
        },
        "2016-01": {
            "month": "2016-01",
            "price": "23.23",
            "revenue": 174311
        },
        "2016-02": {
            "month": "2016-02",
            "price": "24.28",
            "revenue": 90651
        },
        "2016-03": {
            "month": "2016-03",
            "price": "25.72",
            "revenue": 164988
        },
        "2016-04": {
            "month": "2016-04",
            "price": "25.64",
            "revenue": 209891
        },
        "2016-05": {
            "month": "2016-05",
            "price": "24.85",
            "revenue": 219916
        },
        "2016-06": {
            "month": "2016-06",
            "price": "25.49",
            "revenue": 201237
        },
        "2016-07": {
            "month": "2016-07",
            "price": "24.95",
            "revenue": 192414
        },
        "2016-08": {
            "month": "2016-08",
            "price": "25.31",
            "revenue": 245954
        },
        "2016-09": {
            "month": "2016-09",
            "price": "25.85",
            "revenue": 297391
        },
        "2016-10": {
            "month": "2016-10",
            "price": "27.00",
            "revenue": 246523
        },
        "2016-11": {
            "month": "2016-11",
            "price": "27.56",
            "revenue": 244630
        },
        "2016-12": {
            "month": "2016-12",
            "price": "28.22",
            "revenue": 292096
        },
        "2017-01": {
            "month": "2017-01",
            "price": "28.99",
            "revenue": 159468
        },
        "2017-02": {
            "month": "2017-02",
            "price": "29.20",
            "revenue": 139270
        },
        "2017-03": {
            "month": "2017-03",
            "price": "31.08",
            "revenue": 222548
        },
        "2017-04": {
            "month": "2017-04",
            "price": "32.57",
            "revenue": 230449
        },
        "2017-05": {
            "month": "2017-05",
            "price": "33.75",
            "revenue": 223500
        },
        "2017-06": {
            "month": "2017-06",
            "price": "33.37",
            "revenue": 230204
        },
        "2017-07": {
            "month": "2017-07",
            "price": "31.16",
            "revenue": 211692
        },
        "2017-08": {
            "month": "2017-08",
            "price": "30.56",
            "revenue": 219361
        },
        "2017-09": {
            "month": "2017-09",
            "price": "31.54",
            "revenue": 243547
        },
        "2017-10": {
            "month": "2017-10",
            "price": "32.50",
            "revenue": 291214
        },
        "2017-11": {
            "month": "2017-11",
            "price": "31.30",
            "revenue": 223148
        },
        "2017-12": {
            "month": "2017-12",
            "price": "30.78",
            "revenue": 300130
        },
        "2018-01": {
            "month": "2018-01",
            "price": "30.86",
            "revenue": 213484
        },
        "2018-02": {
            "month": "2018-02",
            "price": "30.93",
            "revenue": 140629
        },
        "2018-03": {
            "month": "2018-03",
            "price": "31.98",
            "revenue": 283813
        },
        "2018-04": {
            "month": "2018-04",
            "price": "31.90",
            "revenue": 252653
        },
        "2018-05": {
            "month": "2018-05",
            "price": "32.47",
            "revenue": 196954
        },
        "2018-06": {
            "month": "2018-06",
            "price": "32.34",
            "revenue": 251588
        },
        "2018-07": {
            "month": "2018-07",
            "price": "30.68",
            "revenue": 349739
        },
        "2018-08": {
            "month": "2018-08",
            "price": "31.63",
            "revenue": 223569
        },
        "2018-09": {
            "month": "2018-09",
            "price": "31.68",
            "revenue": 270595
        },
        "2018-10": {
            "month": "2018-10",
            "price": "31.07",
            "revenue": 209013
        },
        "2018-11": {
            "month": "2018-11",
            "price": "30.00",
            "revenue": 206818
        },
        "2018-12": {
            "month": "2018-12",
            "price": "29.98",
            "revenue": 375034
        },
        "2019-01": {
            "month": "2019-01",
            "price": "30.05",
            "revenue": 189542
        },
        "2019-02": {
            "month": "2019-02",
            "price": "30.50",
            "revenue": 109105
        },
        "2019-03": {
            "month": "2019-03",
            "price": "30.56",
            "revenue": 261850
        },
        "2019-04": {
            "month": "2019-04",
            "price": "30.37",
            "revenue": 203505
        },
        "2019-05": {
            "month": "2019-05",
            "price": "29.81",
            "revenue": 179835
        },
        "2019-06": {
            "month": "2019-06",
            "price": "28.67",
            "revenue": 246600
        },
        "2019-07": {
            "month": "2019-07",
            "price": "27.98",
            "revenue": 151478
        },
        "2019-08": {
            "month": "2019-08",
            "price": "24.12",
            "revenue": 214576
        },
        "2019-09": {
            "month": "2019-09",
            "price": "24.01",
            "revenue": 267526
        },
        "2019-10": {
            "month": "2019-10",
            "price": "23.73",
            "revenue": 315635
        },
        "2019-11": {
            "month": "2019-11",
            "price": "24.16",
            "revenue": 219635
        },
        "2019-12": {
            "month": "2019-12",
            "price": "24.44",
            "revenue": 318203
        },
        "2020-01": {
            "month": "2020-01",
            "price": "24.14",
            "revenue": 131311
        },
        "2020-02": {
            "month": "2020-02",
            "price": "23.57",
            "revenue": 134215
        },
        "2020-03": {
            "month": "2020-03",
            "price": "22.33",
            "revenue": 209979
        },
        "2020-04": {
            "month": "2020-04",
            "price": "23.61",
            "revenue": 211188
        },
        "2020-05": {
            "month": "2020-05",
            "price": "25.25",
            "revenue": 239223
        },
        "2020-06": {
            "month": "2020-06",
            "price": "25.82",
            "revenue": 308036
        },
        "2020-07": {
            "month": "2020-07",
            "price": "26.10",
            "revenue": 148437
        },
        "2020-08": {
            "month": "2020-08",
            "price": "27.36",
            "revenue": 164726
        },
        "2020-09": {
            "month": "2020-09",
            "price": "27.88",
            "revenue": 248422
        },
        "2020-10": {
            "month": "2020-10",
            "price": "27.93",
            "revenue": 283571
        },
        "2020-11": {
            "month": "2020-11",
            "price": "28.12",
            "revenue": 231199
        },
        "2020-12": {
            "month": "2020-12",
            "price": "27.68",
            "revenue": 319309
        },
        "2021-01": {
            "month": "2021-01",
            "price": "27.80",
            "revenue": 173177
        },
        "2021-02": {
            "month": "2021-02",
            "price": "28.10",
            "revenue": 137299
        },
        "2021-03": {
            "month": "2021-03",
            "price": "29.63",
            "revenue": 213590
        },
        "2021-04": {
            "month": "2021-04",
            "price": "31.13",
            "revenue": 170603
        },
        "2021-05": {
            "month": "2021-05",
            "price": "30.19",
            "revenue": 214793
        },
        "2021-06": {
            "month": "2021-06",
            "price": "29.61",
            "revenue": 202644
        },
        "2021-07": {
            "month": "2021-07",
            "price": "29.46",
            "revenue": 187745
        },
        "2021-08": {
            "month": "2021-08",
            "price": "28.20",
            "revenue": 234684
        },
        "2021-09": {
            "month": "2021-09",
            "price": "27.59",
            "revenue": 254950
        },
        "2021-10": {
            "month": "2021-10",
            "price": "27.58",
            "revenue": 194215
        },
        "2021-11": {
            "month": "2021-11",
            "price": "27.36",
            "revenue": 254181
        },
        "2021-12": {
            "month": "2021-12",
            "price": "27.34",
            "revenue": 296286
        },
        "2022-01": {
            "month": "2022-01",
            "price": "27.24",
            "revenue": 177021
        },
        "2022-02": {
            "month": "2022-02",
            "price": "27.39",
            "revenue": 126558
        },
        "2022-03": {
            "month": "2022-03",
            "price": "27.95",
            "revenue": 246915
        },
        "2022-04": {
            "month": "2022-04",
            "price": "27.44",
            "revenue": 135826
        },
        "2022-05": {
            "month": "2022-05",
            "price": "27.56",
            "revenue": 177631
        },
        "2022-06": {
            "month": "2022-06",
            "price": "26.94",
            "revenue": 345114
        },
        "2022-07": {
            "month": "2022-07",
            "price": "26.16",
            "revenue": 217149
        },
        "2022-08": {
            "month": "2022-08",
            "price": "26.85",
            "revenue": 241237
        },
        "2022-09": {
            "month": "2022-09",
            "price": "26.70",
            "revenue": 295351
        },
        "2022-10": {
            "month": "2022-10",
            "price": "26.29",
            "revenue": 347587
        },
        "2022-11": {
            "month": "2022-11",
            "price": "26.76",
            "revenue": 396244
        },
        "2022-12": {
            "month": "2022-12",
            "price": "28.28",
            "revenue": 331043
        },
        "2023-01": {
            "month": "2023-01",
            "price": "28.64",
            "revenue": 130815
        },
        "2023-02": {
            "month": "2023-02",
            "price": "28.97",
            "revenue": 208660
        },
        "2023-03": {
            "month": "2023-03",
            "price": "29.81",
            "revenue": 318549
        },
        "2023-04": {
            "month": "2023-04",
            "price": "31.40",
            "revenue": 206761
        },
        "2023-05": {
            "month": "2023-05",
            "price": "32.49",
            "revenue": 251880
        }
    }
}
