{
    "summary": {
        "stock_name": "江興鍛",
        "stock_id": "4528",
        "category": "電機機械",
        "main_business": "汽車零件鍛壓製造加工<br>機車、自行車零件鍛壓製造加工<br>機械、五金及3C電子零件鍛壓製造加工",
        "website_url": "http://www.ch-forging.com.tw",
        "ceo": "莊懷煙",
        "pe_ratio": 34,
        "report_year_from": 2001,
        "report_year_to": 2023,
        "age": 23,
        "eps_negative_percentage": 0,
        "eps_growth_avg": {
            "last_all": 12.99,
            "last_2y": -29.68,
            "last_4y": -21.07,
            "last_8y": -7.25,
            "last_12y": -0.24,
            "last_16y": 4.64,
            "last_20y": 8.85,
            "at_2006_last_3y": 26.76,
            "at_2007_last_3y": 13.71,
            "at_2008_last_3y": -5.01,
            "at_2009_last_3y": -8.43,
            "at_2010_last_3y": 20.49,
            "at_2011_last_3y": 16.49,
            "at_2012_last_3y": 13.65,
            "at_2013_last_3y": 33.95,
            "at_2014_last_3y": 15.52,
            "at_2015_last_3y": 12.95,
            "at_2016_last_3y": 12.8,
            "at_2017_last_3y": 22.68,
            "at_2018_last_3y": 10.02,
            "at_2019_last_3y": 0.73,
            "at_2020_last_3y": 4.01,
            "at_2021_last_3y": -15.73,
            "at_2022_last_3y": -11.87,
            "at_2023_last_3y": -22.42,
            "at_2024_last_3y": -22.42,
            "at_2006_last_all": 41.41,
            "at_2007_last_all": 42.47,
            "at_2008_last_all": 36.15,
            "at_2009_last_all": 23.63,
            "at_2010_last_all": 32.11,
            "at_2011_last_all": 32.08,
            "at_2012_last_all": 27.97,
            "at_2013_last_all": 27.07,
            "at_2014_last_all": 27.01,
            "at_2015_last_all": 26.61,
            "at_2016_last_all": 23.92,
            "at_2017_last_all": 25.97,
            "at_2018_last_all": 23.01,
            "at_2019_last_all": 20.86,
            "at_2020_last_all": 19.73,
            "at_2021_last_all": 17.63,
            "at_2022_last_all": 16.37,
            "at_2023_last_all": 12.99,
            "at_2024_last_all": 12.99
        },
        "latest_eps": 0.91,
        "latest_price": 30.5,
        "latest_roe": 3.35,
        "latest_gross_margin": 18.86,
        "latest_equity": 2239072,
        "latest_revenue": 527097,
        "latest_gross_profit": 99385,
        "latest_net_income": 25695,
        "latest_debt_ratio": 42.17,
        "latest_current_ratio": 166.62,
        "latest_account_receivable_turnover_ratio": 1.16,
        "latest_inventory_turnover_ratio": 1.55,
        "latest_reinvestment_rate": 0.55,
        "latest_research_to_sale_ratio": 4.24
    },
    "eps_dividends": {
        "1998": {
            "cash": 0,
            "stock": 3,
            "eps": 0
        },
        "2000": {
            "cash": 0.2,
            "stock": 0.8,
            "eps": 0
        },
        "2001": {
            "cash": 0.6,
            "stock": 0.4,
            "eps": 0.04
        },
        "2002": {
            "cash": 0,
            "stock": 0,
            "eps": 0.5
        },
        "2003": {
            "cash": 0.25,
            "stock": 0.25,
            "eps": 1.56
        },
        "2004": {
            "cash": 0.2,
            "stock": 1,
            "eps": 2.7
        },
        "2005": {
            "cash": 0.3,
            "stock": 1.2,
            "eps": 1.34
        },
        "2006": {
            "cash": 0.2,
            "stock": 0.8,
            "eps": 1.13
        },
        "2007": {
            "cash": 0.15,
            "stock": 0.85,
            "eps": 1.67
        },
        "2008": {
            "cash": 0.2,
            "stock": 1.3,
            "eps": 1.64
        },
        "2009": {
            "cash": 0.2,
            "stock": 0.8,
            "eps": 0.59
        },
        "2010": {
            "cash": 0.3,
            "stock": 0.2,
            "eps": 1.73
        },
        "2011": {
            "cash": 0.7,
            "stock": 0.3,
            "eps": 2.28
        },
        "2012": {
            "cash": 1,
            "stock": 0.5,
            "eps": 1.98
        },
        "2013": {
            "cash": 0.6,
            "stock": 0.4,
            "eps": 2.32
        },
        "2014": {
            "cash": 0.7,
            "stock": 0.5,
            "eps": 2.93
        },
        "2015": {
            "cash": 1.5,
            "stock": 0,
            "eps": 3.56
        },
        "2016": {
            "cash": 2,
            "stock": 0,
            "eps": 3.07
        },
        "2017": {
            "cash": 1.7,
            "stock": 0,
            "eps": 4.81
        },
        "2018": {
            "cash": 2.2,
            "stock": 0,
            "eps": 3.64
        },
        "2019": {
            "cash": 2.1,
            "stock": 0,
            "eps": 3.07
        },
        "2020": {
            "cash": 1.8,
            "stock": 0,
            "eps": 3.05
        },
        "2021": {
            "cash": 1.8,
            "stock": 0,
            "eps": 2.37
        },
        "2022": {
            "cash": 0.5,
            "stock": 1,
            "eps": 2.16
        },
        "2023": {
            "cash": 1.3,
            "stock": 0,
            "eps": 0.91
        },
        "2024": {
            "cash": 0.6,
            "stock": 0,
            "eps": 0
        }
    },
    "dividends": {
        "1998-10-01": {
            "cash": 0,
            "stock": 3
        },
        "2000-05-24": {
            "cash": 0.2,
            "stock": 0.8
        },
        "2001-06-06": {
            "cash": 0.6,
            "stock": 0.4
        },
        "2003-05-28": {
            "cash": 0.25,
            "stock": 0.25
        },
        "2004-04-15": {
            "cash": 0.2,
            "stock": 1
        },
        "2005-04-21": {
            "cash": 0.3,
            "stock": 1.2
        },
        "2006-04-13": {
            "cash": 0.2,
            "stock": 0.8
        },
        "2007-04-12": {
            "cash": 0.15,
            "stock": 0.85
        },
        "2008-04-24": {
            "cash": 0.2,
            "stock": 1.3
        },
        "2009-05-02": {
            "cash": 0.2,
            "stock": 0.8
        },
        "2010-03-24": {
            "cash": 0.3,
            "stock": 0.2
        },
        "2011-03-29": {
            "cash": 0.7,
            "stock": 0.3
        },
        "2012-06-15": {
            "cash": 1,
            "stock": 0.5
        },
        "2013-06-14": {
            "cash": 0.6,
            "stock": 0.4
        },
        "2014-08-18": {
            "cash": 0.7,
            "stock": 0.5
        },
        "2015-08-21": {
            "cash": 1.5,
            "stock": 0
        },
        "2016-09-14": {
            "cash": 2,
            "stock": 0
        },
        "2017-09-15": {
            "cash": 1.7,
            "stock": 0
        },
        "2018-08-15": {
            "cash": 2.2,
            "stock": 0
        },
        "2019-08-28": {
            "cash": 2.1,
            "stock": 0
        },
        "2020-07-31": {
            "cash": 1.8,
            "stock": 0
        },
        "2021-08-09": {
            "cash": 1.8,
            "stock": 0
        },
        "2022-06-17": {
            "cash": 0.5,
            "stock": 1
        },
        "2023-05-19": {
            "cash": 1.3,
            "stock": 0
        },
        "2024-05-22": {
            "cash": 0.6,
            "stock": 0
        }
    },
    "prices": {
        "200101": "無",
        "200102": "15.88",
        "200103": "14.02",
        "200104": "13.16",
        "200105": "11.07",
        "200106": "10.56",
        "200107": "8.50",
        "200108": "8.11",
        "200109": "8.30",
        "200110": "8.34",
        "200111": "8.25",
        "200112": "8.54",
        "200201": "8.88",
        "200202": "9.82",
        "200203": "9.02",
        "200204": "9.68",
        "200205": "10.11",
        "200206": "11.81",
        "200207": "15.88",
        "200208": "10.73",
        "200209": "9.19",
        "200210": "9.25",
        "200211": "11.74",
        "200212": "16.37",
        "200301": "16.87",
        "200302": "15.81",
        "200303": "14.34",
        "200304": "13.33",
        "200305": "13.46",
        "200306": "16.34",
        "200307": "17.06",
        "200308": "18.86",
        "200309": "16.40",
        "200310": "16.05",
        "200311": "16.85",
        "200312": "18.66",
        "200401": "20.10",
        "200402": "23.15",
        "200403": "23.38",
        "200404": "25.67",
        "200405": "22.11",
        "200406": "22.31",
        "200407": "20.28",
        "200408": "19.18",
        "200409": "20.04",
        "200410": "18.44",
        "200411": "17.26",
        "200412": "17.89",
        "200501": "18.92",
        "200502": "18.99",
        "200503": "19.36",
        "200504": "18.49",
        "200505": "17.45",
        "200506": "17.46",
        "200507": "15.53",
        "200508": "14.50",
        "200509": "14.37",
        "200510": "12.98",
        "200511": "13.15",
        "200512": "14.17",
        "200601": "13.30",
        "200602": "12.55",
        "200603": "11.93",
        "200604": "12.78",
        "200605": "12.96",
        "200606": "13.02",
        "200607": "14.04",
        "200608": "13.19",
        "200609": "13.47",
        "200610": "14.94",
        "200611": "15.59",
        "200612": "15.64",
        "200701": "15.56",
        "200702": "15.41",
        "200703": "15.01",
        "200704": "17.60",
        "200705": "17.73",
        "200706": "21.29",
        "200707": "23.14",
        "200708": "21.93",
        "200709": "22.96",
        "200710": "23.02",
        "200711": "21.20",
        "200712": "20.70",
        "200801": "19.97",
        "200802": "19.58",
        "200803": "20.01",
        "200804": "20.58",
        "200805": "20.26",
        "200806": "18.49",
        "200807": "15.82",
        "200808": "15.67",
        "200809": "13.67",
        "200810": "12.09",
        "200811": "10.06",
        "200812": "9.69",
        "200901": "9.62",
        "200902": "9.18",
        "200903": "9.41",
        "200904": "10.99",
        "200905": "11.74",
        "200906": "11.26",
        "200907": "11.37",
        "200908": "11.28",
        "200909": "11.34",
        "200910": "11.91",
        "200911": "13.14",
        "200912": "16.00",
        "201001": "15.66",
        "201002": "15.11",
        "201003": "16.32",
        "201004": "20.17",
        "201005": "19.23",
        "201006": "17.63",
        "201007": "17.31",
        "201008": "19.87",
        "201009": "21.03",
        "201010": "19.13",
        "201011": "18.44",
        "201012": "20.49",
        "201101": "21.32",
        "201102": "20.70",
        "201103": "20.32",
        "201104": "20.81",
        "201105": "20.76",
        "201106": "19.40",
        "201107": "19.45",
        "201108": "17.00",
        "201109": "16.48",
        "201110": "16.07",
        "201111": "16.67",
        "201112": "16.02",
        "201201": "17.17",
        "201202": "19.94",
        "201203": "20.39",
        "201204": "20.48",
        "201205": "21.23",
        "201206": "20.70",
        "201207": "20.97",
        "201208": "19.91",
        "201209": "20.29",
        "201210": "19.26",
        "201211": "17.98",
        "201212": "18.04",
        "201301": "18.35",
        "201302": "18.80",
        "201303": "19.03",
        "201304": "18.91",
        "201305": "19.44",
        "201306": "19.62",
        "201307": "20.84",
        "201308": "23.04",
        "201309": "25.49",
        "201310": "28.60",
        "201311": "30.43",
        "201312": "38.18",
        "201401": "38.18",
        "201402": "38.94",
        "201403": "40.49",
        "201404": "41.10",
        "201405": "42.08",
        "201406": "42.88",
        "201407": "39.32",
        "201408": "35.33",
        "201409": "31.69",
        "201410": "28.66",
        "201411": "32.08",
        "201412": "37.68",
        "201501": "38.78",
        "201502": "39.65",
        "201503": "48.38",
        "201504": "59.28",
        "201505": "66.97",
        "201506": "83.55",
        "201507": "70.41",
        "201508": "61.83",
        "201509": "68.10",
        "201510": "67.51",
        "201511": "65.51",
        "201512": "57.17",
        "201601": "52.78",
        "201602": "55.23",
        "201603": "55.74",
        "201604": "52.59",
        "201605": "48.85",
        "201606": "51.63",
        "201607": "50.14",
        "201608": "48.46",
        "201609": "44.30",
        "201610": "43.82",
        "201611": "38.18",
        "201612": "42.12",
        "201701": "45.21",
        "201702": "45.93",
        "201703": "50.98",
        "201704": "54.33",
        "201705": "59.79",
        "201706": "63.78",
        "201707": "71.26",
        "201708": "76.96",
        "201709": "78.65",
        "201710": "79.72",
        "201711": "80.14",
        "201712": "76.92",
        "201801": "76.27",
        "201802": "69.06",
        "201803": "64.37",
        "201804": "66.97",
        "201805": "73.73",
        "201806": "71.42",
        "201807": "68.05",
        "201808": "62.83",
        "201809": "53.47",
        "201810": "44.27",
        "201811": "43.62",
        "201812": "49.21",
        "201901": "51.80",
        "201902": "55.97",
        "201903": "53.92",
        "201904": "54.64",
        "201905": "51.07",
        "201906": "46.84",
        "201907": "49.02",
        "201908": "45.23",
        "201909": "53.54",
        "201910": "55.37",
        "201911": "51.53",
        "201912": "49.20",
        "202001": "48.25",
        "202002": "44.14",
        "202003": "36.10",
        "202004": "36.20",
        "202005": "39.09",
        "202006": "42.18",
        "202007": "40.44",
        "202008": "40.23",
        "202009": "41.53",
        "202010": "42.09",
        "202011": "46.77",
        "202012": "48.13",
        "202101": "53.62",
        "202102": "50.33",
        "202103": "52.97",
        "202104": "51.74",
        "202105": "44.58",
        "202106": "46.00",
        "202107": "45.79",
        "202108": "42.61",
        "202109": "40.97",
        "202110": "40.94",
        "202111": "41.57",
        "202112": "41.48",
        "202201": "41.58",
        "202202": "40.81",
        "202203": "39.69",
        "202204": "39.01",
        "202205": "36.17",
        "202206": "37.11",
        "202207": "33.96",
        "202208": "35.85",
        "202209": "35.14",
        "202210": "31.90",
        "202211": "32.21",
        "202212": "31.82",
        "202301": "31.79",
        "202302": "32.63",
        "202303": "33.13",
        "202304": "33.63",
        "202305": "34.72",
        "202306": "34.72",
        "202307": "34.31",
        "202308": "33.11",
        "202309": "32.20",
        "202310": "31.17",
        "202311": "30.68",
        "202312": "31.10"
    },
    "quarters": {
        "20011": {
            "year_quarter": 20011,
            "year": 2001,
            "quarter": 1,
            "eps": -0.05,
            "eps_growth_year": -123.81,
            "eps_4q": 0.84,
            "eps_4q_growth_year": null,
            "roe": -0.27,
            "roe_4q": -0.27,
            "gross_profit": 8700,
            "gross_margin": 15.69,
            "gross_margin_4q_avg": 15.69,
            "net_income": -1416,
            "net_income_4q": null,
            "revenue": 55453,
            "revenue_4q": null,
            "common_shares": 310088,
            "book_valuer_per_share": 16.65,
            "book_valuer_per_share_4q_avg": 16.65,
            "equity": 516443,
            "current_ratio": 75.03,
            "debt_ratio": 31.1,
            "inventory_turnover_ratio": 1.71,
            "account_receivable_turnover_ratio": null,
            "reinvestment_rate": null,
            "research_to_sale_ratio": null,
            "price_fair": 0,
            "eps_avg_yearly": 0,
            "eps_latest_yearly": 0,
            "eps_growth_yearly": 0
        },
        "20012": {
            "year_quarter": 20012,
            "year": 2001,
            "quarter": 2,
            "eps": -0.23,
            "eps_growth_year": -221.05,
            "eps_4q": 0.34,
            "eps_4q_growth_year": null,
            "roe": -1.46,
            "roe_4q": -1.73,
            "gross_profit": 4956,
            "gross_margin": 9.92,
            "gross_margin_4q_avg": 12.81,
            "net_income": -7366,
            "net_income_4q": null,
            "revenue": 49948,
            "revenue_4q": null,
            "common_shares": 310088,
            "book_valuer_per_share": 15.94,
            "book_valuer_per_share_4q_avg": 16.3,
            "equity": 494133,
            "current_ratio": 72.67,
            "debt_ratio": 34.9,
            "inventory_turnover_ratio": 2.18,
            "account_receivable_turnover_ratio": null,
            "reinvestment_rate": null,
            "research_to_sale_ratio": null,
            "price_fair": 0,
            "eps_avg_yearly": 0,
            "eps_latest_yearly": 0,
            "eps_growth_yearly": 0
        },
        "20013": {
            "year_quarter": 20013,
            "year": 2001,
            "quarter": 3,
            "eps": 0.12,
            "eps_growth_year": -70.73,
            "eps_4q": 0.06,
            "eps_4q_growth_year": null,
            "roe": 0.78,
            "roe_4q": -0.95,
            "gross_profit": 12640,
            "gross_margin": 21.71,
            "gross_margin_4q_avg": 15.77,
            "net_income": 3861,
            "net_income_4q": null,
            "revenue": 58225,
            "revenue_4q": null,
            "common_shares": 322811,
            "book_valuer_per_share": 15.44,
            "book_valuer_per_share_4q_avg": 16.01,
            "equity": 498285,
            "current_ratio": 79.94,
            "debt_ratio": 34.71,
            "inventory_turnover_ratio": 2.56,
            "account_receivable_turnover_ratio": null,
            "reinvestment_rate": null,
            "research_to_sale_ratio": null,
            "price_fair": 0,
            "eps_avg_yearly": 0,
            "eps_latest_yearly": 0,
            "eps_growth_yearly": 0
        },
        "20014": {
            "year_quarter": 20014,
            "year": 2001,
            "quarter": 4,
            "eps": 0.2,
            "eps_growth_year": -9.09,
            "eps_4q": 0.05,
            "eps_4q_growth_year": -95.56,
            "roe": 1.23,
            "roe_4q": 0.2799999999999998,
            "gross_profit": 21262,
            "gross_margin": 29.69,
            "gross_margin_4q_avg": 19.25,
            "net_income": 6356,
            "net_income_4q": null,
            "revenue": 71616,
            "revenue_4q": null,
            "common_shares": 322811,
            "book_valuer_per_share": 15.68,
            "book_valuer_per_share_4q_avg": 15.93,
            "equity": 538500,
            "current_ratio": 112.23,
            "debt_ratio": 30.36,
            "inventory_turnover_ratio": 2.82,
            "account_receivable_turnover_ratio": null,
            "reinvestment_rate": null,
            "research_to_sale_ratio": null,
            "price_fair": 0,
            "eps_avg_yearly": 0,
            "eps_latest_yearly": 0,
            "eps_growth_yearly": 0
        },
        "20021": {
            "year_quarter": 20021,
            "year": 2002,
            "quarter": 1,
            "eps": -0.04,
            "eps_growth_year": null,
            "eps_4q": 0.04,
            "eps_4q_growth_year": -95.48,
            "roe": -0.28,
            "roe_4q": 0.27,
            "gross_profit": 13780,
            "gross_margin": 24.74,
            "gross_margin_4q_avg": 21.52,
            "net_income": -1461,
            "net_income_4q": null,
            "revenue": 55698,
            "revenue_4q": null,
            "common_shares": 322811,
            "book_valuer_per_share": 15.63,
            "book_valuer_per_share_4q_avg": 15.67,
            "equity": 504669,
            "current_ratio": 81.83,
            "debt_ratio": 32.4,
            "inventory_turnover_ratio": 2.37,
            "account_receivable_turnover_ratio": null,
            "reinvestment_rate": null,
            "research_to_sale_ratio": null,
            "price_fair": 0,
            "eps_avg_yearly": 0,
            "eps_latest_yearly": 0,
            "eps_growth_yearly": 0
        },
        "20022": {
            "year_quarter": 20022,
            "year": 2002,
            "quarter": 2,
            "eps": 0.16,
            "eps_growth_year": null,
            "eps_4q": 0.43,
            "eps_4q_growth_year": 25.72,
            "roe": 1.04,
            "roe_4q": 2.77,
            "gross_profit": 22938,
            "gross_margin": 27.58,
            "gross_margin_4q_avg": 25.93,
            "net_income": 5234,
            "net_income_4q": null,
            "revenue": 83172,
            "revenue_4q": null,
            "common_shares": 322811,
            "book_valuer_per_share": 15.66,
            "book_valuer_per_share_4q_avg": 15.6,
            "equity": 505565,
            "current_ratio": 85.35,
            "debt_ratio": 34.39,
            "inventory_turnover_ratio": 3.38,
            "account_receivable_turnover_ratio": null,
            "reinvestment_rate": null,
            "research_to_sale_ratio": null,
            "price_fair": 0,
            "eps_avg_yearly": 0,
            "eps_latest_yearly": 0,
            "eps_growth_yearly": 0
        },
        "20023": {
            "year_quarter": 20023,
            "year": 2002,
            "quarter": 3,
            "eps": 0.22,
            "eps_growth_year": 83.33,
            "eps_4q": 0.54,
            "eps_4q_growth_year": 839.11,
            "roe": 1.38,
            "roe_4q": 3.3699999999999997,
            "gross_profit": 24453,
            "gross_margin": 28.9,
            "gross_margin_4q_avg": 27.73,
            "net_income": 7035,
            "net_income_4q": null,
            "revenue": 84626,
            "revenue_4q": null,
            "common_shares": 322811,
            "book_valuer_per_share": 16,
            "book_valuer_per_share_4q_avg": 15.74,
            "equity": 516648,
            "current_ratio": 94.81,
            "debt_ratio": 30.87,
            "inventory_turnover_ratio": 2.7,
            "account_receivable_turnover_ratio": null,
            "reinvestment_rate": null,
            "research_to_sale_ratio": null,
            "price_fair": 30.8,
            "eps_avg_yearly": 0.88,
            "eps_latest_yearly": 0.88,
            "eps_growth_yearly": 150
        },
        "20024": {
            "year_quarter": 20024,
            "year": 2002,
            "quarter": 4,
            "eps": 0.16,
            "eps_growth_year": -20,
            "eps_4q": 0.49,
            "eps_4q_growth_year": 975.44,
            "roe": 0.96,
            "roe_4q": 3.0999999999999996,
            "gross_profit": 19898,
            "gross_margin": 25.07,
            "gross_margin_4q_avg": 26.57,
            "net_income": 5311,
            "net_income_4q": null,
            "revenue": 79372,
            "revenue_4q": null,
            "common_shares": 322811,
            "book_valuer_per_share": 16.15,
            "book_valuer_per_share_4q_avg": 15.86,
            "equity": 584261,
            "current_ratio": 116.27,
            "debt_ratio": 32.85,
            "inventory_turnover_ratio": 2.31,
            "account_receivable_turnover_ratio": null,
            "reinvestment_rate": null,
            "research_to_sale_ratio": null,
            "price_fair": 23.15,
            "eps_avg_yearly": 0.76,
            "eps_latest_yearly": 0.64,
            "eps_growth_yearly": 20.45
        },
        "20031": {
            "year_quarter": 20031,
            "year": 2003,
            "quarter": 1,
            "eps": 0.11,
            "eps_growth_year": null,
            "eps_4q": 0.67,
            "eps_4q_growth_year": 1650.5,
            "roe": 0.63,
            "roe_4q": 4.01,
            "gross_profit": 16214,
            "gross_margin": 20.7,
            "gross_margin_4q_avg": 25.56,
            "net_income": 3477,
            "net_income_4q": null,
            "revenue": 78327,
            "revenue_4q": null,
            "common_shares": 322811,
            "book_valuer_per_share": 16.26,
            "book_valuer_per_share_4q_avg": 16.02,
            "equity": 524948,
            "current_ratio": 94.93,
            "debt_ratio": 35.06,
            "inventory_turnover_ratio": 2.59,
            "account_receivable_turnover_ratio": null,
            "reinvestment_rate": null,
            "research_to_sale_ratio": null,
            "price_fair": 1.96,
            "eps_avg_yearly": 0.65,
            "eps_latest_yearly": 0.44,
            "eps_growth_yearly": -28.03
        },
        "20032": {
            "year_quarter": 20032,
            "year": 2003,
            "quarter": 2,
            "eps": 0.53,
            "eps_growth_year": 231.25,
            "eps_4q": 1.01,
            "eps_4q_growth_year": 135.5,
            "roe": 3.32,
            "roe_4q": 6.29,
            "gross_profit": 37896,
            "gross_margin": 32.09,
            "gross_margin_4q_avg": 26.69,
            "net_income": 17576,
            "net_income_4q": null,
            "revenue": 118108,
            "revenue_4q": null,
            "common_shares": 322811,
            "book_valuer_per_share": 16.54,
            "book_valuer_per_share_4q_avg": 16.24,
            "equity": 533779,
            "current_ratio": 95.68,
            "debt_ratio": 37.36,
            "inventory_turnover_ratio": 3.49,
            "account_receivable_turnover_ratio": null,
            "reinvestment_rate": null,
            "research_to_sale_ratio": null,
            "price_fair": 35.7,
            "eps_avg_yearly": 1.02,
            "eps_latest_yearly": 2.12,
            "eps_growth_yearly": 360.8
        },
        "20033": {
            "year_quarter": 20033,
            "year": 2003,
            "quarter": 3,
            "eps": 0.39,
            "eps_growth_year": 77.27,
            "eps_4q": 1.19,
            "eps_4q_growth_year": 121.23,
            "roe": 2.39,
            "roe_4q": 7.3,
            "gross_profit": 31764,
            "gross_margin": 28.82,
            "gross_margin_4q_avg": 26.67,
            "net_income": 12893,
            "net_income_4q": null,
            "revenue": 110205,
            "revenue_4q": null,
            "common_shares": 332331,
            "book_valuer_per_share": 16.38,
            "book_valuer_per_share_4q_avg": 16.33,
            "equity": 544212,
            "current_ratio": 98.35,
            "debt_ratio": 33.19,
            "inventory_turnover_ratio": 2.49,
            "account_receivable_turnover_ratio": null,
            "reinvestment_rate": null,
            "research_to_sale_ratio": null,
            "price_fair": 39.48,
            "eps_avg_yearly": 1.13,
            "eps_latest_yearly": 1.56,
            "eps_growth_yearly": 267.5
        },
        "20034": {
            "year_quarter": 20034,
            "year": 2003,
            "quarter": 4,
            "eps": 0.53,
            "eps_growth_year": 231.25,
            "eps_4q": 1.55,
            "eps_4q_growth_year": 218.23,
            "roe": 2.96,
            "roe_4q": 9.3,
            "gross_profit": 43895,
            "gross_margin": 33.84,
            "gross_margin_4q_avg": 28.86,
            "net_income": 17720,
            "net_income_4q": null,
            "revenue": 129719,
            "revenue_4q": null,
            "common_shares": 332331,
            "book_valuer_per_share": 16.88,
            "book_valuer_per_share_4q_avg": 16.52,
            "equity": 652987,
            "current_ratio": 139.04,
            "debt_ratio": 32.29,
            "inventory_turnover_ratio": 2.1,
            "account_receivable_turnover_ratio": null,
            "reinvestment_rate": 120.58,
            "research_to_sale_ratio": null,
            "price_fair": 45.27,
            "eps_avg_yearly": 1.29,
            "eps_latest_yearly": 2.12,
            "eps_growth_yearly": 246.85
        },
        "20041": {
            "year_quarter": 20041,
            "year": 2004,
            "quarter": 1,
            "eps": 0.71,
            "eps_growth_year": 545.45,
            "eps_4q": 2.17,
            "eps_4q_growth_year": 225.51,
            "roe": 3.8,
            "roe_4q": 12.47,
            "gross_profit": 51243,
            "gross_margin": 34.67,
            "gross_margin_4q_avg": 32.36,
            "net_income": 23459,
            "net_income_4q": null,
            "revenue": 147785,
            "revenue_4q": null,
            "common_shares": 332331,
            "book_valuer_per_share": 17.52,
            "book_valuer_per_share_4q_avg": 16.83,
            "equity": 582318,
            "current_ratio": 110.04,
            "debt_ratio": 31.61,
            "inventory_turnover_ratio": 2.51,
            "account_receivable_turnover_ratio": null,
            "reinvestment_rate": 33.14,
            "research_to_sale_ratio": null,
            "price_fair": 53,
            "eps_avg_yearly": 1.51,
            "eps_latest_yearly": 2.84,
            "eps_growth_yearly": 230.99
        },
        "20042": {
            "year_quarter": 20042,
            "year": 2004,
            "quarter": 2,
            "eps": 0.9,
            "eps_growth_year": 69.81,
            "eps_4q": 2.36,
            "eps_4q_growth_year": 134.14,
            "roe": 5.6,
            "roe_4q": 14.75,
            "gross_profit": 60908,
            "gross_margin": 34.71,
            "gross_margin_4q_avg": 33.01,
            "net_income": 33376,
            "net_income_4q": null,
            "revenue": 175457,
            "revenue_4q": null,
            "common_shares": 332331,
            "book_valuer_per_share": 18.36,
            "book_valuer_per_share_4q_avg": 17.29,
            "equity": 610066,
            "current_ratio": 115.7,
            "debt_ratio": 31.23,
            "inventory_turnover_ratio": 3.19,
            "account_receivable_turnover_ratio": null,
            "reinvestment_rate": 25.9,
            "research_to_sale_ratio": null,
            "price_fair": 62.13,
            "eps_avg_yearly": 1.78,
            "eps_latest_yearly": 3.6,
            "eps_growth_yearly": 215.5
        },
        "20043": {
            "year_quarter": 20043,
            "year": 2004,
            "quarter": 3,
            "eps": 0.57,
            "eps_growth_year": 46.15,
            "eps_4q": 2.56,
            "eps_4q_growth_year": 115.68,
            "roe": 3.44,
            "roe_4q": 15.8,
            "gross_profit": 49350,
            "gross_margin": 30.32,
            "gross_margin_4q_avg": 33.39,
            "net_income": 21342,
            "net_income_4q": null,
            "revenue": 162780,
            "revenue_4q": null,
            "common_shares": 371415,
            "book_valuer_per_share": 17.01,
            "book_valuer_per_share_4q_avg": 17.44,
            "equity": 631886,
            "current_ratio": 131.13,
            "debt_ratio": 27.37,
            "inventory_turnover_ratio": 2.91,
            "account_receivable_turnover_ratio": null,
            "reinvestment_rate": 10.73,
            "research_to_sale_ratio": null,
            "price_fair": 64.09,
            "eps_avg_yearly": 1.83,
            "eps_latest_yearly": 2.28,
            "eps_growth_yearly": 175.26
        },
        "20044": {
            "year_quarter": 20044,
            "year": 2004,
            "quarter": 4,
            "eps": 0.52,
            "eps_growth_year": -1.89,
            "eps_4q": 2.62,
            "eps_4q_growth_year": 69.65,
            "roe": 2.83,
            "roe_4q": 15.669999999999998,
            "gross_profit": 46327,
            "gross_margin": 31.46,
            "gross_margin_4q_avg": 32.79,
            "net_income": 19343,
            "net_income_4q": null,
            "revenue": 147274,
            "revenue_4q": null,
            "common_shares": 371415,
            "book_valuer_per_share": 17.41,
            "book_valuer_per_share_4q_avg": 17.58,
            "equity": 735360,
            "current_ratio": 168.78,
            "debt_ratio": 25.53,
            "inventory_turnover_ratio": 2,
            "account_receivable_turnover_ratio": null,
            "reinvestment_rate": 29.62,
            "research_to_sale_ratio": null,
            "price_fair": 64.96,
            "eps_avg_yearly": 1.86,
            "eps_latest_yearly": 2.08,
            "eps_growth_yearly": 154.22
        },
        "20051": {
            "year_quarter": 20051,
            "year": 2005,
            "quarter": 1,
            "eps": 0.45,
            "eps_growth_year": -36.62,
            "eps_4q": 2.46,
            "eps_4q_growth_year": 13.57,
            "roe": 2.37,
            "roe_4q": 14.24,
            "gross_profit": 40818,
            "gross_margin": 28.76,
            "gross_margin_4q_avg": 31.31,
            "net_income": 16559,
            "net_income_4q": null,
            "revenue": 141912,
            "revenue_4q": null,
            "common_shares": 371415,
            "book_valuer_per_share": 17.83,
            "book_valuer_per_share_4q_avg": 17.65,
            "equity": 662172,
            "current_ratio": 126.27,
            "debt_ratio": 28.98,
            "inventory_turnover_ratio": 1.78,
            "account_receivable_turnover_ratio": null,
            "reinvestment_rate": 19.37,
            "research_to_sale_ratio": null,
            "price_fair": 64.78,
            "eps_avg_yearly": 1.85,
            "eps_latest_yearly": 1.8,
            "eps_growth_yearly": 135.31
        },
        "20052": {
            "year_quarter": 20052,
            "year": 2005,
            "quarter": 2,
            "eps": 0.36,
            "eps_growth_year": -60,
            "eps_4q": 1.71,
            "eps_4q_growth_year": -27.58,
            "roe": 2.3,
            "roe_4q": 10.94,
            "gross_profit": 35874,
            "gross_margin": 27.72,
            "gross_margin_4q_avg": 29.57,
            "net_income": 15291,
            "net_income_4q": null,
            "revenue": 129424,
            "revenue_4q": null,
            "common_shares": 371415,
            "book_valuer_per_share": 17.92,
            "book_valuer_per_share_4q_avg": 17.54,
            "equity": 665671,
            "current_ratio": 123.97,
            "debt_ratio": 30.89,
            "inventory_turnover_ratio": 1.67,
            "account_receivable_turnover_ratio": null,
            "reinvestment_rate": 24.91,
            "research_to_sale_ratio": null,
            "price_fair": 63.58,
            "eps_avg_yearly": 1.82,
            "eps_latest_yearly": 1.44,
            "eps_growth_yearly": 117.37
        },
        "20053": {
            "year_quarter": 20053,
            "year": 2005,
            "quarter": 3,
            "eps": 0.24,
            "eps_growth_year": -57.89,
            "eps_4q": 1.42,
            "eps_4q_growth_year": -44.49,
            "roe": 1.54,
            "roe_4q": 9.04,
            "gross_profit": 35893,
            "gross_margin": 28.59,
            "gross_margin_4q_avg": 29.13,
            "net_income": 10397,
            "net_income_4q": null,
            "revenue": 125555,
            "revenue_4q": null,
            "common_shares": 428516,
            "book_valuer_per_share": 15.98,
            "book_valuer_per_share_4q_avg": 17.29,
            "equity": 684629,
            "current_ratio": 123.74,
            "debt_ratio": 29.54,
            "inventory_turnover_ratio": 1.44,
            "account_receivable_turnover_ratio": null,
            "reinvestment_rate": 31.55,
            "research_to_sale_ratio": null,
            "price_fair": 61.28,
            "eps_avg_yearly": 1.75,
            "eps_latest_yearly": 0.96,
            "eps_growth_yearly": 98.08
        },
        "20054": {
            "year_quarter": 20054,
            "year": 2005,
            "quarter": 4,
            "eps": 0.29,
            "eps_growth_year": -44.23,
            "eps_4q": 1.27,
            "eps_4q_growth_year": -51.4,
            "roe": 1.8,
            "roe_4q": 8.01,
            "gross_profit": 29536,
            "gross_margin": 23.27,
            "gross_margin_4q_avg": 27.09,
            "net_income": 12448,
            "net_income_4q": null,
            "revenue": 126933,
            "revenue_4q": null,
            "common_shares": 428516,
            "book_valuer_per_share": 16.25,
            "book_valuer_per_share_4q_avg": 17,
            "equity": 696277,
            "current_ratio": 156.88,
            "debt_ratio": 34.48,
            "inventory_turnover_ratio": 1.3,
            "account_receivable_turnover_ratio": null,
            "reinvestment_rate": 42.94,
            "research_to_sale_ratio": null,
            "price_fair": 59.8,
            "eps_avg_yearly": 1.71,
            "eps_latest_yearly": 1.16,
            "eps_growth_yearly": 97.03
        },
        "20061": {
            "year_quarter": 20061,
            "year": 2006,
            "quarter": 1,
            "eps": 0.14,
            "eps_growth_year": -68.89,
            "eps_4q": 1,
            "eps_4q_growth_year": -59.39,
            "roe": 0.89,
            "roe_4q": 6.53,
            "gross_profit": 26040,
            "gross_margin": 22.83,
            "gross_margin_4q_avg": 25.6,
            "net_income": 6208,
            "net_income_4q": null,
            "revenue": 114079,
            "revenue_4q": null,
            "common_shares": 428516,
            "book_valuer_per_share": 16.38,
            "book_valuer_per_share_4q_avg": 16.63,
            "equity": 702015,
            "current_ratio": 129.61,
            "debt_ratio": 34.91,
            "inventory_turnover_ratio": 1.12,
            "account_receivable_turnover_ratio": null,
            "reinvestment_rate": 43.75,
            "research_to_sale_ratio": null,
            "price_fair": 57.12,
            "eps_avg_yearly": 1.63,
            "eps_latest_yearly": 0.56,
            "eps_growth_yearly": 76.77
        },
        "20062": {
            "year_quarter": 20062,
            "year": 2006,
            "quarter": 2,
            "eps": 0.26,
            "eps_growth_year": -27.78,
            "eps_4q": 0.9,
            "eps_4q_growth_year": -47.49,
            "roe": 1.69,
            "roe_4q": 5.92,
            "gross_profit": 30048,
            "gross_margin": 22.75,
            "gross_margin_4q_avg": 24.36,
            "net_income": 11863,
            "net_income_4q": null,
            "revenue": 132105,
            "revenue_4q": null,
            "common_shares": 428516,
            "book_valuer_per_share": 16.45,
            "book_valuer_per_share_4q_avg": 16.27,
            "equity": 704821,
            "current_ratio": 130.66,
            "debt_ratio": 36.84,
            "inventory_turnover_ratio": 1.45,
            "account_receivable_turnover_ratio": null,
            "reinvestment_rate": 45.04,
            "research_to_sale_ratio": null,
            "price_fair": 55.83,
            "eps_avg_yearly": 1.6,
            "eps_latest_yearly": 1.04,
            "eps_growth_yearly": 93.4
        },
        "20063": {
            "year_quarter": 20063,
            "year": 2006,
            "quarter": 3,
            "eps": 0.38,
            "eps_growth_year": 58.33,
            "eps_4q": 1.03,
            "eps_4q_growth_year": -27.39,
            "roe": 2.48,
            "roe_4q": 6.859999999999999,
            "gross_profit": 38046,
            "gross_margin": 21.98,
            "gross_margin_4q_avg": 22.71,
            "net_income": 17779,
            "net_income_4q": null,
            "revenue": 173073,
            "revenue_4q": null,
            "common_shares": 465160,
            "book_valuer_per_share": 15.63,
            "book_valuer_per_share_4q_avg": 16.18,
            "equity": 727203,
            "current_ratio": 132.66,
            "debt_ratio": 37.6,
            "inventory_turnover_ratio": 1.91,
            "account_receivable_turnover_ratio": null,
            "reinvestment_rate": 40.77,
            "research_to_sale_ratio": null,
            "price_fair": 57.23,
            "eps_avg_yearly": 1.64,
            "eps_latest_yearly": 1.52,
            "eps_growth_yearly": 95.56
        },
        "20064": {
            "year_quarter": 20064,
            "year": 2006,
            "quarter": 4,
            "eps": 0.35,
            "eps_growth_year": 20.69,
            "eps_4q": 1.12,
            "eps_4q_growth_year": -12.39,
            "roe": 2.23,
            "roe_4q": 7.29,
            "gross_profit": 47396,
            "gross_margin": 27.22,
            "gross_margin_4q_avg": 23.7,
            "net_income": 16372,
            "net_income_4q": null,
            "revenue": 174151,
            "revenue_4q": null,
            "common_shares": 465160,
            "book_valuer_per_share": 15.97,
            "book_valuer_per_share_4q_avg": 16.11,
            "equity": 743089,
            "current_ratio": 148.07,
            "debt_ratio": 38.46,
            "inventory_turnover_ratio": 1.49,
            "account_receivable_turnover_ratio": null,
            "reinvestment_rate": 55.86,
            "research_to_sale_ratio": null,
            "price_fair": 58.89,
            "eps_avg_yearly": 1.68,
            "eps_latest_yearly": 1.4,
            "eps_growth_yearly": 100.41
        },
        "20071": {
            "year_quarter": 20071,
            "year": 2007,
            "quarter": 1,
            "eps": 0.43,
            "eps_growth_year": 207.14,
            "eps_4q": 1.43,
            "eps_4q_growth_year": 42.84,
            "roe": 2.62,
            "roe_4q": 9.02,
            "gross_profit": 47389,
            "gross_margin": 27.32,
            "gross_margin_4q_avg": 24.82,
            "net_income": 19816,
            "net_income_4q": null,
            "revenue": 173433,
            "revenue_4q": null,
            "common_shares": 465160,
            "book_valuer_per_share": 16.48,
            "book_valuer_per_share_4q_avg": 16.13,
            "equity": 766776,
            "current_ratio": 144.43,
            "debt_ratio": 34.07,
            "inventory_turnover_ratio": 1.52,
            "account_receivable_turnover_ratio": null,
            "reinvestment_rate": 34.36,
            "research_to_sale_ratio": null,
            "price_fair": 61.69,
            "eps_avg_yearly": 1.76,
            "eps_latest_yearly": 1.72,
            "eps_growth_yearly": 113.93
        },
        "20072": {
            "year_quarter": 20072,
            "year": 2007,
            "quarter": 2,
            "eps": 0.44,
            "eps_growth_year": 69.23,
            "eps_4q": 1.5,
            "eps_4q_growth_year": 66.83,
            "roe": 2.9,
            "roe_4q": 10.23,
            "gross_profit": 51553,
            "gross_margin": 29.59,
            "gross_margin_4q_avg": 26.53,
            "net_income": 22486,
            "net_income_4q": null,
            "revenue": 174224,
            "revenue_4q": null,
            "common_shares": 465160,
            "book_valuer_per_share": 16.82,
            "book_valuer_per_share_4q_avg": 16.23,
            "equity": 782284,
            "current_ratio": 130.44,
            "debt_ratio": 34.97,
            "inventory_turnover_ratio": 1.72,
            "account_receivable_turnover_ratio": null,
            "reinvestment_rate": 40.85,
            "research_to_sale_ratio": null,
            "price_fair": 50.56,
            "eps_avg_yearly": 1.74,
            "eps_latest_yearly": 1.76,
            "eps_growth_yearly": 19.06
        },
        "20073": {
            "year_quarter": 20073,
            "year": 2007,
            "quarter": 3,
            "eps": 0.52,
            "eps_growth_year": 36.84,
            "eps_4q": 1.68,
            "eps_4q_growth_year": 62.86,
            "roe": 3.3,
            "roe_4q": 11.05,
            "gross_profit": 50842,
            "gross_margin": 28.22,
            "gross_margin_4q_avg": 28.09,
            "net_income": 26274,
            "net_income_4q": null,
            "revenue": 180150,
            "revenue_4q": null,
            "common_shares": 508320,
            "book_valuer_per_share": 15.94,
            "book_valuer_per_share_4q_avg": 16.3,
            "equity": 810139,
            "current_ratio": 115.47,
            "debt_ratio": 34,
            "inventory_turnover_ratio": 1.87,
            "account_receivable_turnover_ratio": null,
            "reinvestment_rate": 40.52,
            "research_to_sale_ratio": null,
            "price_fair": 62.04,
            "eps_avg_yearly": 1.77,
            "eps_latest_yearly": 2.08,
            "eps_growth_yearly": 30.21
        },
        "20074": {
            "year_quarter": 20074,
            "year": 2007,
            "quarter": 4,
            "eps": 0.28,
            "eps_growth_year": -20,
            "eps_4q": 1.63,
            "eps_4q_growth_year": 45.96,
            "roe": 1.74,
            "roe_4q": 10.559999999999999,
            "gross_profit": 47360,
            "gross_margin": 25.61,
            "gross_margin_4q_avg": 27.69,
            "net_income": 14229,
            "net_income_4q": null,
            "revenue": 184941,
            "revenue_4q": null,
            "common_shares": 508320,
            "book_valuer_per_share": 16.22,
            "book_valuer_per_share_4q_avg": 16.37,
            "equity": 824669,
            "current_ratio": 165.48,
            "debt_ratio": 34.52,
            "inventory_turnover_ratio": 1.75,
            "account_receivable_turnover_ratio": null,
            "reinvestment_rate": 73.09,
            "research_to_sale_ratio": null,
            "price_fair": 33.68,
            "eps_avg_yearly": 1.71,
            "eps_latest_yearly": 1.12,
            "eps_growth_yearly": 9.7
        },
        "20081": {
            "year_quarter": 20081,
            "year": 2008,
            "quarter": 1,
            "eps": 0.31,
            "eps_growth_year": -27.91,
            "eps_4q": 1.56,
            "eps_4q_growth_year": 9.39,
            "roe": 1.88,
            "roe_4q": 9.82,
            "gross_profit": 50626,
            "gross_margin": 22.12,
            "gross_margin_4q_avg": 26.39,
            "net_income": 15588,
            "net_income_4q": null,
            "revenue": 228891,
            "revenue_4q": null,
            "common_shares": 508320,
            "book_valuer_per_share": 16.44,
            "book_valuer_per_share_4q_avg": 16.36,
            "equity": 835494,
            "current_ratio": 159.71,
            "debt_ratio": 34.13,
            "inventory_turnover_ratio": 1.81,
            "account_receivable_turnover_ratio": null,
            "reinvestment_rate": 104.49,
            "research_to_sale_ratio": null,
            "price_fair": 22.35,
            "eps_avg_yearly": 1.61,
            "eps_latest_yearly": 1.24,
            "eps_growth_yearly": 3.88
        },
        "20082": {
            "year_quarter": 20082,
            "year": 2008,
            "quarter": 2,
            "eps": 0.54,
            "eps_growth_year": 22.73,
            "eps_4q": 1.64,
            "eps_4q_growth_year": 9.87,
            "roe": 3.25,
            "roe_4q": 10.17,
            "gross_profit": 64245,
            "gross_margin": 24.12,
            "gross_margin_4q_avg": 25.02,
            "net_income": 27443,
            "net_income_4q": null,
            "revenue": 266358,
            "revenue_4q": null,
            "common_shares": 508320,
            "book_valuer_per_share": 16.83,
            "book_valuer_per_share_4q_avg": 16.36,
            "equity": 855732,
            "current_ratio": 153.75,
            "debt_ratio": 36.53,
            "inventory_turnover_ratio": 1.92,
            "account_receivable_turnover_ratio": null,
            "reinvestment_rate": 112.41,
            "research_to_sale_ratio": null,
            "price_fair": 39.13,
            "eps_avg_yearly": 1.52,
            "eps_latest_yearly": 2.16,
            "eps_growth_yearly": 15.74
        },
        "20083": {
            "year_quarter": 20083,
            "year": 2008,
            "quarter": 3,
            "eps": 0.53,
            "eps_growth_year": 1.92,
            "eps_4q": 1.52,
            "eps_4q_growth_year": -9.68,
            "roe": 3.5,
            "roe_4q": 10.37,
            "gross_profit": 63389,
            "gross_margin": 22.17,
            "gross_margin_4q_avg": 23.51,
            "net_income": 30700,
            "net_income_4q": null,
            "revenue": 285963,
            "revenue_4q": null,
            "common_shares": 582565,
            "book_valuer_per_share": 15.42,
            "book_valuer_per_share_4q_avg": 16.23,
            "equity": 898140,
            "current_ratio": 152.56,
            "debt_ratio": 37.4,
            "inventory_turnover_ratio": 1.67,
            "account_receivable_turnover_ratio": null,
            "reinvestment_rate": 114.57,
            "research_to_sale_ratio": null,
            "price_fair": 52.01,
            "eps_avg_yearly": 1.51,
            "eps_latest_yearly": 2.12,
            "eps_growth_yearly": 24.45
        },
        "20084": {
            "year_quarter": 20084,
            "year": 2008,
            "quarter": 4,
            "eps": 0.26,
            "eps_growth_year": -7.14,
            "eps_4q": 1.52,
            "eps_4q_growth_year": -6.86,
            "roe": 1.67,
            "roe_4q": 10.3,
            "gross_profit": 49661,
            "gross_margin": 19.27,
            "gross_margin_4q_avg": 21.92,
            "net_income": 15243,
            "net_income_4q": null,
            "revenue": 257715,
            "revenue_4q": null,
            "common_shares": 582565,
            "book_valuer_per_share": 15.86,
            "book_valuer_per_share_4q_avg": 16.14,
            "equity": 923679,
            "current_ratio": 145.5,
            "debt_ratio": 36.16,
            "inventory_turnover_ratio": 1.4,
            "account_receivable_turnover_ratio": 2.61,
            "reinvestment_rate": 91.05,
            "research_to_sale_ratio": null,
            "price_fair": 34.54,
            "eps_avg_yearly": 1.45,
            "eps_latest_yearly": 1.04,
            "eps_growth_yearly": 13.9
        },
        "20091": {
            "year_quarter": 20091,
            "year": 2009,
            "quarter": 1,
            "eps": 0.1,
            "eps_growth_year": -67.74,
            "eps_4q": 1.34,
            "eps_4q_growth_year": -14.21,
            "roe": 0.64,
            "roe_4q": 9.06,
            "gross_profit": 25073,
            "gross_margin": 15.94,
            "gross_margin_4q_avg": 20.38,
            "net_income": 5915,
            "net_income_4q": null,
            "revenue": 157255,
            "revenue_4q": null,
            "common_shares": 582565,
            "book_valuer_per_share": 16.07,
            "book_valuer_per_share_4q_avg": 16.05,
            "equity": 936110,
            "current_ratio": 188.63,
            "debt_ratio": 29.86,
            "inventory_turnover_ratio": 0.98,
            "account_receivable_turnover_ratio": 0.96,
            "reinvestment_rate": 106.75,
            "research_to_sale_ratio": null,
            "price_fair": 16.13,
            "eps_avg_yearly": 1.36,
            "eps_latest_yearly": 0.4,
            "eps_growth_yearly": 1.88
        },
        "20092": {
            "year_quarter": 20092,
            "year": 2009,
            "quarter": 2,
            "eps": 0.09,
            "eps_growth_year": -83.33,
            "eps_4q": 1.02,
            "eps_4q_growth_year": -37.77,
            "roe": 0.54,
            "roe_4q": 6.35,
            "gross_profit": 38079,
            "gross_margin": 21.59,
            "gross_margin_4q_avg": 19.74,
            "net_income": 5003,
            "net_income_4q": null,
            "revenue": 176396,
            "revenue_4q": null,
            "common_shares": 582565,
            "book_valuer_per_share": 15.82,
            "book_valuer_per_share_4q_avg": 15.79,
            "equity": 921800,
            "current_ratio": 214.22,
            "debt_ratio": 28.62,
            "inventory_turnover_ratio": 1.27,
            "account_receivable_turnover_ratio": 1.37,
            "reinvestment_rate": 113.58,
            "research_to_sale_ratio": null,
            "price_fair": 18.55,
            "eps_avg_yearly": 1.29,
            "eps_latest_yearly": 0.36,
            "eps_growth_yearly": 4.38
        },
        "20093": {
            "year_quarter": 20093,
            "year": 2009,
            "quarter": 3,
            "eps": 0.12,
            "eps_growth_year": -77.36,
            "eps_4q": 0.52,
            "eps_4q_growth_year": -65.56,
            "roe": 0.84,
            "roe_4q": 3.69,
            "gross_profit": 35257,
            "gross_margin": 20.47,
            "gross_margin_4q_avg": 19.32,
            "net_income": 7789,
            "net_income_4q": null,
            "revenue": 172239,
            "revenue_4q": null,
            "common_shares": 635175,
            "book_valuer_per_share": 14.64,
            "book_valuer_per_share_4q_avg": 15.6,
            "equity": 930171,
            "current_ratio": 220.63,
            "debt_ratio": 27.48,
            "inventory_turnover_ratio": 1.64,
            "account_receivable_turnover_ratio": 1.26,
            "reinvestment_rate": 104.86,
            "research_to_sale_ratio": null,
            "price_fair": 39.12,
            "eps_avg_yearly": 1.26,
            "eps_latest_yearly": 0.48,
            "eps_growth_yearly": 21.05
        },
        "20094": {
            "year_quarter": 20094,
            "year": 2009,
            "quarter": 4,
            "eps": 0.28,
            "eps_growth_year": 7.69,
            "eps_4q": 0.57,
            "eps_4q_growth_year": -62.42,
            "roe": 1.87,
            "roe_4q": 3.89,
            "gross_profit": 56555,
            "gross_margin": 22.87,
            "gross_margin_4q_avg": 20.22,
            "net_income": 17516,
            "net_income_4q": null,
            "revenue": 247249,
            "revenue_4q": null,
            "common_shares": 635175,
            "book_valuer_per_share": 14.82,
            "book_valuer_per_share_4q_avg": 15.34,
            "equity": 941023,
            "current_ratio": 174.77,
            "debt_ratio": 28.76,
            "inventory_turnover_ratio": 2.41,
            "account_receivable_turnover_ratio": 2.33,
            "reinvestment_rate": 203.8,
            "research_to_sale_ratio": null,
            "price_fair": 44.01,
            "eps_avg_yearly": 1.26,
            "eps_latest_yearly": 1.12,
            "eps_growth_yearly": 49.18
        },
        "20101": {
            "year_quarter": 20101,
            "year": 2010,
            "quarter": 1,
            "eps": 0.45,
            "eps_growth_year": 350,
            "eps_4q": 0.93,
            "eps_4q_growth_year": -30.69,
            "roe": 3.01,
            "roe_4q": 6.26,
            "gross_profit": 64076,
            "gross_margin": 25.1,
            "gross_margin_4q_avg": 22.51,
            "net_income": 28711,
            "net_income_4q": null,
            "revenue": 255284,
            "revenue_4q": null,
            "common_shares": 635175,
            "book_valuer_per_share": 15.24,
            "book_valuer_per_share_4q_avg": 15.13,
            "equity": 967865,
            "current_ratio": 181.38,
            "debt_ratio": 30.01,
            "inventory_turnover_ratio": 2.28,
            "account_receivable_turnover_ratio": 1.21,
            "reinvestment_rate": 218.06,
            "research_to_sale_ratio": 2.63,
            "price_fair": 46.73,
            "eps_avg_yearly": 1.34,
            "eps_latest_yearly": 1.8,
            "eps_growth_yearly": 77.28
        },
        "20102": {
            "year_quarter": 20102,
            "year": 2010,
            "quarter": 2,
            "eps": 0.47,
            "eps_growth_year": 418.89,
            "eps_4q": 1.3,
            "eps_4q_growth_year": 27.16,
            "roe": 3.1,
            "roe_4q": 8.82,
            "gross_profit": 59570,
            "gross_margin": 24.07,
            "gross_margin_4q_avg": 23.13,
            "net_income": 30256,
            "net_income_4q": null,
            "revenue": 247524,
            "revenue_4q": null,
            "common_shares": 635175,
            "book_valuer_per_share": 15.51,
            "book_valuer_per_share_4q_avg": 15.05,
            "equity": 985421,
            "current_ratio": 170.91,
            "debt_ratio": 31.5,
            "inventory_turnover_ratio": 2.01,
            "account_receivable_turnover_ratio": 1.15,
            "reinvestment_rate": 225.35,
            "research_to_sale_ratio": 3.03,
            "price_fair": 48.56,
            "eps_avg_yearly": 1.39,
            "eps_latest_yearly": 1.88,
            "eps_growth_yearly": 56.97
        },
        "20103": {
            "year_quarter": 20103,
            "year": 2010,
            "quarter": 3,
            "eps": 0.37,
            "eps_growth_year": 207.14,
            "eps_4q": 1.55,
            "eps_4q_growth_year": 196.17,
            "roe": 2.4,
            "roe_4q": 10.379999999999999,
            "gross_profit": 64217,
            "gross_margin": 23.39,
            "gross_margin_4q_avg": 23.86,
            "net_income": 23879,
            "net_income_4q": null,
            "revenue": 274604,
            "revenue_4q": null,
            "common_shares": 647878,
            "book_valuer_per_share": 15.5,
            "book_valuer_per_share_4q_avg": 15.27,
            "equity": 1003895,
            "current_ratio": 171.33,
            "debt_ratio": 35,
            "inventory_turnover_ratio": 2.27,
            "account_receivable_turnover_ratio": 1.25,
            "reinvestment_rate": 263.22,
            "research_to_sale_ratio": 2.91,
            "price_fair": 48.48,
            "eps_avg_yearly": 1.39,
            "eps_latest_yearly": 1.48,
            "eps_growth_yearly": 40.11
        },
        "20104": {
            "year_quarter": 20104,
            "year": 2010,
            "quarter": 4,
            "eps": 0.44,
            "eps_growth_year": 56.89,
            "eps_4q": 1.72,
            "eps_4q_growth_year": 201.26,
            "roe": 2.82,
            "roe_4q": 11.33,
            "gross_profit": 76442,
            "gross_margin": 24.35,
            "gross_margin_4q_avg": 24.23,
            "net_income": 28460,
            "net_income_4q": null,
            "revenue": 313936,
            "revenue_4q": null,
            "common_shares": 647878,
            "book_valuer_per_share": 15.62,
            "book_valuer_per_share_4q_avg": 15.47,
            "equity": 1012048,
            "current_ratio": 151.96,
            "debt_ratio": 38.09,
            "inventory_turnover_ratio": 2.61,
            "account_receivable_turnover_ratio": 1.38,
            "reinvestment_rate": 198.72,
            "research_to_sale_ratio": 2.99,
            "price_fair": 49.26,
            "eps_avg_yearly": 1.41,
            "eps_latest_yearly": 1.76,
            "eps_growth_yearly": 46.81
        },
        "20111": {
            "year_quarter": 20111,
            "year": 2011,
            "quarter": 1,
            "eps": 0.54,
            "eps_growth_year": 20,
            "eps_4q": 1.81,
            "eps_4q_growth_year": 95.05,
            "roe": 3.37,
            "roe_4q": 11.69,
            "gross_profit": 75220,
            "gross_margin": 24.64,
            "gross_margin_4q_avg": 24.11,
            "net_income": 34824,
            "net_income_4q": null,
            "revenue": 305244,
            "revenue_4q": null,
            "common_shares": 647878,
            "book_valuer_per_share": 16.26,
            "book_valuer_per_share_4q_avg": 15.72,
            "equity": 1053156,
            "current_ratio": 171.55,
            "debt_ratio": 35.76,
            "inventory_turnover_ratio": 2.2,
            "account_receivable_turnover_ratio": 1.32,
            "reinvestment_rate": 238.66,
            "research_to_sale_ratio": 3.3,
            "price_fair": 50.23,
            "eps_avg_yearly": 1.44,
            "eps_latest_yearly": 2.16,
            "eps_growth_yearly": 46.78
        },
        "20112": {
            "year_quarter": 20112,
            "year": 2011,
            "quarter": 2,
            "eps": 0.41,
            "eps_growth_year": -12.82,
            "eps_4q": 1.71,
            "eps_4q_growth_year": 31.72,
            "roe": 2.61,
            "roe_4q": 11.200000000000001,
            "gross_profit": 73315,
            "gross_margin": 23.37,
            "gross_margin_4q_avg": 23.94,
            "net_income": 27170,
            "net_income_4q": null,
            "revenue": 313711,
            "revenue_4q": null,
            "common_shares": 647878,
            "book_valuer_per_share": 15.93,
            "book_valuer_per_share_4q_avg": 15.83,
            "equity": 1031891,
            "current_ratio": 154.94,
            "debt_ratio": 37.05,
            "inventory_turnover_ratio": 1.91,
            "account_receivable_turnover_ratio": 1.34,
            "reinvestment_rate": 229.15,
            "research_to_sale_ratio": 3.94,
            "price_fair": 49.96,
            "eps_avg_yearly": 1.43,
            "eps_latest_yearly": 1.64,
            "eps_growth_yearly": 40.18
        },
        "20113": {
            "year_quarter": 20113,
            "year": 2011,
            "quarter": 3,
            "eps": 0.63,
            "eps_growth_year": 71.47,
            "eps_4q": 1.99,
            "eps_4q_growth_year": 28.3,
            "roe": 3.95,
            "roe_4q": 12.75,
            "gross_profit": 80601,
            "gross_margin": 24.19,
            "gross_margin_4q_avg": 24.14,
            "net_income": 42174,
            "net_income_4q": null,
            "revenue": 333154,
            "revenue_4q": null,
            "common_shares": 667314,
            "book_valuer_per_share": 16.52,
            "book_valuer_per_share_4q_avg": 16.08,
            "equity": 1102596,
            "current_ratio": 163.39,
            "debt_ratio": 34.5,
            "inventory_turnover_ratio": 1.74,
            "account_receivable_turnover_ratio": 1.28,
            "reinvestment_rate": 240.35,
            "research_to_sale_ratio": 3.42,
            "price_fair": 50.93,
            "eps_avg_yearly": 1.46,
            "eps_latest_yearly": 2.52,
            "eps_growth_yearly": 49.05
        },
        "20114": {
            "year_quarter": 20114,
            "year": 2011,
            "quarter": 4,
            "eps": 0.7,
            "eps_growth_year": 59.69,
            "eps_4q": 2.26,
            "eps_4q_growth_year": 31.69,
            "roe": 4.18,
            "roe_4q": 14.11,
            "gross_profit": 97597,
            "gross_margin": 26.9,
            "gross_margin_4q_avg": 24.78,
            "net_income": 46810,
            "net_income_4q": null,
            "revenue": 362843,
            "revenue_4q": null,
            "common_shares": 667314,
            "book_valuer_per_share": 17.08,
            "book_valuer_per_share_4q_avg": 16.45,
            "equity": 1139614,
            "current_ratio": 164.32,
            "debt_ratio": 32.97,
            "inventory_turnover_ratio": 1.93,
            "account_receivable_turnover_ratio": 1.29,
            "reinvestment_rate": 184.16,
            "research_to_sale_ratio": 3.27,
            "price_fair": 54.6,
            "eps_avg_yearly": 1.56,
            "eps_latest_yearly": 2.8,
            "eps_growth_yearly": 63.37
        },
        "20121": {
            "year_quarter": 20121,
            "year": 2012,
            "quarter": 1,
            "eps": 0.64,
            "eps_growth_year": 18.52,
            "eps_4q": 2.38,
            "eps_4q_growth_year": 31.14,
            "roe": 3.67,
            "roe_4q": 14.41,
            "gross_profit": 87570,
            "gross_margin": 26.02,
            "gross_margin_4q_avg": 25.12,
            "net_income": 42445,
            "net_income_4q": null,
            "revenue": 336586,
            "revenue_4q": null,
            "common_shares": 667314,
            "book_valuer_per_share": 17.54,
            "book_valuer_per_share_4q_avg": 16.77,
            "equity": 1170592,
            "current_ratio": 192.27,
            "debt_ratio": 28.8,
            "inventory_turnover_ratio": 1.96,
            "account_receivable_turnover_ratio": 1.18,
            "reinvestment_rate": 163.89,
            "research_to_sale_ratio": 2.6,
            "price_fair": 57.49,
            "eps_avg_yearly": 1.64,
            "eps_latest_yearly": 2.56,
            "eps_growth_yearly": 58.54
        },
        "20122": {
            "year_quarter": 20122,
            "year": 2012,
            "quarter": 2,
            "eps": 0.65,
            "eps_growth_year": 60.43,
            "eps_4q": 2.53,
            "eps_4q_growth_year": 47.6,
            "roe": 3.94,
            "roe_4q": 15.739999999999998,
            "gross_profit": 104974,
            "gross_margin": 28.78,
            "gross_margin_4q_avg": 26.47,
            "net_income": 45767,
            "net_income_4q": null,
            "revenue": 364760,
            "revenue_4q": null,
            "common_shares": 667314,
            "book_valuer_per_share": 17.25,
            "book_valuer_per_share_4q_avg": 17.1,
            "equity": 1151267,
            "current_ratio": 168.81,
            "debt_ratio": 31.98,
            "inventory_turnover_ratio": 1.89,
            "account_receivable_turnover_ratio": 1.28,
            "reinvestment_rate": 154.73,
            "research_to_sale_ratio": 3.71,
            "price_fair": 58.45,
            "eps_avg_yearly": 1.67,
            "eps_latest_yearly": 2.6,
            "eps_growth_yearly": 40.39
        },
        "20123": {
            "year_quarter": 20123,
            "year": 2012,
            "quarter": 3,
            "eps": 0.41,
            "eps_growth_year": -34.81,
            "eps_4q": 2.34,
            "eps_4q_growth_year": 17.69,
            "roe": 2.48,
            "roe_4q": 14.27,
            "gross_profit": 69945,
            "gross_margin": 21.97,
            "gross_margin_4q_avg": 25.92,
            "net_income": 28867,
            "net_income_4q": null,
            "revenue": 318318,
            "revenue_4q": null,
            "common_shares": 700680,
            "book_valuer_per_share": 16.79,
            "book_valuer_per_share_4q_avg": 17.17,
            "equity": 1176476,
            "current_ratio": 207.76,
            "debt_ratio": 31.7,
            "inventory_turnover_ratio": 1.84,
            "account_receivable_turnover_ratio": 1.22,
            "reinvestment_rate": 152.85,
            "research_to_sale_ratio": 3.16,
            "price_fair": 57.4,
            "eps_avg_yearly": 1.64,
            "eps_latest_yearly": 1.64,
            "eps_growth_yearly": 31.62
        },
        "20124": {
            "year_quarter": 20124,
            "year": 2012,
            "quarter": 4,
            "eps": 0.28,
            "eps_growth_year": -59.53,
            "eps_4q": 1.95,
            "eps_4q_growth_year": -13.6,
            "roe": 1.68,
            "roe_4q": 11.77,
            "gross_profit": 54826,
            "gross_margin": 19.78,
            "gross_margin_4q_avg": 24.14,
            "net_income": 19889,
            "net_income_4q": null,
            "revenue": 277205,
            "revenue_4q": null,
            "common_shares": 700680,
            "book_valuer_per_share": 17.01,
            "book_valuer_per_share_4q_avg": 17.15,
            "equity": 1191919,
            "current_ratio": 211.26,
            "debt_ratio": 30.77,
            "inventory_turnover_ratio": 1.72,
            "account_receivable_turnover_ratio": 1.17,
            "reinvestment_rate": 165.57,
            "research_to_sale_ratio": 4.37,
            "price_fair": 57.58,
            "eps_avg_yearly": 1.65,
            "eps_latest_yearly": 1.12,
            "eps_growth_yearly": 36.43
        },
        "20131": {
            "year_quarter": 20131,
            "year": 2013,
            "quarter": 1,
            "eps": 0.57,
            "eps_growth_year": -10.94,
            "eps_4q": 1.92,
            "eps_4q_growth_year": -19.15,
            "roe": 3.3,
            "roe_4q": 11.399999999999999,
            "gross_profit": 80425,
            "gross_margin": 25.54,
            "gross_margin_4q_avg": 24.02,
            "net_income": 40123,
            "net_income_4q": null,
            "revenue": 314922,
            "revenue_4q": null,
            "common_shares": 700680,
            "book_valuer_per_share": 17.72,
            "book_valuer_per_share_4q_avg": 17.19,
            "equity": 1241311,
            "current_ratio": 218.55,
            "debt_ratio": 30.29,
            "inventory_turnover_ratio": 1.7,
            "account_receivable_turnover_ratio": 1.32,
            "reinvestment_rate": 7.73,
            "research_to_sale_ratio": 4.08,
            "price_fair": 61.69,
            "eps_avg_yearly": 1.76,
            "eps_latest_yearly": 2.28,
            "eps_growth_yearly": 77.71
        },
        "20132": {
            "year_quarter": 20132,
            "year": 2013,
            "quarter": 2,
            "eps": 0.55,
            "eps_growth_year": -15.8,
            "eps_4q": 1.77,
            "eps_4q_growth_year": -30.02,
            "roe": 3.22,
            "roe_4q": 10.68,
            "gross_profit": 95662,
            "gross_margin": 25.62,
            "gross_margin_4q_avg": 23.23,
            "net_income": 40082,
            "net_income_4q": null,
            "revenue": 373345,
            "revenue_4q": null,
            "common_shares": 700680,
            "book_valuer_per_share": 17.85,
            "book_valuer_per_share_4q_avg": 17.34,
            "equity": 1251041,
            "current_ratio": 199.98,
            "debt_ratio": 34.56,
            "inventory_turnover_ratio": 1.95,
            "account_receivable_turnover_ratio": 1.39,
            "reinvestment_rate": 13.28,
            "research_to_sale_ratio": 3.22,
            "price_fair": 65.71,
            "eps_avg_yearly": 1.88,
            "eps_latest_yearly": 2.2,
            "eps_growth_yearly": 79.33
        },
        "20133": {
            "year_quarter": 20133,
            "year": 2013,
            "quarter": 3,
            "eps": 0.57,
            "eps_growth_year": 38.35,
            "eps_4q": 1.95,
            "eps_4q_growth_year": -16.71,
            "roe": 3.3,
            "roe_4q": 11.5,
            "gross_profit": 100777,
            "gross_margin": 25.65,
            "gross_margin_4q_avg": 24.15,
            "net_income": 41862,
            "net_income_4q": null,
            "revenue": 392853,
            "revenue_4q": null,
            "common_shares": 728707,
            "book_valuer_per_share": 17.63,
            "book_valuer_per_share_4q_avg": 17.55,
            "equity": 1284590,
            "current_ratio": 181.47,
            "debt_ratio": 36.82,
            "inventory_turnover_ratio": 2.09,
            "account_receivable_turnover_ratio": 1.26,
            "reinvestment_rate": 13.44,
            "research_to_sale_ratio": 3.41,
            "price_fair": 69.65,
            "eps_avg_yearly": 1.99,
            "eps_latest_yearly": 2.28,
            "eps_growth_yearly": 71.9
        },
        "20134": {
            "year_quarter": 20134,
            "year": 2013,
            "quarter": 4,
            "eps": 0.63,
            "eps_growth_year": 120.8,
            "eps_4q": 2.3,
            "eps_4q_growth_year": 17.75,
            "roe": 3.48,
            "roe_4q": 13.3,
            "gross_profit": 113120,
            "gross_margin": 25.86,
            "gross_margin_4q_avg": 25.67,
            "net_income": 45671,
            "net_income_4q": null,
            "revenue": 437447,
            "revenue_4q": null,
            "common_shares": 728707,
            "book_valuer_per_share": 18.36,
            "book_valuer_per_share_4q_avg": 17.89,
            "equity": 1337667,
            "current_ratio": 163.36,
            "debt_ratio": 38.27,
            "inventory_turnover_ratio": 2.34,
            "account_receivable_turnover_ratio": 1.28,
            "reinvestment_rate": -24.94,
            "research_to_sale_ratio": 3.26,
            "price_fair": 72.71,
            "eps_avg_yearly": 2.08,
            "eps_latest_yearly": 2.52,
            "eps_growth_yearly": 41.2
        },
        "20141": {
            "year_quarter": 20141,
            "year": 2014,
            "quarter": 1,
            "eps": 0.56,
            "eps_growth_year": -1.75,
            "eps_4q": 2.31,
            "eps_4q_growth_year": 20.09,
            "roe": 2.99,
            "roe_4q": 12.99,
            "gross_profit": 95055,
            "gross_margin": 25.64,
            "gross_margin_4q_avg": 25.69,
            "net_income": 40544,
            "net_income_4q": null,
            "revenue": 370758,
            "revenue_4q": null,
            "common_shares": 728707,
            "book_valuer_per_share": 18.81,
            "book_valuer_per_share_4q_avg": 18.16,
            "equity": 1370850,
            "current_ratio": 149.75,
            "debt_ratio": 41.48,
            "inventory_turnover_ratio": 1.89,
            "account_receivable_turnover_ratio": 1.16,
            "reinvestment_rate": -20.78,
            "research_to_sale_ratio": 4.43,
            "price_fair": 69.98,
            "eps_avg_yearly": 2.11,
            "eps_latest_yearly": 2.24,
            "eps_growth_yearly": 23.25
        },
        "20142": {
            "year_quarter": 20142,
            "year": 2014,
            "quarter": 2,
            "eps": 0.47,
            "eps_growth_year": -14.55,
            "eps_4q": 2.14,
            "eps_4q_growth_year": 21.08,
            "roe": 2.65,
            "roe_4q": 12.420000000000002,
            "gross_profit": 110567,
            "gross_margin": 23.69,
            "gross_margin_4q_avg": 25.21,
            "net_income": 35872,
            "net_income_4q": null,
            "revenue": 466701,
            "revenue_4q": null,
            "common_shares": 728707,
            "book_valuer_per_share": 18.4,
            "book_valuer_per_share_4q_avg": 18.3,
            "equity": 1340526,
            "current_ratio": 127.13,
            "debt_ratio": 50.19,
            "inventory_turnover_ratio": 2.34,
            "account_receivable_turnover_ratio": 1.29,
            "reinvestment_rate": -17.99,
            "research_to_sale_ratio": 3.74,
            "price_fair": 59.19,
            "eps_avg_yearly": 2.11,
            "eps_latest_yearly": 1.88,
            "eps_growth_yearly": 18.12
        },
        "20143": {
            "year_quarter": 20143,
            "year": 2014,
            "quarter": 3,
            "eps": 0.86,
            "eps_growth_year": 50.88,
            "eps_4q": 2.46,
            "eps_4q_growth_year": 26.05,
            "roe": 4.75,
            "roe_4q": 13.870000000000001,
            "gross_profit": 120146,
            "gross_margin": 26.52,
            "gross_margin_4q_avg": 25.43,
            "net_income": 65798,
            "net_income_4q": null,
            "revenue": 452967,
            "revenue_4q": null,
            "common_shares": 765143,
            "book_valuer_per_share": 18.71,
            "book_valuer_per_share_4q_avg": 18.57,
            "equity": 1431333,
            "current_ratio": 124.79,
            "debt_ratio": 47.07,
            "inventory_turnover_ratio": 2.06,
            "account_receivable_turnover_ratio": 1.17,
            "reinvestment_rate": -2.16,
            "research_to_sale_ratio": 1.88,
            "price_fair": 77.96,
            "eps_avg_yearly": 2.23,
            "eps_latest_yearly": 3.44,
            "eps_growth_yearly": 44.18
        },
        "20144": {
            "year_quarter": 20144,
            "year": 2014,
            "quarter": 4,
            "eps": 1.04,
            "eps_growth_year": 65.82,
            "eps_4q": 2.9,
            "eps_4q_growth_year": 25.89,
            "roe": 5.36,
            "roe_4q": 15.75,
            "gross_profit": 137001,
            "gross_margin": 26.16,
            "gross_margin_4q_avg": 25.5,
            "net_income": 79517,
            "net_income_4q": null,
            "revenue": 523705,
            "revenue_4q": null,
            "common_shares": 765143,
            "book_valuer_per_share": 20.06,
            "book_valuer_per_share_4q_avg": 19,
            "equity": 1535037,
            "current_ratio": 116.21,
            "debt_ratio": 47.67,
            "inventory_turnover_ratio": 2.19,
            "account_receivable_turnover_ratio": 1.4,
            "reinvestment_rate": 25.49,
            "research_to_sale_ratio": 1.81,
            "price_fair": 83.21,
            "eps_avg_yearly": 2.38,
            "eps_latest_yearly": 4.16,
            "eps_growth_yearly": 44.68
        },
        "20151": {
            "year_quarter": 20151,
            "year": 2015,
            "quarter": 1,
            "eps": 1.07,
            "eps_growth_year": 91.07,
            "eps_4q": 3.43,
            "eps_4q_growth_year": 48.81,
            "roe": 5.2,
            "roe_4q": 17.96,
            "gross_profit": 153728,
            "gross_margin": 29.28,
            "gross_margin_4q_avg": 26.41,
            "net_income": 81568,
            "net_income_4q": null,
            "revenue": 525086,
            "revenue_4q": null,
            "common_shares": 765143,
            "book_valuer_per_share": 20.97,
            "book_valuer_per_share_4q_avg": 19.54,
            "equity": 1604650,
            "current_ratio": 116.73,
            "debt_ratio": 45.73,
            "inventory_turnover_ratio": 1.93,
            "account_receivable_turnover_ratio": 1.36,
            "reinvestment_rate": 26.54,
            "research_to_sale_ratio": 1.68,
            "price_fair": 87.85,
            "eps_avg_yearly": 2.51,
            "eps_latest_yearly": 4.28,
            "eps_growth_yearly": 39.72
        },
        "20152": {
            "year_quarter": 20152,
            "year": 2015,
            "quarter": 2,
            "eps": 0.83,
            "eps_growth_year": 76.6,
            "eps_4q": 3.8,
            "eps_4q_growth_year": 77.2,
            "roe": 4.04,
            "roe_4q": 19.35,
            "gross_profit": 151379,
            "gross_margin": 25.84,
            "gross_margin_4q_avg": 26.95,
            "net_income": 63639,
            "net_income_4q": null,
            "revenue": 585815,
            "revenue_4q": null,
            "common_shares": 765143,
            "book_valuer_per_share": 20.16,
            "book_valuer_per_share_4q_avg": 19.98,
            "equity": 1542617,
            "current_ratio": 104.85,
            "debt_ratio": 49.47,
            "inventory_turnover_ratio": 2.07,
            "account_receivable_turnover_ratio": 1.46,
            "reinvestment_rate": 27.81,
            "research_to_sale_ratio": 1.65,
            "price_fair": 91.53,
            "eps_avg_yearly": 2.62,
            "eps_latest_yearly": 3.32,
            "eps_growth_yearly": 40.13
        },
        "20153": {
            "year_quarter": 20153,
            "year": 2015,
            "quarter": 3,
            "eps": 0.82,
            "eps_growth_year": -4.65,
            "eps_4q": 3.76,
            "eps_4q_growth_year": 53.06,
            "roe": 3.94,
            "roe_4q": 18.54,
            "gross_profit": 134998,
            "gross_margin": 24.66,
            "gross_margin_4q_avg": 26.49,
            "net_income": 62848,
            "net_income_4q": null,
            "revenue": 547538,
            "revenue_4q": null,
            "common_shares": 765143,
            "book_valuer_per_share": 21.53,
            "book_valuer_per_share_4q_avg": 20.68,
            "equity": 1647134,
            "current_ratio": 111.8,
            "debt_ratio": 50.08,
            "inventory_turnover_ratio": 1.86,
            "account_receivable_turnover_ratio": 1.28,
            "reinvestment_rate": 25.04,
            "research_to_sale_ratio": 2.11,
            "price_fair": 93.19,
            "eps_avg_yearly": 2.66,
            "eps_latest_yearly": 3.28,
            "eps_growth_yearly": 26.42
        },
        "20154": {
            "year_quarter": 20154,
            "year": 2015,
            "quarter": 4,
            "eps": 0.84,
            "eps_growth_year": -19.28,
            "eps_4q": 3.56,
            "eps_4q_growth_year": 22.78,
            "roe": 3.85,
            "roe_4q": 17.03,
            "gross_profit": 143713,
            "gross_margin": 25.16,
            "gross_margin_4q_avg": 26.24,
            "net_income": 64190,
            "net_income_4q": null,
            "revenue": 571158,
            "revenue_4q": null,
            "common_shares": 765143,
            "book_valuer_per_share": 22.01,
            "book_valuer_per_share_4q_avg": 21.17,
            "equity": 1684226,
            "current_ratio": 123.15,
            "debt_ratio": 46.98,
            "inventory_turnover_ratio": 2.01,
            "account_receivable_turnover_ratio": 1.33,
            "reinvestment_rate": 28.61,
            "research_to_sale_ratio": 1.91,
            "price_fair": 92.39,
            "eps_avg_yearly": 2.7,
            "eps_latest_yearly": 3.36,
            "eps_growth_yearly": 24.25
        },
        "20161": {
            "year_quarter": 20161,
            "year": 2016,
            "quarter": 1,
            "eps": 0.66,
            "eps_growth_year": -38.32,
            "eps_4q": 3.15,
            "eps_4q_growth_year": -8.28,
            "roe": 2.96,
            "roe_4q": 14.79,
            "gross_profit": 129167,
            "gross_margin": 25.79,
            "gross_margin_4q_avg": 25.36,
            "net_income": 50335,
            "net_income_4q": null,
            "revenue": 500897,
            "revenue_4q": null,
            "common_shares": 765143,
            "book_valuer_per_share": 22.37,
            "book_valuer_per_share_4q_avg": 21.52,
            "equity": 1711603,
            "current_ratio": 125.97,
            "debt_ratio": 44.73,
            "inventory_turnover_ratio": 1.83,
            "account_receivable_turnover_ratio": 1.25,
            "reinvestment_rate": 27.7,
            "research_to_sale_ratio": 2.67,
            "price_fair": 83.87,
            "eps_avg_yearly": 2.7,
            "eps_latest_yearly": 2.64,
            "eps_growth_yearly": 21.04
        },
        "20162": {
            "year_quarter": 20162,
            "year": 2016,
            "quarter": 2,
            "eps": 0.67,
            "eps_growth_year": -19.28,
            "eps_4q": 2.99,
            "eps_4q_growth_year": -21.35,
            "roe": 3.11,
            "roe_4q": 13.86,
            "gross_profit": 143800,
            "gross_margin": 25.56,
            "gross_margin_4q_avg": 25.29,
            "net_income": 51129,
            "net_income_4q": null,
            "revenue": 562639,
            "revenue_4q": null,
            "common_shares": 765143,
            "book_valuer_per_share": 20.64,
            "book_valuer_per_share_4q_avg": 21.64,
            "equity": 1579095,
            "current_ratio": 105.35,
            "debt_ratio": 49.91,
            "inventory_turnover_ratio": 2.02,
            "account_receivable_turnover_ratio": 1.47,
            "reinvestment_rate": 23.07,
            "research_to_sale_ratio": 3.22,
            "price_fair": 84,
            "eps_avg_yearly": 2.71,
            "eps_latest_yearly": 2.68,
            "eps_growth_yearly": 21.02
        },
        "20163": {
            "year_quarter": 20163,
            "year": 2016,
            "quarter": 3,
            "eps": 0.72,
            "eps_growth_year": -12.2,
            "eps_4q": 2.89,
            "eps_4q_growth_year": -23.11,
            "roe": 3.49,
            "roe_4q": 13.409999999999998,
            "gross_profit": 140372,
            "gross_margin": 25.76,
            "gross_margin_4q_avg": 25.57,
            "net_income": 55473,
            "net_income_4q": null,
            "revenue": 544927,
            "revenue_4q": null,
            "common_shares": 765143,
            "book_valuer_per_share": 20.87,
            "book_valuer_per_share_4q_avg": 21.47,
            "equity": 1597148,
            "current_ratio": 103.64,
            "debt_ratio": 48.77,
            "inventory_turnover_ratio": 1.87,
            "account_receivable_turnover_ratio": 1.32,
            "reinvestment_rate": 16.39,
            "research_to_sale_ratio": 2.63,
            "price_fair": 97.48,
            "eps_avg_yearly": 2.79,
            "eps_latest_yearly": 2.88,
            "eps_growth_yearly": 32.12
        },
        "20164": {
            "year_quarter": 20164,
            "year": 2016,
            "quarter": 4,
            "eps": 1.02,
            "eps_growth_year": 22.15,
            "eps_4q": 3.08,
            "eps_4q_growth_year": -13.55,
            "roe": 4.81,
            "roe_4q": 14.370000000000001,
            "gross_profit": 170788,
            "gross_margin": 26.98,
            "gross_margin_4q_avg": 26.02,
            "net_income": 78409,
            "net_income_4q": null,
            "revenue": 632914,
            "revenue_4q": null,
            "common_shares": 765143,
            "book_valuer_per_share": 21.71,
            "book_valuer_per_share_4q_avg": 21.4,
            "equity": 1661104,
            "current_ratio": 109.12,
            "debt_ratio": 49.42,
            "inventory_turnover_ratio": 2.16,
            "account_receivable_turnover_ratio": 1.39,
            "reinvestment_rate": 9.37,
            "research_to_sale_ratio": 2.42,
            "price_fair": 103.95,
            "eps_avg_yearly": 2.97,
            "eps_latest_yearly": 4.08,
            "eps_growth_yearly": 50.46
        },
        "20171": {
            "year_quarter": 20171,
            "year": 2017,
            "quarter": 1,
            "eps": 1.08,
            "eps_growth_year": 63.64,
            "eps_4q": 3.5,
            "eps_4q_growth_year": 11.2,
            "roe": 4.96,
            "roe_4q": 16.37,
            "gross_profit": 168123,
            "gross_margin": 29.91,
            "gross_margin_4q_avg": 27.05,
            "net_income": 82986,
            "net_income_4q": null,
            "revenue": 562085,
            "revenue_4q": null,
            "common_shares": 765143,
            "book_valuer_per_share": 21.99,
            "book_valuer_per_share_4q_avg": 21.3,
            "equity": 1682875,
            "current_ratio": 114,
            "debt_ratio": 48.55,
            "inventory_turnover_ratio": 1.7,
            "account_receivable_turnover_ratio": 1.22,
            "reinvestment_rate": 82.32,
            "research_to_sale_ratio": 2.03,
            "price_fair": 108.41,
            "eps_avg_yearly": 3.1,
            "eps_latest_yearly": 4.32,
            "eps_growth_yearly": 26.04
        },
        "20172": {
            "year_quarter": 20172,
            "year": 2017,
            "quarter": 2,
            "eps": 1.24,
            "eps_growth_year": 85.07,
            "eps_4q": 4.08,
            "eps_4q_growth_year": 36.53,
            "roe": 5.67,
            "roe_4q": 18.93,
            "gross_profit": 175007,
            "gross_margin": 26.64,
            "gross_margin_4q_avg": 27.32,
            "net_income": 95108,
            "net_income_4q": null,
            "revenue": 656987,
            "revenue_4q": null,
            "common_shares": 765143,
            "book_valuer_per_share": 21.84,
            "book_valuer_per_share_4q_avg": 21.6,
            "equity": 1671257,
            "current_ratio": 107.92,
            "debt_ratio": 51.94,
            "inventory_turnover_ratio": 1.79,
            "account_receivable_turnover_ratio": 1.38,
            "reinvestment_rate": 78.43,
            "research_to_sale_ratio": 1.65,
            "price_fair": 114.45,
            "eps_avg_yearly": 3.27,
            "eps_latest_yearly": 4.96,
            "eps_growth_yearly": 30.62
        },
        "20173": {
            "year_quarter": 20173,
            "year": 2017,
            "quarter": 3,
            "eps": 1.36,
            "eps_growth_year": 88.89,
            "eps_4q": 4.71,
            "eps_4q_growth_year": 63.05,
            "roe": 6,
            "roe_4q": 21.439999999999998,
            "gross_profit": 199094,
            "gross_margin": 26.62,
            "gross_margin_4q_avg": 27.54,
            "net_income": 104037,
            "net_income_4q": null,
            "revenue": 747789,
            "revenue_4q": null,
            "common_shares": 765143,
            "book_valuer_per_share": 23.45,
            "book_valuer_per_share_4q_avg": 22.25,
            "equity": 1794542,
            "current_ratio": 107.38,
            "debt_ratio": 51.28,
            "inventory_turnover_ratio": 1.9,
            "account_receivable_turnover_ratio": 1.39,
            "reinvestment_rate": 88.91,
            "research_to_sale_ratio": 2.01,
            "price_fair": 121.36,
            "eps_avg_yearly": 3.47,
            "eps_latest_yearly": 5.44,
            "eps_growth_yearly": 32.13
        },
        "20174": {
            "year_quarter": 20174,
            "year": 2017,
            "quarter": 4,
            "eps": 1.13,
            "eps_growth_year": 10.03,
            "eps_4q": 4.81,
            "eps_4q_growth_year": 56.54,
            "roe": 4.69,
            "roe_4q": 21.32,
            "gross_profit": 186381,
            "gross_margin": 24.17,
            "gross_margin_4q_avg": 26.84,
            "net_income": 86270,
            "net_income_4q": null,
            "revenue": 771265,
            "revenue_4q": null,
            "common_shares": 765143,
            "book_valuer_per_share": 24.66,
            "book_valuer_per_share_4q_avg": 22.99,
            "equity": 1886486,
            "current_ratio": 110.53,
            "debt_ratio": 50.74,
            "inventory_turnover_ratio": 1.94,
            "account_receivable_turnover_ratio": 1.33,
            "reinvestment_rate": 73.44,
            "research_to_sale_ratio": 2.06,
            "price_fair": 125.74,
            "eps_avg_yearly": 3.59,
            "eps_latest_yearly": 4.52,
            "eps_growth_yearly": 25.27
        },
        "20181": {
            "year_quarter": 20181,
            "year": 2018,
            "quarter": 1,
            "eps": 1.15,
            "eps_growth_year": 6.48,
            "eps_4q": 4.88,
            "eps_4q_growth_year": 39.36,
            "roe": 4.54,
            "roe_4q": 20.9,
            "gross_profit": 169907,
            "gross_margin": 24.91,
            "gross_margin_4q_avg": 25.59,
            "net_income": 88073,
            "net_income_4q": null,
            "revenue": 682034,
            "revenue_4q": null,
            "common_shares": 765143,
            "book_valuer_per_share": 26.06,
            "book_valuer_per_share_4q_avg": 24,
            "equity": 1994090,
            "current_ratio": 118.72,
            "debt_ratio": 48.16,
            "inventory_turnover_ratio": 1.51,
            "account_receivable_turnover_ratio": 1.27,
            "reinvestment_rate": 70.53,
            "research_to_sale_ratio": 1.57,
            "price_fair": 130.9,
            "eps_avg_yearly": 3.74,
            "eps_latest_yearly": 4.6,
            "eps_growth_yearly": 28.49
        },
        "20182": {
            "year_quarter": 20182,
            "year": 2018,
            "quarter": 2,
            "eps": 0.7,
            "eps_growth_year": -43.55,
            "eps_4q": 4.33,
            "eps_4q_growth_year": 6.27,
            "roe": 2.75,
            "roe_4q": 17.98,
            "gross_profit": 168355,
            "gross_margin": 23.35,
            "gross_margin_4q_avg": 24.76,
            "net_income": 53146,
            "net_income_4q": null,
            "revenue": 720985,
            "revenue_4q": null,
            "common_shares": 765143,
            "book_valuer_per_share": 24.4,
            "book_valuer_per_share_4q_avg": 24.64,
            "equity": 1866699,
            "current_ratio": 111.75,
            "debt_ratio": 51.2,
            "inventory_turnover_ratio": 1.45,
            "account_receivable_turnover_ratio": 1.49,
            "reinvestment_rate": 61.96,
            "research_to_sale_ratio": 1.62,
            "price_fair": 124.29,
            "eps_avg_yearly": 3.8,
            "eps_latest_yearly": 2.8,
            "eps_growth_yearly": 22.73
        },
        "20183": {
            "year_quarter": 20183,
            "year": 2018,
            "quarter": 3,
            "eps": 1.04,
            "eps_growth_year": -23.53,
            "eps_4q": 4.01,
            "eps_4q_growth_year": -14.89,
            "roe": 4.22,
            "roe_4q": 16.2,
            "gross_profit": 182551,
            "gross_margin": 25.16,
            "gross_margin_4q_avg": 24.4,
            "net_income": 79357,
            "net_income_4q": null,
            "revenue": 725705,
            "revenue_4q": null,
            "common_shares": 765143,
            "book_valuer_per_share": 24.75,
            "book_valuer_per_share_4q_avg": 24.97,
            "equity": 1893502,
            "current_ratio": 132.42,
            "debt_ratio": 49.42,
            "inventory_turnover_ratio": 1.42,
            "account_receivable_turnover_ratio": 1.5,
            "reinvestment_rate": 42.16,
            "research_to_sale_ratio": 1.75,
            "price_fair": 92.71,
            "eps_avg_yearly": 3.84,
            "eps_latest_yearly": 4.16,
            "eps_growth_yearly": 14.13
        },
        "20184": {
            "year_quarter": 20184,
            "year": 2018,
            "quarter": 4,
            "eps": 0.75,
            "eps_growth_year": -33.6,
            "eps_4q": 3.63,
            "eps_4q_growth_year": -24.58,
            "roe": 2.97,
            "roe_4q": 14.48,
            "gross_profit": 147344,
            "gross_margin": 21.54,
            "gross_margin_4q_avg": 23.74,
            "net_income": 57284,
            "net_income_4q": null,
            "revenue": 684152,
            "revenue_4q": null,
            "common_shares": 765143,
            "book_valuer_per_share": 25.68,
            "book_valuer_per_share_4q_avg": 25.22,
            "equity": 1964968,
            "current_ratio": 128.81,
            "debt_ratio": 49.12,
            "inventory_turnover_ratio": 1.41,
            "account_receivable_turnover_ratio": 1.49,
            "reinvestment_rate": 36.39,
            "research_to_sale_ratio": 1.84,
            "price_fair": 44.95,
            "eps_avg_yearly": 3.77,
            "eps_latest_yearly": 3,
            "eps_growth_yearly": 1.92
        },
        "20191": {
            "year_quarter": 20191,
            "year": 2019,
            "quarter": 1,
            "eps": 0.76,
            "eps_growth_year": -33.91,
            "eps_4q": 3.24,
            "eps_4q_growth_year": -33.63,
            "roe": 2.89,
            "roe_4q": 12.83,
            "gross_profit": 159525,
            "gross_margin": 23.71,
            "gross_margin_4q_avg": 23.44,
            "net_income": 58095,
            "net_income_4q": null,
            "revenue": 672895,
            "revenue_4q": null,
            "common_shares": 765143,
            "book_valuer_per_share": 26.92,
            "book_valuer_per_share_4q_avg": 25.44,
            "equity": 2059952,
            "current_ratio": 136.79,
            "debt_ratio": 47.68,
            "inventory_turnover_ratio": 1.31,
            "account_receivable_turnover_ratio": 1.56,
            "reinvestment_rate": 33.48,
            "research_to_sale_ratio": 3.56,
            "price_fair": 42.6,
            "eps_avg_yearly": 3.69,
            "eps_latest_yearly": 3.04,
            "eps_growth_yearly": 1.54
        },
        "20192": {
            "year_quarter": 20192,
            "year": 2019,
            "quarter": 2,
            "eps": 0.73,
            "eps_growth_year": 4.29,
            "eps_4q": 3.27,
            "eps_4q_growth_year": -24.47,
            "roe": 2.79,
            "roe_4q": 12.870000000000001,
            "gross_profit": 187980,
            "gross_margin": 25.91,
            "gross_margin_4q_avg": 24.08,
            "net_income": 55666,
            "net_income_4q": null,
            "revenue": 725429,
            "revenue_4q": null,
            "common_shares": 765143,
            "book_valuer_per_share": 25.27,
            "book_valuer_per_share_4q_avg": 25.66,
            "equity": 1933479,
            "current_ratio": 123.66,
            "debt_ratio": 51.12,
            "inventory_turnover_ratio": 1.26,
            "account_receivable_turnover_ratio": 1.68,
            "reinvestment_rate": 27.65,
            "research_to_sale_ratio": 6.39,
            "price_fair": 59.25,
            "eps_avg_yearly": 3.67,
            "eps_latest_yearly": 2.92,
            "eps_growth_yearly": 6.16
        },
        "20193": {
            "year_quarter": 20193,
            "year": 2019,
            "quarter": 3,
            "eps": 0.8,
            "eps_growth_year": -23.08,
            "eps_4q": 3.04,
            "eps_4q_growth_year": -24.29,
            "roe": 3.16,
            "roe_4q": 11.81,
            "gross_profit": 188032,
            "gross_margin": 24.93,
            "gross_margin_4q_avg": 24.02,
            "net_income": 61254,
            "net_income_4q": null,
            "revenue": 754352,
            "revenue_4q": null,
            "common_shares": 765143,
            "book_valuer_per_share": 25.33,
            "book_valuer_per_share_4q_avg": 25.8,
            "equity": 1938114,
            "current_ratio": 140.71,
            "debt_ratio": 51.39,
            "inventory_turnover_ratio": 1.3,
            "account_receivable_turnover_ratio": 1.69,
            "reinvestment_rate": 23.23,
            "research_to_sale_ratio": 6.28,
            "price_fair": 69.06,
            "eps_avg_yearly": 3.66,
            "eps_latest_yearly": 3.2,
            "eps_growth_yearly": 8.85
        },
        "20194": {
            "year_quarter": 20194,
            "year": 2019,
            "quarter": 4,
            "eps": 0.78,
            "eps_growth_year": 3.56,
            "eps_4q": 3.06,
            "eps_4q_growth_year": -15.66,
            "roe": 3.02,
            "roe_4q": 11.86,
            "gross_profit": 161583,
            "gross_margin": 23.65,
            "gross_margin_4q_avg": 24.55,
            "net_income": 59323,
            "net_income_4q": null,
            "revenue": 683150,
            "revenue_4q": null,
            "common_shares": 765143,
            "book_valuer_per_share": 26.02,
            "book_valuer_per_share_4q_avg": 25.89,
            "equity": 1990826,
            "current_ratio": 143.29,
            "debt_ratio": 49.55,
            "inventory_turnover_ratio": 1.33,
            "account_receivable_turnover_ratio": 1.73,
            "reinvestment_rate": 22.15,
            "research_to_sale_ratio": 5.61,
            "price_fair": 64.27,
            "eps_avg_yearly": 3.65,
            "eps_latest_yearly": 3.12,
            "eps_growth_yearly": 7.62
        },
        "20201": {
            "year_quarter": 20201,
            "year": 2020,
            "quarter": 1,
            "eps": 0.4,
            "eps_growth_year": -47.37,
            "eps_4q": 2.7,
            "eps_4q_growth_year": -16.51,
            "roe": 1.54,
            "roe_4q": 10.510000000000002,
            "gross_profit": 124408,
            "gross_margin": 25.5,
            "gross_margin_4q_avg": 25,
            "net_income": 30723,
            "net_income_4q": null,
            "revenue": 487784,
            "revenue_4q": null,
            "common_shares": 765143,
            "book_valuer_per_share": 26.16,
            "book_valuer_per_share_4q_avg": 25.7,
            "equity": 2001263,
            "current_ratio": 141.88,
            "debt_ratio": 47.97,
            "inventory_turnover_ratio": 0.98,
            "account_receivable_turnover_ratio": 1.43,
            "reinvestment_rate": 27.11,
            "research_to_sale_ratio": 6.52,
            "price_fair": 35.83,
            "eps_avg_yearly": 3.58,
            "eps_latest_yearly": 1.6,
            "eps_growth_yearly": 0.8
        },
        "20202": {
            "year_quarter": 20202,
            "year": 2020,
            "quarter": 2,
            "eps": 0.56,
            "eps_growth_year": -23.29,
            "eps_4q": 2.54,
            "eps_4q_growth_year": -22.51,
            "roe": 2.2,
            "roe_4q": 9.92,
            "gross_profit": 124499,
            "gross_margin": 24.76,
            "gross_margin_4q_avg": 24.71,
            "net_income": 42725,
            "net_income_4q": null,
            "revenue": 502864,
            "revenue_4q": null,
            "common_shares": 765143,
            "book_valuer_per_share": 24.57,
            "book_valuer_per_share_4q_avg": 25.52,
            "equity": 1879634,
            "current_ratio": 121.78,
            "debt_ratio": 49.44,
            "inventory_turnover_ratio": 1.06,
            "account_receivable_turnover_ratio": 1.61,
            "reinvestment_rate": 29.31,
            "research_to_sale_ratio": 5.09,
            "price_fair": 72.59,
            "eps_avg_yearly": 3.56,
            "eps_latest_yearly": 2.24,
            "eps_growth_yearly": 10.42
        },
        "20203": {
            "year_quarter": 20203,
            "year": 2020,
            "quarter": 3,
            "eps": 0.99,
            "eps_growth_year": 23.75,
            "eps_4q": 2.73,
            "eps_4q_growth_year": -10.19,
            "roe": 3.92,
            "roe_4q": 10.68,
            "gross_profit": 169328,
            "gross_margin": 28.12,
            "gross_margin_4q_avg": 25.51,
            "net_income": 75846,
            "net_income_4q": null,
            "revenue": 602116,
            "revenue_4q": null,
            "common_shares": 765143,
            "book_valuer_per_share": 25.96,
            "book_valuer_per_share_4q_avg": 25.68,
            "equity": 1986542,
            "current_ratio": 138.35,
            "debt_ratio": 47.59,
            "inventory_turnover_ratio": 1.31,
            "account_receivable_turnover_ratio": 1.77,
            "reinvestment_rate": 32.64,
            "research_to_sale_ratio": 6.13,
            "price_fair": 126.79,
            "eps_avg_yearly": 3.62,
            "eps_latest_yearly": 3.96,
            "eps_growth_yearly": 27.75
        },
        "20204": {
            "year_quarter": 20204,
            "year": 2020,
            "quarter": 4,
            "eps": 1.1,
            "eps_growth_year": 41.4,
            "eps_4q": 3.05,
            "eps_4q_growth_year": -0.5,
            "roe": 4.1,
            "roe_4q": 11.759999999999998,
            "gross_profit": 181161,
            "gross_margin": 26.98,
            "gross_margin_4q_avg": 26.34,
            "net_income": 83881,
            "net_income_4q": null,
            "revenue": 671585,
            "revenue_4q": null,
            "common_shares": 765143,
            "book_valuer_per_share": 27.47,
            "book_valuer_per_share_4q_avg": 26.04,
            "equity": 2101535,
            "current_ratio": 135.62,
            "debt_ratio": 47.02,
            "inventory_turnover_ratio": 1.57,
            "account_receivable_turnover_ratio": 1.55,
            "reinvestment_rate": 34.14,
            "research_to_sale_ratio": 6.52,
            "price_fair": 109.68,
            "eps_avg_yearly": 3.64,
            "eps_latest_yearly": 4.4,
            "eps_growth_yearly": 20.11
        },
        "20211": {
            "year_quarter": 20211,
            "year": 2021,
            "quarter": 1,
            "eps": 0.72,
            "eps_growth_year": 80,
            "eps_4q": 3.37,
            "eps_4q_growth_year": 24.44,
            "roe": 2.59,
            "roe_4q": 12.809999999999999,
            "gross_profit": 146984,
            "gross_margin": 23.64,
            "gross_margin_4q_avg": 25.88,
            "net_income": 55094,
            "net_income_4q": null,
            "revenue": 621730,
            "revenue_4q": null,
            "common_shares": 765143,
            "book_valuer_per_share": 28.1,
            "book_valuer_per_share_4q_avg": 26.53,
            "equity": 2150052,
            "current_ratio": 130.94,
            "debt_ratio": 46.87,
            "inventory_turnover_ratio": 1.47,
            "account_receivable_turnover_ratio": 1.37,
            "reinvestment_rate": 38.03,
            "research_to_sale_ratio": 4.02,
            "price_fair": 71.06,
            "eps_avg_yearly": 3.55,
            "eps_latest_yearly": 2.88,
            "eps_growth_yearly": 10
        },
        "20212": {
            "year_quarter": 20212,
            "year": 2021,
            "quarter": 2,
            "eps": 0.82,
            "eps_growth_year": 46.43,
            "eps_4q": 3.63,
            "eps_4q_growth_year": 43.15,
            "roe": 2.99,
            "roe_4q": 13.6,
            "gross_profit": 178342,
            "gross_margin": 26.39,
            "gross_margin_4q_avg": 26.28,
            "net_income": 62929,
            "net_income_4q": null,
            "revenue": 675678,
            "revenue_4q": null,
            "common_shares": 765143,
            "book_valuer_per_share": 26.92,
            "book_valuer_per_share_4q_avg": 27.11,
            "equity": 2059827,
            "current_ratio": 114.33,
            "debt_ratio": 49.47,
            "inventory_turnover_ratio": 1.32,
            "account_receivable_turnover_ratio": 1.5,
            "reinvestment_rate": 41.42,
            "research_to_sale_ratio": 5.8,
            "price_fair": 68.17,
            "eps_avg_yearly": 3.45,
            "eps_latest_yearly": 3.28,
            "eps_growth_yearly": 9.77
        },
        "20213": {
            "year_quarter": 20213,
            "year": 2021,
            "quarter": 3,
            "eps": 0.5,
            "eps_growth_year": -49.49,
            "eps_4q": 3.13,
            "eps_4q_growth_year": 14.97,
            "roe": 1.83,
            "roe_4q": 11.51,
            "gross_profit": 125683,
            "gross_margin": 20.85,
            "gross_margin_4q_avg": 24.47,
            "net_income": 37949,
            "net_income_4q": null,
            "revenue": 602699,
            "revenue_4q": null,
            "common_shares": 765143,
            "book_valuer_per_share": 27.41,
            "book_valuer_per_share_4q_avg": 27.48,
            "equity": 2097308,
            "current_ratio": 121.36,
            "debt_ratio": 49.63,
            "inventory_turnover_ratio": 1.03,
            "account_receivable_turnover_ratio": 1.3,
            "reinvestment_rate": 29.46,
            "research_to_sale_ratio": 4.32,
            "price_fair": 9.7,
            "eps_avg_yearly": 3.23,
            "eps_latest_yearly": 2,
            "eps_growth_yearly": -2.4
        },
        "20214": {
            "year_quarter": 20214,
            "year": 2021,
            "quarter": 4,
            "eps": 0.33,
            "eps_growth_year": -69.81,
            "eps_4q": 2.37,
            "eps_4q_growth_year": -22.25,
            "roe": 1.2,
            "roe_4q": 8.61,
            "gross_profit": 106061,
            "gross_margin": 16.7,
            "gross_margin_4q_avg": 21.9,
            "net_income": 25325,
            "net_income_4q": null,
            "revenue": 635275,
            "revenue_4q": null,
            "common_shares": 765143,
            "book_valuer_per_share": 27.98,
            "book_valuer_per_share_4q_avg": 27.6,
            "equity": 2140871,
            "current_ratio": 142.35,
            "debt_ratio": 53.52,
            "inventory_turnover_ratio": 1,
            "account_receivable_turnover_ratio": 1.32,
            "reinvestment_rate": 1.44,
            "research_to_sale_ratio": 4.04,
            "price_fair": 9.1,
            "eps_avg_yearly": 3.03,
            "eps_latest_yearly": 1.32,
            "eps_growth_yearly": -6.68
        },
        "20221": {
            "year_quarter": 20221,
            "year": 2022,
            "quarter": 1,
            "eps": 0.27,
            "eps_growth_year": -62.5,
            "eps_4q": 1.92,
            "eps_4q_growth_year": -42.85,
            "roe": 0.96,
            "roe_4q": 6.98,
            "gross_profit": 117109,
            "gross_margin": 18.61,
            "gross_margin_4q_avg": 20.64,
            "net_income": 20997,
            "net_income_4q": null,
            "revenue": 629278,
            "revenue_4q": null,
            "common_shares": 765143,
            "book_valuer_per_share": 29.42,
            "book_valuer_per_share_4q_avg": 27.93,
            "equity": 2250747,
            "current_ratio": 144.18,
            "debt_ratio": 50.11,
            "inventory_turnover_ratio": 0.95,
            "account_receivable_turnover_ratio": 1.24,
            "reinvestment_rate": 3.77,
            "research_to_sale_ratio": 4.34,
            "price_fair": 8.44,
            "eps_avg_yearly": 2.81,
            "eps_latest_yearly": 1.08,
            "eps_growth_yearly": -11.66
        },
        "20222": {
            "year_quarter": 20222,
            "year": 2022,
            "quarter": 2,
            "eps": 0.15,
            "eps_growth_year": -81.71,
            "eps_4q": 1.15,
            "eps_4q_growth_year": -68.27,
            "roe": 0.57,
            "roe_4q": 4.56,
            "gross_profit": 98272,
            "gross_margin": 19.37,
            "gross_margin_4q_avg": 18.88,
            "net_income": 12660,
            "net_income_4q": null,
            "revenue": 507423,
            "revenue_4q": null,
            "common_shares": 765143,
            "book_valuer_per_share": 28.6,
            "book_valuer_per_share_4q_avg": 28.35,
            "equity": 2187938,
            "current_ratio": 139.25,
            "debt_ratio": 51,
            "inventory_turnover_ratio": 0.75,
            "account_receivable_turnover_ratio": 1.05,
            "reinvestment_rate": 1.42,
            "research_to_sale_ratio": 5.64,
            "price_fair": 8.03,
            "eps_avg_yearly": 2.68,
            "eps_latest_yearly": 0.6,
            "eps_growth_yearly": -12.99
        },
        "20223": {
            "year_quarter": 20223,
            "year": 2022,
            "quarter": 3,
            "eps": 0.23,
            "eps_growth_year": -54,
            "eps_4q": 0.93,
            "eps_4q_growth_year": -70.36,
            "roe": 0.87,
            "roe_4q": 3.5999999999999996,
            "gross_profit": 113325,
            "gross_margin": 16.81,
            "gross_margin_4q_avg": 17.87,
            "net_income": 19227,
            "net_income_4q": null,
            "revenue": 674013,
            "revenue_4q": null,
            "common_shares": 841657,
            "book_valuer_per_share": 26.46,
            "book_valuer_per_share_4q_avg": 28.12,
            "equity": 2226668,
            "current_ratio": 142.23,
            "debt_ratio": 50.31,
            "inventory_turnover_ratio": 1.1,
            "account_receivable_turnover_ratio": 1.34,
            "reinvestment_rate": 1.64,
            "research_to_sale_ratio": 5.18,
            "price_fair": 7.42,
            "eps_avg_yearly": 2.47,
            "eps_latest_yearly": 0.92,
            "eps_growth_yearly": -11.8
        },
        "20224": {
            "year_quarter": 20224,
            "year": 2022,
            "quarter": 4,
            "eps": 1.51,
            "eps_growth_year": 356.6,
            "eps_4q": 2.14,
            "eps_4q_growth_year": -9.7,
            "roe": 5.6,
            "roe_4q": 8,
            "gross_profit": 123280,
            "gross_margin": 19.88,
            "gross_margin_4q_avg": 18.67,
            "net_income": 127197,
            "net_income_4q": null,
            "revenue": 620180,
            "revenue_4q": null,
            "common_shares": 841657,
            "book_valuer_per_share": 27.54,
            "book_valuer_per_share_4q_avg": 28.01,
            "equity": 2317880,
            "current_ratio": 160.22,
            "debt_ratio": 47.42,
            "inventory_turnover_ratio": 1.17,
            "account_receivable_turnover_ratio": 1.14,
            "reinvestment_rate": 13.72,
            "research_to_sale_ratio": 4.51,
            "price_fair": 93.19,
            "eps_avg_yearly": 2.66,
            "eps_latest_yearly": 6.04,
            "eps_growth_yearly": 134.3
        },
        "20231": {
            "year_quarter": 20231,
            "year": 2023,
            "quarter": 1,
            "eps": 0.16,
            "eps_growth_year": -40.74,
            "eps_4q": 2.05,
            "eps_4q_growth_year": 6.43,
            "roe": 0.57,
            "roe_4q": 7.61,
            "gross_profit": 92212,
            "gross_margin": 19.35,
            "gross_margin_4q_avg": 18.85,
            "net_income": 13249,
            "net_income_4q": null,
            "revenue": 476591,
            "revenue_4q": null,
            "common_shares": 841657,
            "book_valuer_per_share": 27.79,
            "book_valuer_per_share_4q_avg": 27.6,
            "equity": 2339052,
            "current_ratio": 174.79,
            "debt_ratio": 43.65,
            "inventory_turnover_ratio": 1.08,
            "account_receivable_turnover_ratio": 0.98,
            "reinvestment_rate": 17.35,
            "research_to_sale_ratio": 5.05,
            "price_fair": 87.94,
            "eps_avg_yearly": 2.51,
            "eps_latest_yearly": 0.64,
            "eps_growth_yearly": 111.62
        },
        "20232": {
            "year_quarter": 20232,
            "year": 2023,
            "quarter": 2,
            "eps": 0.17,
            "eps_growth_year": 13.33,
            "eps_4q": 2.07,
            "eps_4q_growth_year": 79.64,
            "roe": 0.64,
            "roe_4q": 7.68,
            "gross_profit": 78215,
            "gross_margin": 17.4,
            "gross_margin_4q_avg": 18.36,
            "net_income": 14454,
            "net_income_4q": null,
            "revenue": 449472,
            "revenue_4q": null,
            "common_shares": 841657,
            "book_valuer_per_share": 25.73,
            "book_valuer_per_share_4q_avg": 26.88,
            "equity": 2165899,
            "current_ratio": 170.86,
            "debt_ratio": 44.55,
            "inventory_turnover_ratio": 1.17,
            "account_receivable_turnover_ratio": 1.08,
            "reinvestment_rate": 19.15,
            "research_to_sale_ratio": 5.12,
            "price_fair": 83.04,
            "eps_avg_yearly": 2.37,
            "eps_latest_yearly": 0.68,
            "eps_growth_yearly": 114.17
        },
        "20233": {
            "year_quarter": 20233,
            "year": 2023,
            "quarter": 3,
            "eps": 0.27,
            "eps_growth_year": 17.39,
            "eps_4q": 2.11,
            "eps_4q_growth_year": 127.43,
            "roe": 1.04,
            "roe_4q": 7.85,
            "gross_profit": 85841,
            "gross_margin": 17.31,
            "gross_margin_4q_avg": 18.49,
            "net_income": 22972,
            "net_income_4q": null,
            "revenue": 495970,
            "revenue_4q": null,
            "common_shares": 841657,
            "book_valuer_per_share": 26.86,
            "book_valuer_per_share_4q_avg": 26.98,
            "equity": 2260638,
            "current_ratio": 166.93,
            "debt_ratio": 42.83,
            "inventory_turnover_ratio": 1.41,
            "account_receivable_turnover_ratio": 1.2,
            "reinvestment_rate": 17.6,
            "research_to_sale_ratio": 4.73,
            "price_fair": 78.4,
            "eps_avg_yearly": 2.24,
            "eps_latest_yearly": 1.08,
            "eps_growth_yearly": 126.47
        },
        "20234": {
            "year_quarter": 20234,
            "year": 2023,
            "quarter": 4,
            "eps": 0.31,
            "eps_growth_year": -79.8,
            "eps_4q": 0.91,
            "eps_4q_growth_year": -57.59,
            "roe": 1.14,
            "roe_4q": 3.3899999999999997,
            "gross_profit": 99385,
            "gross_margin": 18.86,
            "gross_margin_4q_avg": 18.23,
            "net_income": 25695,
            "net_income_4q": null,
            "revenue": 527097,
            "revenue_4q": null,
            "common_shares": 841657,
            "book_valuer_per_share": 26.6,
            "book_valuer_per_share_4q_avg": 26.75,
            "equity": 2239072,
            "current_ratio": 166.62,
            "debt_ratio": 42.17,
            "inventory_turnover_ratio": 1.55,
            "account_receivable_turnover_ratio": 1.16,
            "reinvestment_rate": 0.55,
            "research_to_sale_ratio": 4.24,
            "price_fair": 74.29,
            "eps_avg_yearly": 2.12,
            "eps_latest_yearly": 1.24,
            "eps_growth_yearly": 130.8
        }
    },
    "months": {
        "2001-06": {
            "month": "2001-06",
            "price": "10.56",
            "revenue": 16519
        },
        "2001-07": {
            "month": "2001-07",
            "price": "8.50",
            "revenue": 19220
        },
        "2001-08": {
            "month": "2001-08",
            "price": "8.11",
            "revenue": 19084
        },
        "2001-09": {
            "month": "2001-09",
            "price": "8.30",
            "revenue": 19555
        },
        "2001-10": {
            "month": "2001-10",
            "price": "8.34",
            "revenue": 23175
        },
        "2001-11": {
            "month": "2001-11",
            "price": "8.25",
            "revenue": 22474
        },
        "2001-12": {
            "month": "2001-12",
            "price": "8.54",
            "revenue": 24812
        },
        "2002-01": {
            "month": "2002-01",
            "price": "8.88",
            "revenue": 17630
        },
        "2002-02": {
            "month": "2002-02",
            "price": "9.82",
            "revenue": 16277
        },
        "2002-03": {
            "month": "2002-03",
            "price": "9.02",
            "revenue": 23127
        },
        "2002-04": {
            "month": "2002-04",
            "price": "9.68",
            "revenue": 25013
        },
        "2002-05": {
            "month": "2002-05",
            "price": "10.11",
            "revenue": 28477
        },
        "2002-06": {
            "month": "2002-06",
            "price": "11.81",
            "revenue": 27624
        },
        "2002-07": {
            "month": "2002-07",
            "price": "15.88",
            "revenue": 28798
        },
        "2002-08": {
            "month": "2002-08",
            "price": "10.73",
            "revenue": 27718
        },
        "2002-09": {
            "month": "2002-09",
            "price": "9.19",
            "revenue": 27414
        },
        "2002-10": {
            "month": "2002-10",
            "price": "9.25",
            "revenue": 26163
        },
        "2002-11": {
            "month": "2002-11",
            "price": "11.74",
            "revenue": 25992
        },
        "2002-12": {
            "month": "2002-12",
            "price": "16.37",
            "revenue": 26780
        },
        "2003-01": {
            "month": "2003-01",
            "price": "16.87",
            "revenue": 28150
        },
        "2003-02": {
            "month": "2003-02",
            "price": "15.81",
            "revenue": 20507
        },
        "2003-03": {
            "month": "2003-03",
            "price": "14.34",
            "revenue": 28953
        },
        "2003-04": {
            "month": "2003-04",
            "price": "13.33",
            "revenue": 32184
        },
        "2003-05": {
            "month": "2003-05",
            "price": "13.46",
            "revenue": 40880
        },
        "2003-06": {
            "month": "2003-06",
            "price": "16.34",
            "revenue": 44823
        },
        "2003-07": {
            "month": "2003-07",
            "price": "17.06",
            "revenue": 39426
        },
        "2003-08": {
            "month": "2003-08",
            "price": "18.86",
            "revenue": 36631
        },
        "2003-09": {
            "month": "2003-09",
            "price": "16.40",
            "revenue": 33603
        },
        "2003-10": {
            "month": "2003-10",
            "price": "16.05",
            "revenue": 41471
        },
        "2003-11": {
            "month": "2003-11",
            "price": "16.85",
            "revenue": 41732
        },
        "2003-12": {
            "month": "2003-12",
            "price": "18.66",
            "revenue": 45991
        },
        "2004-01": {
            "month": "2004-01",
            "price": "20.10",
            "revenue": 43694
        },
        "2004-02": {
            "month": "2004-02",
            "price": "23.15",
            "revenue": 51167
        },
        "2004-03": {
            "month": "2004-03",
            "price": "23.38",
            "revenue": 52924
        },
        "2004-04": {
            "month": "2004-04",
            "price": "25.67",
            "revenue": 54491
        },
        "2004-05": {
            "month": "2004-05",
            "price": "22.11",
            "revenue": 59034
        },
        "2004-06": {
            "month": "2004-06",
            "price": "22.31",
            "revenue": 61933
        },
        "2004-07": {
            "month": "2004-07",
            "price": "20.28",
            "revenue": 59304
        },
        "2004-08": {
            "month": "2004-08",
            "price": "19.18",
            "revenue": 58568
        },
        "2004-09": {
            "month": "2004-09",
            "price": "20.04",
            "revenue": 44908
        },
        "2004-10": {
            "month": "2004-10",
            "price": "18.44",
            "revenue": 46516
        },
        "2004-11": {
            "month": "2004-11",
            "price": "17.26",
            "revenue": 46296
        },
        "2004-12": {
            "month": "2004-12",
            "price": "17.89",
            "revenue": 54462
        },
        "2005-01": {
            "month": "2005-01",
            "price": "18.92",
            "revenue": 51867
        },
        "2005-02": {
            "month": "2005-02",
            "price": "18.99",
            "revenue": 40727
        },
        "2005-03": {
            "month": "2005-03",
            "price": "19.36",
            "revenue": 49318
        },
        "2005-04": {
            "month": "2005-04",
            "price": "18.49",
            "revenue": 47130
        },
        "2005-05": {
            "month": "2005-05",
            "price": "17.45",
            "revenue": 44565
        },
        "2005-06": {
            "month": "2005-06",
            "price": "17.46",
            "revenue": 37729
        },
        "2005-07": {
            "month": "2005-07",
            "price": "15.53",
            "revenue": 43780
        },
        "2005-08": {
            "month": "2005-08",
            "price": "14.50",
            "revenue": 39873
        },
        "2005-09": {
            "month": "2005-09",
            "price": "14.37",
            "revenue": 41902
        },
        "2005-10": {
            "month": "2005-10",
            "price": "12.98",
            "revenue": 42654
        },
        "2005-11": {
            "month": "2005-11",
            "price": "13.15",
            "revenue": 38949
        },
        "2005-12": {
            "month": "2005-12",
            "price": "14.17",
            "revenue": 45330
        },
        "2006-01": {
            "month": "2006-01",
            "price": "13.30",
            "revenue": 37416
        },
        "2006-02": {
            "month": "2006-02",
            "price": "12.55",
            "revenue": 35215
        },
        "2006-03": {
            "month": "2006-03",
            "price": "11.93",
            "revenue": 41448
        },
        "2006-04": {
            "month": "2006-04",
            "price": "12.78",
            "revenue": 42609
        },
        "2006-05": {
            "month": "2006-05",
            "price": "12.96",
            "revenue": 41740
        },
        "2006-06": {
            "month": "2006-06",
            "price": "13.02",
            "revenue": 47755
        },
        "2006-07": {
            "month": "2006-07",
            "price": "14.04",
            "revenue": 55549
        },
        "2006-08": {
            "month": "2006-08",
            "price": "13.19",
            "revenue": 51656
        },
        "2006-09": {
            "month": "2006-09",
            "price": "13.47",
            "revenue": 65869
        },
        "2006-10": {
            "month": "2006-10",
            "price": "14.94",
            "revenue": 46952
        },
        "2006-11": {
            "month": "2006-11",
            "price": "15.59",
            "revenue": 58796
        },
        "2006-12": {
            "month": "2006-12",
            "price": "15.64",
            "revenue": 68403
        },
        "2007-01": {
            "month": "2007-01",
            "price": "15.56",
            "revenue": 70001
        },
        "2007-02": {
            "month": "2007-02",
            "price": "15.41",
            "revenue": 46355
        },
        "2007-03": {
            "month": "2007-03",
            "price": "15.01",
            "revenue": 57076
        },
        "2007-04": {
            "month": "2007-04",
            "price": "17.60",
            "revenue": 50969
        },
        "2007-05": {
            "month": "2007-05",
            "price": "17.73",
            "revenue": 63392
        },
        "2007-06": {
            "month": "2007-06",
            "price": "21.29",
            "revenue": 59864
        },
        "2007-07": {
            "month": "2007-07",
            "price": "23.14",
            "revenue": 63119
        },
        "2007-08": {
            "month": "2007-08",
            "price": "21.93",
            "revenue": 62776
        },
        "2007-09": {
            "month": "2007-09",
            "price": "22.96",
            "revenue": 54255
        },
        "2007-10": {
            "month": "2007-10",
            "price": "23.02",
            "revenue": 65247
        },
        "2007-11": {
            "month": "2007-11",
            "price": "21.20",
            "revenue": 60508
        },
        "2007-12": {
            "month": "2007-12",
            "price": "20.70",
            "revenue": 59185
        },
        "2008-01": {
            "month": "2008-01",
            "price": "19.97",
            "revenue": 67586
        },
        "2008-02": {
            "month": "2008-02",
            "price": "19.58",
            "revenue": 59089
        },
        "2008-03": {
            "month": "2008-03",
            "price": "20.01",
            "revenue": 68634
        },
        "2008-04": {
            "month": "2008-04",
            "price": "20.58",
            "revenue": 67220
        },
        "2008-05": {
            "month": "2008-05",
            "price": "20.26",
            "revenue": 79447
        },
        "2008-06": {
            "month": "2008-06",
            "price": "18.49",
            "revenue": 84426
        },
        "2008-07": {
            "month": "2008-07",
            "price": "15.82",
            "revenue": 84967
        },
        "2008-08": {
            "month": "2008-08",
            "price": "15.67",
            "revenue": 71020
        },
        "2008-09": {
            "month": "2008-09",
            "price": "13.67",
            "revenue": 81920
        },
        "2008-10": {
            "month": "2008-10",
            "price": "12.09",
            "revenue": 83257
        },
        "2008-11": {
            "month": "2008-11",
            "price": "10.06",
            "revenue": 77866
        },
        "2008-12": {
            "month": "2008-12",
            "price": "9.69",
            "revenue": 51790
        },
        "2009-01": {
            "month": "2009-01",
            "price": "9.62",
            "revenue": 35741
        },
        "2009-02": {
            "month": "2009-02",
            "price": "9.18",
            "revenue": 37670
        },
        "2009-03": {
            "month": "2009-03",
            "price": "9.41",
            "revenue": 38926
        },
        "2009-04": {
            "month": "2009-04",
            "price": "10.99",
            "revenue": 35761
        },
        "2009-05": {
            "month": "2009-05",
            "price": "11.74",
            "revenue": 34248
        },
        "2009-06": {
            "month": "2009-06",
            "price": "11.26",
            "revenue": 39380
        },
        "2009-07": {
            "month": "2009-07",
            "price": "11.37",
            "revenue": 35388
        },
        "2009-08": {
            "month": "2009-08",
            "price": "11.28",
            "revenue": 37473
        },
        "2009-09": {
            "month": "2009-09",
            "price": "11.34",
            "revenue": 40224
        },
        "2009-10": {
            "month": "2009-10",
            "price": "11.91",
            "revenue": 48017
        },
        "2009-11": {
            "month": "2009-11",
            "price": "13.14",
            "revenue": 56115
        },
        "2009-12": {
            "month": "2009-12",
            "price": "16.00",
            "revenue": 61717
        },
        "2010-01": {
            "month": "2010-01",
            "price": "15.66",
            "revenue": 70607
        },
        "2010-02": {
            "month": "2010-02",
            "price": "15.11",
            "revenue": 53559
        },
        "2010-03": {
            "month": "2010-03",
            "price": "16.32",
            "revenue": 63274
        },
        "2010-04": {
            "month": "2010-04",
            "price": "20.17",
            "revenue": 61500
        },
        "2010-05": {
            "month": "2010-05",
            "price": "19.23",
            "revenue": 53806
        },
        "2010-06": {
            "month": "2010-06",
            "price": "17.63",
            "revenue": 62466
        },
        "2010-07": {
            "month": "2010-07",
            "price": "17.31",
            "revenue": 56516
        },
        "2010-08": {
            "month": "2010-08",
            "price": "19.87",
            "revenue": 58611
        },
        "2010-09": {
            "month": "2010-09",
            "price": "21.03",
            "revenue": 60983
        },
        "2010-10": {
            "month": "2010-10",
            "price": "19.13",
            "revenue": 63157
        },
        "2010-11": {
            "month": "2010-11",
            "price": "18.44",
            "revenue": 67286
        },
        "2010-12": {
            "month": "2010-12",
            "price": "20.49",
            "revenue": 65337
        },
        "2011-01": {
            "month": "2011-01",
            "price": "21.32",
            "revenue": 65689
        },
        "2011-02": {
            "month": "2011-02",
            "price": "20.70",
            "revenue": 61775
        },
        "2011-03": {
            "month": "2011-03",
            "price": "20.32",
            "revenue": 77975
        },
        "2011-04": {
            "month": "2011-04",
            "price": "20.81",
            "revenue": 71216
        },
        "2011-05": {
            "month": "2011-05",
            "price": "20.76",
            "revenue": 71477
        },
        "2011-06": {
            "month": "2011-06",
            "price": "19.40",
            "revenue": 74446
        },
        "2011-07": {
            "month": "2011-07",
            "price": "19.45",
            "revenue": 69391
        },
        "2011-08": {
            "month": "2011-08",
            "price": "17.00",
            "revenue": 73531
        },
        "2011-09": {
            "month": "2011-09",
            "price": "16.48",
            "revenue": 75732
        },
        "2011-10": {
            "month": "2011-10",
            "price": "16.07",
            "revenue": 73121
        },
        "2011-11": {
            "month": "2011-11",
            "price": "16.67",
            "revenue": 74961
        },
        "2011-12": {
            "month": "2011-12",
            "price": "16.02",
            "revenue": 79201
        },
        "2012-01": {
            "month": "2012-01",
            "price": "17.17",
            "revenue": 63590
        },
        "2012-02": {
            "month": "2012-02",
            "price": "19.94",
            "revenue": 76082
        },
        "2012-03": {
            "month": "2012-03",
            "price": "20.39",
            "revenue": 82839
        },
        "2012-04": {
            "month": "2012-04",
            "price": "20.48",
            "revenue": 79960
        },
        "2012-05": {
            "month": "2012-05",
            "price": "21.23",
            "revenue": 80134
        },
        "2012-06": {
            "month": "2012-06",
            "price": "20.70",
            "revenue": 75922
        },
        "2012-07": {
            "month": "2012-07",
            "price": "20.97",
            "revenue": 67704
        },
        "2012-08": {
            "month": "2012-08",
            "price": "19.91",
            "revenue": 66155
        },
        "2012-09": {
            "month": "2012-09",
            "price": "20.29",
            "revenue": 60552
        },
        "2012-10": {
            "month": "2012-10",
            "price": "19.26",
            "revenue": 50407
        },
        "2012-11": {
            "month": "2012-11",
            "price": "17.98",
            "revenue": 47180
        },
        "2012-12": {
            "month": "2012-12",
            "price": "18.04",
            "revenue": 48466
        },
        "2013-01": {
            "month": "2013-01",
            "price": "18.35",
            "revenue": 111879
        },
        "2013-02": {
            "month": "2013-02",
            "price": "18.80",
            "revenue": 84065
        },
        "2013-03": {
            "month": "2013-03",
            "price": "19.03",
            "revenue": 119011
        },
        "2013-04": {
            "month": "2013-04",
            "price": "18.91",
            "revenue": 131434
        },
        "2013-05": {
            "month": "2013-05",
            "price": "19.44",
            "revenue": 119644
        },
        "2013-06": {
            "month": "2013-06",
            "price": "19.62",
            "revenue": 122472
        },
        "2013-07": {
            "month": "2013-07",
            "price": "20.84",
            "revenue": 121522
        },
        "2013-08": {
            "month": "2013-08",
            "price": "23.04",
            "revenue": 136553
        },
        "2013-09": {
            "month": "2013-09",
            "price": "25.49",
            "revenue": 134979
        },
        "2013-10": {
            "month": "2013-10",
            "price": "28.60",
            "revenue": 141036
        },
        "2013-11": {
            "month": "2013-11",
            "price": "30.43",
            "revenue": 144387
        },
        "2013-12": {
            "month": "2013-12",
            "price": "38.18",
            "revenue": 152590
        },
        "2014-01": {
            "month": "2014-01",
            "price": "38.18",
            "revenue": 130931
        },
        "2014-02": {
            "month": "2014-02",
            "price": "38.94",
            "revenue": 117622
        },
        "2014-03": {
            "month": "2014-03",
            "price": "40.49",
            "revenue": 122288
        },
        "2014-04": {
            "month": "2014-04",
            "price": "41.10",
            "revenue": 162007
        },
        "2014-05": {
            "month": "2014-05",
            "price": "42.08",
            "revenue": 143553
        },
        "2014-06": {
            "month": "2014-06",
            "price": "42.88",
            "revenue": 160455
        },
        "2014-07": {
            "month": "2014-07",
            "price": "39.32",
            "revenue": 150905
        },
        "2014-08": {
            "month": "2014-08",
            "price": "35.33",
            "revenue": 149318
        },
        "2014-09": {
            "month": "2014-09",
            "price": "31.69",
            "revenue": 152354
        },
        "2014-10": {
            "month": "2014-10",
            "price": "28.66",
            "revenue": 159117
        },
        "2014-11": {
            "month": "2014-11",
            "price": "32.08",
            "revenue": 175087
        },
        "2014-12": {
            "month": "2014-12",
            "price": "37.68",
            "revenue": 189371
        },
        "2015-01": {
            "month": "2015-01",
            "price": "38.78",
            "revenue": 187628
        },
        "2015-02": {
            "month": "2015-02",
            "price": "39.65",
            "revenue": 150164
        },
        "2015-03": {
            "month": "2015-03",
            "price": "48.38",
            "revenue": 187432
        },
        "2015-04": {
            "month": "2015-04",
            "price": "59.28",
            "revenue": 204316
        },
        "2015-05": {
            "month": "2015-05",
            "price": "66.97",
            "revenue": 178582
        },
        "2015-06": {
            "month": "2015-06",
            "price": "83.55",
            "revenue": 200852
        },
        "2015-07": {
            "month": "2015-07",
            "price": "70.41",
            "revenue": 180435
        },
        "2015-08": {
            "month": "2015-08",
            "price": "61.83",
            "revenue": 180455
        },
        "2015-09": {
            "month": "2015-09",
            "price": "68.10",
            "revenue": 188569
        },
        "2015-10": {
            "month": "2015-10",
            "price": "67.51",
            "revenue": 189745
        },
        "2015-11": {
            "month": "2015-11",
            "price": "65.51",
            "revenue": 190898
        },
        "2015-12": {
            "month": "2015-12",
            "price": "57.17",
            "revenue": 190893
        },
        "2016-01": {
            "month": "2016-01",
            "price": "52.78",
            "revenue": 186214
        },
        "2016-02": {
            "month": "2016-02",
            "price": "55.23",
            "revenue": 133566
        },
        "2016-03": {
            "month": "2016-03",
            "price": "55.74",
            "revenue": 181140
        },
        "2016-04": {
            "month": "2016-04",
            "price": "52.59",
            "revenue": 204565
        },
        "2016-05": {
            "month": "2016-05",
            "price": "48.85",
            "revenue": 175329
        },
        "2016-06": {
            "month": "2016-06",
            "price": "51.63",
            "revenue": 182014
        },
        "2016-07": {
            "month": "2016-07",
            "price": "50.14",
            "revenue": 176479
        },
        "2016-08": {
            "month": "2016-08",
            "price": "48.46",
            "revenue": 169465
        },
        "2016-09": {
            "month": "2016-09",
            "price": "44.30",
            "revenue": 197490
        },
        "2016-10": {
            "month": "2016-10",
            "price": "43.82",
            "revenue": 199980
        },
        "2016-11": {
            "month": "2016-11",
            "price": "38.18",
            "revenue": 203743
        },
        "2016-12": {
            "month": "2016-12",
            "price": "42.12",
            "revenue": 225783
        },
        "2017-01": {
            "month": "2017-01",
            "price": "45.21",
            "revenue": 166413
        },
        "2017-02": {
            "month": "2017-02",
            "price": "45.93",
            "revenue": 188019
        },
        "2017-03": {
            "month": "2017-03",
            "price": "50.98",
            "revenue": 208639
        },
        "2017-04": {
            "month": "2017-04",
            "price": "54.33",
            "revenue": 203783
        },
        "2017-05": {
            "month": "2017-05",
            "price": "59.79",
            "revenue": 214079
        },
        "2017-06": {
            "month": "2017-06",
            "price": "63.78",
            "revenue": 237239
        },
        "2017-07": {
            "month": "2017-07",
            "price": "71.26",
            "revenue": 237335
        },
        "2017-08": {
            "month": "2017-08",
            "price": "76.96",
            "revenue": 251410
        },
        "2017-09": {
            "month": "2017-09",
            "price": "78.65",
            "revenue": 260263
        },
        "2017-10": {
            "month": "2017-10",
            "price": "79.72",
            "revenue": 252502
        },
        "2017-11": {
            "month": "2017-11",
            "price": "80.14",
            "revenue": 254888
        },
        "2017-12": {
            "month": "2017-12",
            "price": "76.92",
            "revenue": 265724
        },
        "2018-01": {
            "month": "2018-01",
            "price": "76.27",
            "revenue": 263518
        },
        "2018-02": {
            "month": "2018-02",
            "price": "69.06",
            "revenue": 174836
        },
        "2018-03": {
            "month": "2018-03",
            "price": "64.37",
            "revenue": 242734
        },
        "2018-04": {
            "month": "2018-04",
            "price": "66.97",
            "revenue": 271310
        },
        "2018-05": {
            "month": "2018-05",
            "price": "73.73",
            "revenue": 207634
        },
        "2018-06": {
            "month": "2018-06",
            "price": "71.42",
            "revenue": 241927
        },
        "2018-07": {
            "month": "2018-07",
            "price": "68.05",
            "revenue": 269768
        },
        "2018-08": {
            "month": "2018-08",
            "price": "62.83",
            "revenue": 241628
        },
        "2018-09": {
            "month": "2018-09",
            "price": "53.47",
            "revenue": 214995
        },
        "2018-10": {
            "month": "2018-10",
            "price": "44.27",
            "revenue": 206240
        },
        "2018-11": {
            "month": "2018-11",
            "price": "43.62",
            "revenue": 243899
        },
        "2018-12": {
            "month": "2018-12",
            "price": "49.21",
            "revenue": 243956
        },
        "2019-01": {
            "month": "2019-01",
            "price": "51.80",
            "revenue": 264275
        },
        "2019-02": {
            "month": "2019-02",
            "price": "55.97",
            "revenue": 171778
        },
        "2019-03": {
            "month": "2019-03",
            "price": "53.92",
            "revenue": 228112
        },
        "2019-04": {
            "month": "2019-04",
            "price": "54.64",
            "revenue": 258093
        },
        "2019-05": {
            "month": "2019-05",
            "price": "51.07",
            "revenue": 245686
        },
        "2019-06": {
            "month": "2019-06",
            "price": "46.84",
            "revenue": 235449
        },
        "2019-07": {
            "month": "2019-07",
            "price": "49.02",
            "revenue": 261424
        },
        "2019-08": {
            "month": "2019-08",
            "price": "45.23",
            "revenue": 231545
        },
        "2019-09": {
            "month": "2019-09",
            "price": "53.54",
            "revenue": 260257
        },
        "2019-10": {
            "month": "2019-10",
            "price": "55.37",
            "revenue": 241660
        },
        "2019-11": {
            "month": "2019-11",
            "price": "51.53",
            "revenue": 192094
        },
        "2019-12": {
            "month": "2019-12",
            "price": "49.20",
            "revenue": 246923
        },
        "2020-01": {
            "month": "2020-01",
            "price": "48.25",
            "revenue": 188910
        },
        "2020-02": {
            "month": "2020-02",
            "price": "44.14",
            "revenue": 157383
        },
        "2020-03": {
            "month": "2020-03",
            "price": "36.10",
            "revenue": 141897
        },
        "2020-04": {
            "month": "2020-04",
            "price": "36.20",
            "revenue": 194587
        },
        "2020-05": {
            "month": "2020-05",
            "price": "39.09",
            "revenue": 156563
        },
        "2020-06": {
            "month": "2020-06",
            "price": "42.18",
            "revenue": 150594
        },
        "2020-07": {
            "month": "2020-07",
            "price": "40.44",
            "revenue": 192465
        },
        "2020-08": {
            "month": "2020-08",
            "price": "40.23",
            "revenue": 208663
        },
        "2020-09": {
            "month": "2020-09",
            "price": "41.53",
            "revenue": 200810
        },
        "2020-10": {
            "month": "2020-10",
            "price": "42.09",
            "revenue": 226391
        },
        "2020-11": {
            "month": "2020-11",
            "price": "46.77",
            "revenue": 212487
        },
        "2020-12": {
            "month": "2020-12",
            "price": "48.13",
            "revenue": 233402
        },
        "2021-01": {
            "month": "2021-01",
            "price": "53.62",
            "revenue": 238829
        },
        "2021-02": {
            "month": "2021-02",
            "price": "50.33",
            "revenue": 200581
        },
        "2021-03": {
            "month": "2021-03",
            "price": "52.97",
            "revenue": 182634
        },
        "2021-04": {
            "month": "2021-04",
            "price": "51.74",
            "revenue": 247435
        },
        "2021-05": {
            "month": "2021-05",
            "price": "44.58",
            "revenue": 221859
        },
        "2021-06": {
            "month": "2021-06",
            "price": "46.00",
            "revenue": 206416
        },
        "2021-07": {
            "month": "2021-07",
            "price": "45.79",
            "revenue": 209551
        },
        "2021-08": {
            "month": "2021-08",
            "price": "42.61",
            "revenue": 197691
        },
        "2021-09": {
            "month": "2021-09",
            "price": "40.97",
            "revenue": 196019
        },
        "2021-10": {
            "month": "2021-10",
            "price": "40.94",
            "revenue": 217372
        },
        "2021-11": {
            "month": "2021-11",
            "price": "41.57",
            "revenue": 219253
        },
        "2021-12": {
            "month": "2021-12",
            "price": "41.48",
            "revenue": 198723
        },
        "2022-01": {
            "month": "2022-01",
            "price": "41.58",
            "revenue": 221978
        },
        "2022-02": {
            "month": "2022-02",
            "price": "40.81",
            "revenue": 217239
        },
        "2022-03": {
            "month": "2022-03",
            "price": "39.69",
            "revenue": 189311
        },
        "2022-04": {
            "month": "2022-04",
            "price": "39.01",
            "revenue": 208191
        },
        "2022-05": {
            "month": "2022-05",
            "price": "36.17",
            "revenue": 139518
        },
        "2022-06": {
            "month": "2022-06",
            "price": "37.11",
            "revenue": 160139
        },
        "2022-07": {
            "month": "2022-07",
            "price": "33.96",
            "revenue": 204391
        },
        "2022-08": {
            "month": "2022-08",
            "price": "35.85",
            "revenue": 240892
        },
        "2022-09": {
            "month": "2022-09",
            "price": "35.14",
            "revenue": 228699
        },
        "2022-10": {
            "month": "2022-10",
            "price": "31.90",
            "revenue": 224373
        },
        "2022-11": {
            "month": "2022-11",
            "price": "32.21",
            "revenue": 208957
        },
        "2022-12": {
            "month": "2022-12",
            "price": "31.82",
            "revenue": 187173
        },
        "2023-01": {
            "month": "2023-01",
            "price": "31.79",
            "revenue": 149062
        },
        "2023-02": {
            "month": "2023-02",
            "price": "32.63",
            "revenue": 150396
        },
        "2023-03": {
            "month": "2023-03",
            "price": "33.13",
            "revenue": 177137
        },
        "2023-04": {
            "month": "2023-04",
            "price": "33.63",
            "revenue": 177424
        },
        "2023-05": {
            "month": "2023-05",
            "price": "34.72",
            "revenue": 133923
        },
        "2023-06": {
            "month": "2023-06",
            "price": "34.72",
            "revenue": 138528
        },
        "2023-07": {
            "month": "2023-07",
            "price": "34.31",
            "revenue": 178266
        },
        "2023-08": {
            "month": "2023-08",
            "price": "33.11",
            "revenue": 165299
        },
        "2023-09": {
            "month": "2023-09",
            "price": "32.20",
            "revenue": 152128
        },
        "2023-10": {
            "month": "2023-10",
            "price": "31.17",
            "revenue": 160094
        },
        "2023-11": {
            "month": "2023-11",
            "price": "30.68",
            "revenue": 183187
        },
        "2023-12": {
            "month": "2023-12",
            "price": "31.10",
            "revenue": 183839
        }
    }
}
