{
    "summary": {
        "stock_name": "淳紳",
        "stock_id": "4529",
        "category": "其他",
        "main_business": "新能源科技<br>生物科技<br>其他",
        "website_url": "http://www.eptech.tw",
        "ceo": "沈瑋(代)",
        "pe_ratio": -34,
        "report_year_from": 2001,
        "report_year_to": 2023,
        "age": 22,
        "eps_negative_percentage": 65,
        "eps_growth_avg": {
            "last_all": -10.49,
            "last_2y": null,
            "last_4y": null,
            "last_8y": -100,
            "last_12y": -100,
            "last_16y": -33.33,
            "last_20y": -10.49,
            "at_2006_last_3y": -24.48,
            "at_2007_last_3y": 6.61,
            "at_2008_last_3y": -33.33,
            "at_2009_last_3y": 0,
            "at_2010_last_3y": 0,
            "at_2011_last_3y": -100,
            "at_2012_last_3y": null,
            "at_2013_last_3y": null,
            "at_2014_last_3y": -100,
            "at_2015_last_3y": -100,
            "at_2016_last_3y": -100,
            "at_2017_last_3y": -100,
            "at_2018_last_3y": null,
            "at_2019_last_3y": null,
            "at_2020_last_3y": null,
            "at_2021_last_3y": null,
            "at_2022_last_3y": null,
            "at_2023_last_3y": null,
            "at_2006_last_all": 6.64,
            "at_2007_last_all": 25.31,
            "at_2008_last_all": 4.43,
            "at_2009_last_all": 4.43,
            "at_2010_last_all": 4.43,
            "at_2011_last_all": 4.43,
            "at_2012_last_all": 4.43,
            "at_2013_last_all": 4.43,
            "at_2014_last_all": -10.49,
            "at_2015_last_all": -10.49,
            "at_2016_last_all": -10.49,
            "at_2017_last_all": -10.49,
            "at_2018_last_all": -10.49,
            "at_2019_last_all": -10.49,
            "at_2020_last_all": -10.49,
            "at_2021_last_all": -10.49,
            "at_2022_last_all": -10.49,
            "at_2023_last_all": -10.49
        },
        "latest_eps": -0.29,
        "latest_price": 9.96,
        "latest_roe": -3.56,
        "latest_gross_margin": 3.67,
        "latest_equity": 560534,
        "latest_revenue": 1063,
        "latest_gross_profit": 39,
        "latest_net_income": -16750,
        "latest_debt_ratio": 4.88,
        "latest_current_ratio": 1232.39,
        "latest_account_receivable_turnover_ratio": 31.73,
        "latest_inventory_turnover_ratio": 4.16,
        "latest_reinvestment_rate": null,
        "latest_research_to_sale_ratio": 15.24
    },
    "eps_dividends": {
        "1999": {
            "cash": 0,
            "stock": 1,
            "eps": 0
        },
        "2000": {
            "cash": 0,
            "stock": 1,
            "eps": 0
        },
        "2001": {
            "cash": 0,
            "stock": 1,
            "eps": 0.24
        },
        "2002": {
            "cash": 0,
            "stock": 0,
            "eps": 1.04
        },
        "2003": {
            "cash": 1,
            "stock": 0,
            "eps": 1.11
        },
        "2004": {
            "cash": 1,
            "stock": 0,
            "eps": 1.33
        },
        "2005": {
            "cash": 1,
            "stock": 0,
            "eps": -0.15
        },
        "2006": {
            "cash": 0,
            "stock": 0,
            "eps": 0.06
        },
        "2007": {
            "cash": 0,
            "stock": 0,
            "eps": 0.64
        },
        "2008": {
            "cash": 0,
            "stock": 0,
            "eps": -1.63
        },
        "2009": {
            "cash": 0,
            "stock": 0,
            "eps": -0.86
        },
        "2010": {
            "cash": 0,
            "stock": 0,
            "eps": -0.94
        },
        "2011": {
            "cash": 0,
            "stock": 0,
            "eps": -0.73
        },
        "2012": {
            "cash": 0,
            "stock": 0,
            "eps": -0.66
        },
        "2013": {
            "cash": 0,
            "stock": 0,
            "eps": 1.48
        },
        "2014": {
            "cash": 0,
            "stock": 0,
            "eps": -1.72
        },
        "2015": {
            "cash": 0,
            "stock": 0,
            "eps": -2.19
        },
        "2016": {
            "cash": 0,
            "stock": 0,
            "eps": -3.15
        },
        "2017": {
            "cash": 0,
            "stock": 0,
            "eps": -5.63
        },
        "2018": {
            "cash": 0,
            "stock": 0,
            "eps": -3.13
        },
        "2019": {
            "cash": 0,
            "stock": 0,
            "eps": -6.41
        },
        "2020": {
            "cash": 0,
            "stock": 0,
            "eps": -3.13
        },
        "2021": {
            "cash": 0,
            "stock": 0,
            "eps": -5.93
        },
        "2022": {
            "cash": 0,
            "stock": 0,
            "eps": 0.34
        },
        "2023": {
            "cash": 0,
            "stock": 0,
            "eps": -0.2
        }
    },
    "dividends": {
        "1999-05-19": {
            "cash": 0,
            "stock": 1
        },
        "2000-05-26": {
            "cash": 0,
            "stock": 1.2
        },
        "2001-04-25": {
            "cash": 0,
            "stock": 1
        },
        "2002-06-18": {
            "cash": 0.25,
            "stock": 0
        },
        "2003-06-18": {
            "cash": 0.5,
            "stock": 0.2
        },
        "2004-03-12": {
            "cash": 0.8,
            "stock": 0
        },
        "2005-03-22": {
            "cash": 1,
            "stock": 0
        },
        "2014-10-01": {
            "cash": 0.41,
            "stock": 0
        }
    },
    "prices": {
        "200101": "無",
        "200102": "無",
        "200103": "無",
        "200104": "無",
        "200105": "9.98",
        "200106": "8.19",
        "200107": "6.88",
        "200108": "6.01",
        "200109": "4.68",
        "200110": "4.02",
        "200111": "4.04",
        "200112": "4.73",
        "200201": "5.50",
        "200202": "6.55",
        "200203": "6.45",
        "200204": "7.68",
        "200205": "10.09",
        "200206": "13.46",
        "200207": "12.41",
        "200208": "10.79",
        "200209": "10.27",
        "200210": "10.42",
        "200211": "11.81",
        "200212": "11.70",
        "200301": "12.28",
        "200302": "12.89",
        "200303": "12.99",
        "200304": "13.15",
        "200305": "13.06",
        "200306": "13.94",
        "200307": "17.95",
        "200308": "16.65",
        "200309": "16.50",
        "200310": "15.34",
        "200311": "14.84",
        "200312": "14.33",
        "200401": "14.91",
        "200402": "15.29",
        "200403": "15.24",
        "200404": "14.02",
        "200405": "13.40",
        "200406": "13.85",
        "200407": "13.67",
        "200408": "12.78",
        "200409": "13.55",
        "200410": "13.70",
        "200411": "13.87",
        "200412": "13.92",
        "200501": "13.97",
        "200502": "14.66",
        "200503": "14.05",
        "200504": "13.79",
        "200505": "13.24",
        "200506": "11.52",
        "200507": "10.90",
        "200508": "9.74",
        "200509": "8.70",
        "200510": "8.42",
        "200511": "8.36",
        "200512": "8.18",
        "200601": "7.93",
        "200602": "7.89",
        "200603": "7.85",
        "200604": "8.18",
        "200605": "9.26",
        "200606": "8.72",
        "200607": "7.96",
        "200608": "8.69",
        "200609": "8.28",
        "200610": "8.34",
        "200611": "8.45",
        "200612": "9.98",
        "200701": "9.57",
        "200702": "9.54",
        "200703": "10.13",
        "200704": "11.54",
        "200705": "10.98",
        "200706": "11.52",
        "200707": "13.30",
        "200708": "13.25",
        "200709": "12.79",
        "200710": "12.09",
        "200711": "11.53",
        "200712": "10.54",
        "200801": "11.12",
        "200802": "13.60",
        "200803": "18.95",
        "200804": "21.29",
        "200805": "19.85",
        "200806": "20.05",
        "200807": "18.14",
        "200808": "15.62",
        "200809": "10.93",
        "200810": "9.77",
        "200811": "6.31",
        "200812": "6.06",
        "200901": "6.16",
        "200902": "6.22",
        "200903": "7.01",
        "200904": "8.72",
        "200905": "10.67",
        "200906": "8.52",
        "200907": "8.41",
        "200908": "8.62",
        "200909": "12.30",
        "200910": "13.81",
        "200911": "13.05",
        "200912": "13.11",
        "201001": "13.63",
        "201002": "12.76",
        "201003": "12.42",
        "201004": "13.36",
        "201005": "11.86",
        "201006": "10.90",
        "201007": "11.07",
        "201008": "11.01",
        "201009": "8.64",
        "201010": "9.00",
        "201011": "11.29",
        "201012": "12.12",
        "201101": "12.50",
        "201102": "12.29",
        "201103": "10.61",
        "201104": "10.60",
        "201105": "11.04",
        "201106": "12.53",
        "201107": "12.88",
        "201108": "11.85",
        "201109": "10.36",
        "201110": "11.03",
        "201111": "10.72",
        "201112": "10.06",
        "201201": "9.82",
        "201202": "10.78",
        "201203": "11.46",
        "201204": "16.61",
        "201205": "14.87",
        "201206": "15.55",
        "201207": "15.72",
        "201208": "14.64",
        "201209": "13.72",
        "201210": "13.47",
        "201211": "13.25",
        "201212": "13.22",
        "201301": "13.27",
        "201302": "13.12",
        "201303": "13.29",
        "201304": "14.15",
        "201305": "16.70",
        "201306": "16.44",
        "201307": "15.54",
        "201308": "16.70",
        "201309": "17.23",
        "201310": "16.95",
        "201311": "14.74",
        "201312": "14.17",
        "201401": "15.84",
        "201402": "15.61",
        "201403": "16.15",
        "201404": "22.46",
        "201405": "18.61",
        "201406": "18.54",
        "201407": "20.34",
        "201408": "18.10",
        "201409": "17.71",
        "201410": "16.75",
        "201411": "15.21",
        "201412": "14.65",
        "201501": "15.39",
        "201502": "15.19",
        "201503": "14.92",
        "201504": "14.10",
        "201505": "12.59",
        "201506": "11.47",
        "201507": "14.68",
        "201508": "12.33",
        "201509": "17.01",
        "201510": "41.06",
        "201511": "54.01",
        "201512": "45.39",
        "201601": "35.87",
        "201602": "37.81",
        "201603": "45.68",
        "201604": "43.45",
        "201605": "36.80",
        "201606": "40.21",
        "201607": "39.32",
        "201608": "38.80",
        "201609": "36.60",
        "201610": "34.64",
        "201611": "34.96",
        "201612": "38.38",
        "201701": "36.86",
        "201702": "38.31",
        "201703": "38.43",
        "201704": "37.65",
        "201705": "34.48",
        "201706": "31.36",
        "201707": "30.03",
        "201708": "37.11",
        "201709": "40.28",
        "201710": "37.19",
        "201711": "33.85",
        "201712": "31.76",
        "201801": "31.14",
        "201802": "27.40",
        "201803": "31.69",
        "201804": "29.12",
        "201805": "30.33",
        "201806": "30.49",
        "201807": "27.52",
        "201808": "26.72",
        "201809": "23.67",
        "201810": "21.80",
        "201811": "20.88",
        "201812": "24.10",
        "201901": "25.66",
        "201902": "26.24",
        "201903": "24.78",
        "201904": "22.74",
        "201905": "20.04",
        "201906": "18.97",
        "201907": "17.75",
        "201908": "17.73",
        "201909": "19.88",
        "201910": "19.76",
        "201911": "19.04",
        "201912": "17.21",
        "202001": "15.18",
        "202002": "13.08",
        "202003": "9.20",
        "202004": "8.02",
        "202005": "8.99",
        "202006": "9.79",
        "202007": "8.98",
        "202008": "8.68",
        "202009": "9.27",
        "202010": "8.89",
        "202011": "9.57",
        "202012": "11.64",
        "202101": "10.76",
        "202102": "11.17",
        "202103": "9.06",
        "202104": "8.28",
        "202105": "7.78",
        "202106": "7.63",
        "202107": "10.77",
        "202108": "10.13",
        "202109": "9.93",
        "202110": "9.42",
        "202111": "11.98",
        "202112": "13.09",
        "202201": "15.61",
        "202202": "14.39",
        "202203": "12.58",
        "202204": "12.04",
        "202205": "11.74",
        "202206": "12.76",
        "202207": "10.89",
        "202208": "11.53",
        "202209": "10.94",
        "202210": "9.28",
        "202211": "9.27",
        "202212": "9.13",
        "202301": "8.90",
        "202302": "10.45",
        "202303": "10.20",
        "202304": "10.13",
        "202305": "10.06"
    },
    "quarters": {
        "20011": {
            "year_quarter": 20011,
            "year": 2001,
            "quarter": 1,
            "eps": 0.08,
            "eps_growth_year": -65.22,
            "eps_4q": 1.03,
            "eps_4q_growth_year": null,
            "roe": 0.56,
            "roe_4q": 0.56,
            "gross_profit": 12270,
            "gross_margin": 12.78,
            "gross_margin_4q_avg": 12.78,
            "net_income": 3184,
            "revenue": 96042,
            "common_shares": 414400,
            "book_valuer_per_share": 13.66,
            "book_valuer_per_share_4q_avg": 13.66,
            "equity": 565864,
            "current_ratio": 167.31,
            "debt_ratio": 40.16,
            "inventory_turnover_ratio": 1.02,
            "account_receivable_turnover_ratio": null,
            "reinvestment_rate": null,
            "research_to_sale_ratio": null,
            "price_fair": 0,
            "eps_avg_yearly": 0,
            "eps_latest_yearly": 0,
            "eps_growth_yearly": 0
        },
        "20012": {
            "year_quarter": 20012,
            "year": 2001,
            "quarter": 2,
            "eps": -0.35,
            "eps_growth_year": -189.74,
            "eps_4q": 0.21,
            "eps_4q_growth_year": null,
            "roe": -2.86,
            "roe_4q": -2.3,
            "gross_profit": 6960,
            "gross_margin": 7.86,
            "gross_margin_4q_avg": 10.32,
            "net_income": -15930,
            "revenue": 88596,
            "common_shares": 414400,
            "book_valuer_per_share": 13.23,
            "book_valuer_per_share_4q_avg": 13.45,
            "equity": 548434,
            "current_ratio": 172.26,
            "debt_ratio": 37.08,
            "inventory_turnover_ratio": 1,
            "account_receivable_turnover_ratio": null,
            "reinvestment_rate": null,
            "research_to_sale_ratio": null,
            "price_fair": 0,
            "eps_avg_yearly": 0,
            "eps_latest_yearly": 0,
            "eps_growth_yearly": 0
        },
        "20013": {
            "year_quarter": 20013,
            "year": 2001,
            "quarter": 3,
            "eps": 0.22,
            "eps_growth_year": 10,
            "eps_4q": 0.23,
            "eps_4q_growth_year": null,
            "roe": 1.82,
            "roe_4q": -0.47999999999999976,
            "gross_profit": 25439,
            "gross_margin": 15.5,
            "gross_margin_4q_avg": 12.05,
            "net_income": 10060,
            "revenue": 164170,
            "common_shares": 459984,
            "book_valuer_per_share": 12.14,
            "book_valuer_per_share_4q_avg": 13.01,
            "equity": 558494,
            "current_ratio": 162.24,
            "debt_ratio": 38.98,
            "inventory_turnover_ratio": 1.77,
            "account_receivable_turnover_ratio": null,
            "reinvestment_rate": null,
            "research_to_sale_ratio": null,
            "price_fair": 0,
            "eps_avg_yearly": 0,
            "eps_latest_yearly": 0,
            "eps_growth_yearly": 0
        },
        "20014": {
            "year_quarter": 20014,
            "year": 2001,
            "quarter": 4,
            "eps": 0.29,
            "eps_growth_year": -9.38,
            "eps_4q": 0.23,
            "eps_4q_growth_year": -79.3,
            "roe": 2.4,
            "roe_4q": 1.92,
            "gross_profit": 26783,
            "gross_margin": 17.07,
            "gross_margin_4q_avg": 13.3,
            "net_income": 13561,
            "revenue": 156915,
            "common_shares": 459984,
            "book_valuer_per_share": 12.44,
            "book_valuer_per_share_4q_avg": 12.87,
            "equity": 572055,
            "current_ratio": 170.21,
            "debt_ratio": 35.97,
            "inventory_turnover_ratio": 1.99,
            "account_receivable_turnover_ratio": null,
            "reinvestment_rate": null,
            "research_to_sale_ratio": null,
            "price_fair": 0,
            "eps_avg_yearly": 0,
            "eps_latest_yearly": 0,
            "eps_growth_yearly": 0
        },
        "20021": {
            "year_quarter": 20021,
            "year": 2002,
            "quarter": 1,
            "eps": 0.22,
            "eps_growth_year": 175,
            "eps_4q": 0.39,
            "eps_4q_growth_year": -62.36,
            "roe": 1.75,
            "roe_4q": 3.1100000000000008,
            "gross_profit": 21949,
            "gross_margin": 17.74,
            "gross_margin_4q_avg": 14.54,
            "net_income": 10124,
            "revenue": 123712,
            "common_shares": 459984,
            "book_valuer_per_share": 12.66,
            "book_valuer_per_share_4q_avg": 12.62,
            "equity": 582179,
            "current_ratio": 173.34,
            "debt_ratio": 34.35,
            "inventory_turnover_ratio": 1.65,
            "account_receivable_turnover_ratio": null,
            "reinvestment_rate": null,
            "research_to_sale_ratio": null,
            "price_fair": 2.64,
            "eps_avg_yearly": 0.88,
            "eps_latest_yearly": 0.88,
            "eps_growth_yearly": -96.55
        },
        "20022": {
            "year_quarter": 20022,
            "year": 2002,
            "quarter": 2,
            "eps": 0.31,
            "eps_growth_year": null,
            "eps_4q": 1.03,
            "eps_4q_growth_year": 392.88,
            "roe": 2.48,
            "roe_4q": 8.450000000000001,
            "gross_profit": 25598,
            "gross_margin": 17.63,
            "gross_margin_4q_avg": 16.99,
            "net_income": 14462,
            "revenue": 145227,
            "common_shares": 459984,
            "book_valuer_per_share": 12.68,
            "book_valuer_per_share_4q_avg": 12.48,
            "equity": 583311,
            "current_ratio": 166.88,
            "debt_ratio": 35.57,
            "inventory_turnover_ratio": 1.8,
            "account_receivable_turnover_ratio": null,
            "reinvestment_rate": null,
            "research_to_sale_ratio": null,
            "price_fair": 37.1,
            "eps_avg_yearly": 1.06,
            "eps_latest_yearly": 1.24,
            "eps_growth_yearly": 33.54
        },
        "20023": {
            "year_quarter": 20023,
            "year": 2002,
            "quarter": 3,
            "eps": 0.07,
            "eps_growth_year": -68.18,
            "eps_4q": 0.89,
            "eps_4q_growth_year": 291.23,
            "roe": 0.55,
            "roe_4q": 7.18,
            "gross_profit": 41438,
            "gross_margin": 22.47,
            "gross_margin_4q_avg": 18.73,
            "net_income": 3239,
            "revenue": 184399,
            "common_shares": 459984,
            "book_valuer_per_share": 12.75,
            "book_valuer_per_share_4q_avg": 12.63,
            "equity": 586550,
            "current_ratio": 189.13,
            "debt_ratio": 31.13,
            "inventory_turnover_ratio": 1.82,
            "account_receivable_turnover_ratio": null,
            "reinvestment_rate": null,
            "research_to_sale_ratio": null,
            "price_fair": 2.4,
            "eps_avg_yearly": 0.8,
            "eps_latest_yearly": 0.28,
            "eps_growth_yearly": -80.86
        },
        "20024": {
            "year_quarter": 20024,
            "year": 2002,
            "quarter": 4,
            "eps": 0.44,
            "eps_growth_year": 51.72,
            "eps_4q": 1.04,
            "eps_4q_growth_year": 346.6,
            "roe": 3.44,
            "roe_4q": 8.22,
            "gross_profit": 33720,
            "gross_margin": 19.83,
            "gross_margin_4q_avg": 19.42,
            "net_income": 20452,
            "revenue": 170063,
            "common_shares": 459984,
            "book_valuer_per_share": 13.09,
            "book_valuer_per_share_4q_avg": 12.8,
            "equity": 602057,
            "current_ratio": 189.48,
            "debt_ratio": 31.87,
            "inventory_turnover_ratio": 1.83,
            "account_receivable_turnover_ratio": null,
            "reinvestment_rate": null,
            "research_to_sale_ratio": null,
            "price_fair": 36.4,
            "eps_avg_yearly": 1.04,
            "eps_latest_yearly": 1.76,
            "eps_growth_yearly": 467.92
        },
        "20031": {
            "year_quarter": 20031,
            "year": 2003,
            "quarter": 1,
            "eps": 0.24,
            "eps_growth_year": 9.09,
            "eps_4q": 1.06,
            "eps_4q_growth_year": 174.01,
            "roe": 1.84,
            "roe_4q": 8.31,
            "gross_profit": 25383,
            "gross_margin": 17.08,
            "gross_margin_4q_avg": 19.25,
            "net_income": 11156,
            "revenue": 148648,
            "common_shares": 459984,
            "book_valuer_per_share": 13.33,
            "book_valuer_per_share_4q_avg": 12.96,
            "equity": 613213,
            "current_ratio": 208.66,
            "debt_ratio": 28.72,
            "inventory_turnover_ratio": 1.87,
            "account_receivable_turnover_ratio": null,
            "reinvestment_rate": null,
            "research_to_sale_ratio": null,
            "price_fair": 35.84,
            "eps_avg_yearly": 1.02,
            "eps_latest_yearly": 0.96,
            "eps_growth_yearly": 337.97
        },
        "20032": {
            "year_quarter": 20032,
            "year": 2003,
            "quarter": 2,
            "eps": 0.27,
            "eps_growth_year": -12.9,
            "eps_4q": 1.02,
            "eps_4q_growth_year": -1.49,
            "roe": 2.08,
            "roe_4q": 7.909999999999999,
            "gross_profit": 21959,
            "gross_margin": 14.82,
            "gross_margin_4q_avg": 18.55,
            "net_income": 12580,
            "revenue": 148199,
            "common_shares": 459984,
            "book_valuer_per_share": 12.98,
            "book_valuer_per_share_4q_avg": 13.04,
            "equity": 597175,
            "current_ratio": 176.37,
            "debt_ratio": 33.8,
            "inventory_turnover_ratio": 1.8,
            "account_receivable_turnover_ratio": null,
            "reinvestment_rate": null,
            "research_to_sale_ratio": null,
            "price_fair": 36.17,
            "eps_avg_yearly": 1.03,
            "eps_latest_yearly": 1.08,
            "eps_growth_yearly": 289.98
        },
        "20033": {
            "year_quarter": 20033,
            "year": 2003,
            "quarter": 3,
            "eps": 0.34,
            "eps_growth_year": 385.71,
            "eps_4q": 1.29,
            "eps_4q_growth_year": 43.76,
            "roe": 2.63,
            "roe_4q": 9.99,
            "gross_profit": 32982,
            "gross_margin": 18.95,
            "gross_margin_4q_avg": 17.67,
            "net_income": 15885,
            "revenue": 174074,
            "common_shares": 469184,
            "book_valuer_per_share": 13.06,
            "book_valuer_per_share_4q_avg": 13.12,
            "equity": 612950,
            "current_ratio": 182.04,
            "debt_ratio": 28.36,
            "inventory_turnover_ratio": 1.97,
            "account_receivable_turnover_ratio": null,
            "reinvestment_rate": null,
            "research_to_sale_ratio": null,
            "price_fair": 37.8,
            "eps_avg_yearly": 1.08,
            "eps_latest_yearly": 1.36,
            "eps_growth_yearly": 263.37
        },
        "20034": {
            "year_quarter": 20034,
            "year": 2003,
            "quarter": 4,
            "eps": 0.26,
            "eps_growth_year": -40.91,
            "eps_4q": 1.09,
            "eps_4q_growth_year": 5.4,
            "roe": 1.99,
            "roe_4q": 8.540000000000001,
            "gross_profit": 27108,
            "gross_margin": 16.24,
            "gross_margin_4q_avg": 16.77,
            "net_income": 12341,
            "revenue": 166915,
            "common_shares": 469184,
            "book_valuer_per_share": 13.34,
            "book_valuer_per_share_4q_avg": 13.18,
            "equity": 625722,
            "current_ratio": 174.95,
            "debt_ratio": 30.29,
            "inventory_turnover_ratio": 2.12,
            "account_receivable_turnover_ratio": null,
            "reinvestment_rate": -55.55,
            "research_to_sale_ratio": null,
            "price_fair": 37.63,
            "eps_avg_yearly": 1.08,
            "eps_latest_yearly": 1.04,
            "eps_growth_yearly": 218.68
        },
        "20041": {
            "year_quarter": 20041,
            "year": 2004,
            "quarter": 1,
            "eps": 0.11,
            "eps_growth_year": -54.17,
            "eps_4q": 1.01,
            "eps_4q_growth_year": -4.95,
            "roe": 0.8,
            "roe_4q": 7.5,
            "gross_profit": 19906,
            "gross_margin": 14.92,
            "gross_margin_4q_avg": 16.23,
            "net_income": 4997,
            "revenue": 133461,
            "common_shares": 469184,
            "book_valuer_per_share": 13.41,
            "book_valuer_per_share_4q_avg": 13.2,
            "equity": 629018,
            "current_ratio": 200.76,
            "debt_ratio": 25.64,
            "inventory_turnover_ratio": 1.56,
            "account_receivable_turnover_ratio": null,
            "reinvestment_rate": -56.11,
            "research_to_sale_ratio": null,
            "price_fair": 35.16,
            "eps_avg_yearly": 1,
            "eps_latest_yearly": 0.44,
            "eps_growth_yearly": 168.74
        },
        "20042": {
            "year_quarter": 20042,
            "year": 2004,
            "quarter": 2,
            "eps": 0,
            "eps_growth_year": -100,
            "eps_4q": 0.71,
            "eps_4q_growth_year": -29.95,
            "roe": 0.04,
            "roe_4q": 5.46,
            "gross_profit": 25150,
            "gross_margin": 15.7,
            "gross_margin_4q_avg": 16.45,
            "net_income": 234,
            "revenue": 160176,
            "common_shares": 469184,
            "book_valuer_per_share": 12.44,
            "book_valuer_per_share_4q_avg": 13.06,
            "equity": 583898,
            "current_ratio": 141.29,
            "debt_ratio": 35.69,
            "inventory_turnover_ratio": 1.36,
            "account_receivable_turnover_ratio": null,
            "reinvestment_rate": -53.83,
            "research_to_sale_ratio": null,
            "price_fair": 35.16,
            "eps_avg_yearly": 1,
            "eps_latest_yearly": 0.44,
            "eps_growth_yearly": 168.74
        },
        "20043": {
            "year_quarter": 20043,
            "year": 2004,
            "quarter": 3,
            "eps": 0.9,
            "eps_growth_year": 164.71,
            "eps_4q": 1.27,
            "eps_4q_growth_year": -1,
            "roe": 7.01,
            "roe_4q": 9.84,
            "gross_profit": 64898,
            "gross_margin": 18.25,
            "gross_margin_4q_avg": 16.28,
            "net_income": 42412,
            "revenue": 355549,
            "common_shares": 469184,
            "book_valuer_per_share": 13.35,
            "book_valuer_per_share_4q_avg": 13.14,
            "equity": 626509,
            "current_ratio": 126.37,
            "debt_ratio": 48.4,
            "inventory_turnover_ratio": 1.95,
            "account_receivable_turnover_ratio": null,
            "reinvestment_rate": -23.47,
            "research_to_sale_ratio": null,
            "price_fair": 35.16,
            "eps_avg_yearly": 1,
            "eps_latest_yearly": 0.44,
            "eps_growth_yearly": 168.74
        },
        "20044": {
            "year_quarter": 20044,
            "year": 2004,
            "quarter": 4,
            "eps": 0.32,
            "eps_growth_year": 23.08,
            "eps_4q": 1.33,
            "eps_4q_growth_year": 21.72,
            "roe": 2.38,
            "roe_4q": 10.23,
            "gross_profit": 53093,
            "gross_margin": 17.25,
            "gross_margin_4q_avg": 16.53,
            "net_income": 15057,
            "revenue": 307733,
            "common_shares": 469184,
            "book_valuer_per_share": 13.6,
            "book_valuer_per_share_4q_avg": 13.2,
            "equity": 638134,
            "current_ratio": 131.31,
            "debt_ratio": 46.77,
            "inventory_turnover_ratio": 1.6,
            "account_receivable_turnover_ratio": null,
            "reinvestment_rate": -18.51,
            "research_to_sale_ratio": null,
            "price_fair": 36.12,
            "eps_avg_yearly": 1.03,
            "eps_latest_yearly": 1.28,
            "eps_growth_yearly": 126.09
        },
        "20051": {
            "year_quarter": 20051,
            "year": 2005,
            "quarter": 1,
            "eps": 0.29,
            "eps_growth_year": 163.64,
            "eps_4q": 1.54,
            "eps_4q_growth_year": 52.45,
            "roe": 2.08,
            "roe_4q": 11.509999999999998,
            "gross_profit": 34027,
            "gross_margin": 15.64,
            "gross_margin_4q_avg": 16.71,
            "net_income": 13418,
            "revenue": 217613,
            "common_shares": 469184,
            "book_valuer_per_share": 13.9,
            "book_valuer_per_share_4q_avg": 13.32,
            "equity": 652188,
            "current_ratio": 144.43,
            "debt_ratio": 39.79,
            "inventory_turnover_ratio": 1.31,
            "account_receivable_turnover_ratio": null,
            "reinvestment_rate": -12.39,
            "research_to_sale_ratio": null,
            "price_fair": 36.53,
            "eps_avg_yearly": 1.04,
            "eps_latest_yearly": 1.16,
            "eps_growth_yearly": 111.22
        },
        "20052": {
            "year_quarter": 20052,
            "year": 2005,
            "quarter": 2,
            "eps": -0.25,
            "eps_growth_year": null,
            "eps_4q": 1.26,
            "eps_4q_growth_year": 77.28,
            "roe": -1.87,
            "roe_4q": 9.6,
            "gross_profit": 14916,
            "gross_margin": 10.78,
            "gross_margin_4q_avg": 15.48,
            "net_income": -11575,
            "revenue": 138344,
            "common_shares": 469184,
            "book_valuer_per_share": 12.47,
            "book_valuer_per_share_4q_avg": 13.33,
            "equity": 585260,
            "current_ratio": 196.64,
            "debt_ratio": 37.94,
            "inventory_turnover_ratio": 0.87,
            "account_receivable_turnover_ratio": null,
            "reinvestment_rate": -9.44,
            "research_to_sale_ratio": null,
            "price_fair": 36.53,
            "eps_avg_yearly": 1.04,
            "eps_latest_yearly": 1.16,
            "eps_growth_yearly": 111.22
        },
        "20053": {
            "year_quarter": 20053,
            "year": 2005,
            "quarter": 3,
            "eps": 0.03,
            "eps_growth_year": -96.67,
            "eps_4q": 0.35,
            "eps_4q_growth_year": -72.53,
            "roe": 0.27,
            "roe_4q": 2.86,
            "gross_profit": 19372,
            "gross_margin": 12.33,
            "gross_margin_4q_avg": 14,
            "net_income": 1586,
            "revenue": 157157,
            "common_shares": 469184,
            "book_valuer_per_share": 12.55,
            "book_valuer_per_share_4q_avg": 13.13,
            "equity": 588923,
            "current_ratio": 206.72,
            "debt_ratio": 36.76,
            "inventory_turnover_ratio": 1.09,
            "account_receivable_turnover_ratio": null,
            "reinvestment_rate": -6.01,
            "research_to_sale_ratio": null,
            "price_fair": 36.53,
            "eps_avg_yearly": 1.04,
            "eps_latest_yearly": 1.16,
            "eps_growth_yearly": 111.22
        },
        "20054": {
            "year_quarter": 20054,
            "year": 2005,
            "quarter": 4,
            "eps": -0.22,
            "eps_growth_year": -168.75,
            "eps_4q": -0.15,
            "eps_4q_growth_year": -111.26,
            "roe": -1.76,
            "roe_4q": -1.2800000000000002,
            "gross_profit": 16319,
            "gross_margin": 10.81,
            "gross_margin_4q_avg": 12.39,
            "net_income": -10296,
            "revenue": 150974,
            "common_shares": 469184,
            "book_valuer_per_share": 12.41,
            "book_valuer_per_share_4q_avg": 12.83,
            "equity": 582245,
            "current_ratio": 206.39,
            "debt_ratio": 35.91,
            "inventory_turnover_ratio": 1.26,
            "account_receivable_turnover_ratio": null,
            "reinvestment_rate": -7.61,
            "research_to_sale_ratio": null,
            "price_fair": 36.53,
            "eps_avg_yearly": 1.04,
            "eps_latest_yearly": 1.16,
            "eps_growth_yearly": 111.22
        },
        "20061": {
            "year_quarter": 20061,
            "year": 2006,
            "quarter": 1,
            "eps": -0.01,
            "eps_growth_year": -103.45,
            "eps_4q": -2.51,
            "eps_4q_growth_year": -263.57,
            "roe": -0.01,
            "roe_4q": -3.37,
            "gross_profit": 16871,
            "gross_margin": 9.9,
            "gross_margin_4q_avg": 10.96,
            "net_income": -81,
            "revenue": 170332,
            "common_shares": 469184,
            "book_valuer_per_share": 12.4,
            "book_valuer_per_share_4q_avg": 12.46,
            "equity": 581741,
            "current_ratio": 182.96,
            "debt_ratio": 38.83,
            "inventory_turnover_ratio": 1.56,
            "account_receivable_turnover_ratio": null,
            "reinvestment_rate": -8.52,
            "research_to_sale_ratio": null,
            "price_fair": 37.1,
            "eps_avg_yearly": 1.06,
            "eps_latest_yearly": 1.16,
            "eps_growth_yearly": 132
        },
        "20062": {
            "year_quarter": 20062,
            "year": 2006,
            "quarter": 2,
            "eps": 0.09,
            "eps_growth_year": null,
            "eps_4q": -0.09,
            "eps_4q_growth_year": -106.93,
            "roe": 0.76,
            "roe_4q": -0.74,
            "gross_profit": 25553,
            "gross_margin": 11.43,
            "gross_margin_4q_avg": 11.12,
            "net_income": 4454,
            "revenue": 223491,
            "common_shares": 469184,
            "book_valuer_per_share": 12.46,
            "book_valuer_per_share_4q_avg": 12.46,
            "equity": 584424,
            "current_ratio": 165.43,
            "debt_ratio": 42.01,
            "inventory_turnover_ratio": 1.87,
            "account_receivable_turnover_ratio": null,
            "reinvestment_rate": -11.43,
            "research_to_sale_ratio": null,
            "price_fair": 36.4,
            "eps_avg_yearly": 1.04,
            "eps_latest_yearly": 1.16,
            "eps_growth_yearly": 128.48
        },
        "20063": {
            "year_quarter": 20063,
            "year": 2006,
            "quarter": 3,
            "eps": 0.03,
            "eps_growth_year": 0,
            "eps_4q": -0.09,
            "eps_4q_growth_year": -124.76,
            "roe": 0.26,
            "roe_4q": -0.75,
            "gross_profit": 14482,
            "gross_margin": 6.14,
            "gross_margin_4q_avg": 9.57,
            "net_income": 1524,
            "revenue": 235852,
            "common_shares": 469184,
            "book_valuer_per_share": 12.53,
            "book_valuer_per_share_4q_avg": 12.45,
            "equity": 587819,
            "current_ratio": 158.26,
            "debt_ratio": 43.29,
            "inventory_turnover_ratio": 1.82,
            "account_receivable_turnover_ratio": null,
            "reinvestment_rate": -14.53,
            "research_to_sale_ratio": null,
            "price_fair": 35.78,
            "eps_avg_yearly": 1.02,
            "eps_latest_yearly": 0.12,
            "eps_growth_yearly": 133.26
        },
        "20064": {
            "year_quarter": 20064,
            "year": 2006,
            "quarter": 4,
            "eps": -0.05,
            "eps_growth_year": null,
            "eps_4q": 0.08,
            "eps_4q_growth_year": null,
            "roe": -0.38,
            "roe_4q": 0.63,
            "gross_profit": 13091,
            "gross_margin": 5.33,
            "gross_margin_4q_avg": 8.2,
            "net_income": -2223,
            "revenue": 245827,
            "common_shares": 469184,
            "book_valuer_per_share": 12.56,
            "book_valuer_per_share_4q_avg": 12.49,
            "equity": 589467,
            "current_ratio": 158.45,
            "debt_ratio": 43.15,
            "inventory_turnover_ratio": 1.75,
            "account_receivable_turnover_ratio": null,
            "reinvestment_rate": -20.65,
            "research_to_sale_ratio": null,
            "price_fair": 2.79,
            "eps_avg_yearly": 0.93,
            "eps_latest_yearly": 0.12,
            "eps_growth_yearly": -114.37
        },
        "20071": {
            "year_quarter": 20071,
            "year": 2007,
            "quarter": 1,
            "eps": 0.15,
            "eps_growth_year": null,
            "eps_4q": 0.23,
            "eps_4q_growth_year": null,
            "roe": 1.19,
            "roe_4q": 1.8299999999999998,
            "gross_profit": 23207,
            "gross_margin": 8.62,
            "gross_margin_4q_avg": 7.88,
            "net_income": 7083,
            "revenue": 269252,
            "common_shares": 469184,
            "book_valuer_per_share": 12.76,
            "book_valuer_per_share_4q_avg": 12.58,
            "equity": 598619,
            "current_ratio": 156.46,
            "debt_ratio": 44.29,
            "inventory_turnover_ratio": 1.92,
            "account_receivable_turnover_ratio": null,
            "reinvestment_rate": -29.93,
            "research_to_sale_ratio": null,
            "price_fair": 2.78,
            "eps_avg_yearly": 0.93,
            "eps_latest_yearly": 0.12,
            "eps_growth_yearly": -104.73
        },
        "20072": {
            "year_quarter": 20072,
            "year": 2007,
            "quarter": 2,
            "eps": 0.21,
            "eps_growth_year": 133.33,
            "eps_4q": 0.35,
            "eps_4q_growth_year": null,
            "roe": 1.62,
            "roe_4q": 2.6900000000000004,
            "gross_profit": 25571,
            "gross_margin": 10.01,
            "gross_margin_4q_avg": 7.53,
            "net_income": 9763,
            "revenue": 255562,
            "common_shares": 469184,
            "book_valuer_per_share": 12.94,
            "book_valuer_per_share_4q_avg": 12.7,
            "equity": 607296,
            "current_ratio": 170.42,
            "debt_ratio": 40.17,
            "inventory_turnover_ratio": 2.04,
            "account_receivable_turnover_ratio": null,
            "reinvestment_rate": -26.96,
            "research_to_sale_ratio": null,
            "price_fair": 2.67,
            "eps_avg_yearly": 0.89,
            "eps_latest_yearly": 0.84,
            "eps_growth_yearly": -89.02
        },
        "20073": {
            "year_quarter": 20073,
            "year": 2007,
            "quarter": 3,
            "eps": 0.19,
            "eps_growth_year": 533.33,
            "eps_4q": 0.51,
            "eps_4q_growth_year": null,
            "roe": 1.43,
            "roe_4q": 3.8600000000000003,
            "gross_profit": 17753,
            "gross_margin": 7.81,
            "gross_margin_4q_avg": 7.94,
            "net_income": 8758,
            "revenue": 227194,
            "common_shares": 469184,
            "book_valuer_per_share": 13.13,
            "book_valuer_per_share_4q_avg": 12.85,
            "equity": 615844,
            "current_ratio": 202.7,
            "debt_ratio": 34.18,
            "inventory_turnover_ratio": 2.11,
            "account_receivable_turnover_ratio": null,
            "reinvestment_rate": -35.96,
            "research_to_sale_ratio": null,
            "price_fair": 2.42,
            "eps_avg_yearly": 0.81,
            "eps_latest_yearly": 0.76,
            "eps_growth_yearly": -109.28
        },
        "20074": {
            "year_quarter": 20074,
            "year": 2007,
            "quarter": 4,
            "eps": 0.09,
            "eps_growth_year": null,
            "eps_4q": 0.61,
            "eps_4q_growth_year": 664.04,
            "roe": 0.72,
            "roe_4q": 4.96,
            "gross_profit": 14044,
            "gross_margin": 6.97,
            "gross_margin_4q_avg": 8.35,
            "net_income": 4421,
            "revenue": 201409,
            "common_shares": 469184,
            "book_valuer_per_share": 13.05,
            "book_valuer_per_share_4q_avg": 12.97,
            "equity": 612414,
            "current_ratio": 204.1,
            "debt_ratio": 33.9,
            "inventory_turnover_ratio": 1.8,
            "account_receivable_turnover_ratio": null,
            "reinvestment_rate": -38.08,
            "research_to_sale_ratio": null,
            "price_fair": 2.13,
            "eps_avg_yearly": 0.71,
            "eps_latest_yearly": 0.36,
            "eps_growth_yearly": -125.91
        },
        "20081": {
            "year_quarter": 20081,
            "year": 2008,
            "quarter": 1,
            "eps": -0.28,
            "eps_growth_year": -286.67,
            "eps_4q": 0.21,
            "eps_4q_growth_year": -9.61,
            "roe": -2.18,
            "roe_4q": 1.5899999999999999,
            "gross_profit": 18311,
            "gross_margin": 7.59,
            "gross_margin_4q_avg": 8.1,
            "net_income": -13178,
            "revenue": 241103,
            "common_shares": 469184,
            "book_valuer_per_share": 12.7,
            "book_valuer_per_share_4q_avg": 12.96,
            "equity": 595630,
            "current_ratio": 185.77,
            "debt_ratio": 36.43,
            "inventory_turnover_ratio": 1.87,
            "account_receivable_turnover_ratio": null,
            "reinvestment_rate": -47.01,
            "research_to_sale_ratio": null,
            "price_fair": 2.26,
            "eps_avg_yearly": 0.75,
            "eps_latest_yearly": 0.36,
            "eps_growth_yearly": -108.43
        },
        "20082": {
            "year_quarter": 20082,
            "year": 2008,
            "quarter": 2,
            "eps": 0.05,
            "eps_growth_year": -76.19,
            "eps_4q": 0.05,
            "eps_4q_growth_year": -85.6,
            "roe": 0.4,
            "roe_4q": 0.36999999999999966,
            "gross_profit": 21965,
            "gross_margin": 8.19,
            "gross_margin_4q_avg": 7.64,
            "net_income": 2362,
            "revenue": 268315,
            "common_shares": 469184,
            "book_valuer_per_share": 12.69,
            "book_valuer_per_share_4q_avg": 12.89,
            "equity": 595454,
            "current_ratio": 151.97,
            "debt_ratio": 41.64,
            "inventory_turnover_ratio": 2.02,
            "account_receivable_turnover_ratio": null,
            "reinvestment_rate": -61,
            "research_to_sale_ratio": null,
            "price_fair": 2.26,
            "eps_avg_yearly": 0.75,
            "eps_latest_yearly": 0.36,
            "eps_growth_yearly": -108.43
        },
        "20083": {
            "year_quarter": 20083,
            "year": 2008,
            "quarter": 3,
            "eps": -0.98,
            "eps_growth_year": -615.79,
            "eps_4q": -1.11,
            "eps_4q_growth_year": -319.28,
            "roe": -7.97,
            "roe_4q": -9.03,
            "gross_profit": -2160,
            "gross_margin": -0.96,
            "gross_margin_4q_avg": 5.45,
            "net_income": -45791,
            "revenue": 224904,
            "common_shares": 469184,
            "book_valuer_per_share": 11.79,
            "book_valuer_per_share_4q_avg": 12.56,
            "equity": 553377,
            "current_ratio": 171.82,
            "debt_ratio": 41.19,
            "inventory_turnover_ratio": 2.18,
            "account_receivable_turnover_ratio": null,
            "reinvestment_rate": null,
            "research_to_sale_ratio": null,
            "price_fair": 2.26,
            "eps_avg_yearly": 0.75,
            "eps_latest_yearly": 0.36,
            "eps_growth_yearly": -108.43
        },
        "20084": {
            "year_quarter": 20084,
            "year": 2008,
            "quarter": 4,
            "eps": -0.42,
            "eps_growth_year": -566.67,
            "eps_4q": -1.63,
            "eps_4q_growth_year": -366.68,
            "roe": -3.63,
            "roe_4q": -13.379999999999999,
            "gross_profit": 14300,
            "gross_margin": 10.3,
            "gross_margin_4q_avg": 6.28,
            "net_income": -19762,
            "revenue": 138770,
            "common_shares": 469184,
            "book_valuer_per_share": 11.38,
            "book_valuer_per_share_4q_avg": 12.14,
            "equity": 534048,
            "current_ratio": 180.12,
            "debt_ratio": 35.82,
            "inventory_turnover_ratio": 1.42,
            "account_receivable_turnover_ratio": 1.86,
            "reinvestment_rate": null,
            "research_to_sale_ratio": null,
            "price_fair": 1.94,
            "eps_avg_yearly": 0.65,
            "eps_latest_yearly": 0.36,
            "eps_growth_yearly": -78.56
        },
        "20091": {
            "year_quarter": 20091,
            "year": 2009,
            "quarter": 1,
            "eps": -0.29,
            "eps_growth_year": null,
            "eps_4q": -1.64,
            "eps_4q_growth_year": -888.73,
            "roe": -2.58,
            "roe_4q": -13.78,
            "gross_profit": -7465,
            "gross_margin": -10.17,
            "gross_margin_4q_avg": 1.84,
            "net_income": -13582,
            "revenue": 73433,
            "common_shares": 469184,
            "book_valuer_per_share": 11.1,
            "book_valuer_per_share_4q_avg": 11.74,
            "equity": 520863,
            "current_ratio": 180.58,
            "debt_ratio": 34.37,
            "inventory_turnover_ratio": 0.99,
            "account_receivable_turnover_ratio": 2.48,
            "reinvestment_rate": null,
            "research_to_sale_ratio": null,
            "price_fair": 1.56,
            "eps_avg_yearly": 0.52,
            "eps_latest_yearly": 0.36,
            "eps_growth_yearly": -88.82
        },
        "20092": {
            "year_quarter": 20092,
            "year": 2009,
            "quarter": 2,
            "eps": -0.57,
            "eps_growth_year": -1240,
            "eps_4q": -2.25,
            "eps_4q_growth_year": -4601.59,
            "roe": -5.23,
            "roe_4q": -19.41,
            "gross_profit": -15635,
            "gross_margin": -21.43,
            "gross_margin_4q_avg": -5.57,
            "net_income": -26513,
            "revenue": 72945,
            "common_shares": 469184,
            "book_valuer_per_share": 10.53,
            "book_valuer_per_share_4q_avg": 11.2,
            "equity": 493967,
            "current_ratio": 162.42,
            "debt_ratio": 33.59,
            "inventory_turnover_ratio": 1.38,
            "account_receivable_turnover_ratio": 1.32,
            "reinvestment_rate": null,
            "research_to_sale_ratio": null,
            "price_fair": 1.56,
            "eps_avg_yearly": 0.52,
            "eps_latest_yearly": 0.36,
            "eps_growth_yearly": -88.82
        },
        "20093": {
            "year_quarter": 20093,
            "year": 2009,
            "quarter": 3,
            "eps": 0.04,
            "eps_growth_year": null,
            "eps_4q": -1.28,
            "eps_4q_growth_year": null,
            "roe": 0.35,
            "roe_4q": -11.09,
            "gross_profit": 9261,
            "gross_margin": 10.53,
            "gross_margin_4q_avg": -2.69,
            "net_income": 1813,
            "revenue": 87985,
            "common_shares": 519184,
            "book_valuer_per_share": 10.16,
            "book_valuer_per_share_4q_avg": 10.79,
            "equity": 527709,
            "current_ratio": 187.29,
            "debt_ratio": 28.44,
            "inventory_turnover_ratio": 1.64,
            "account_receivable_turnover_ratio": 1.6,
            "reinvestment_rate": null,
            "research_to_sale_ratio": null,
            "price_fair": 1.56,
            "eps_avg_yearly": 0.52,
            "eps_latest_yearly": 0.36,
            "eps_growth_yearly": -88.82
        },
        "20094": {
            "year_quarter": 20094,
            "year": 2009,
            "quarter": 4,
            "eps": -0.04,
            "eps_growth_year": null,
            "eps_4q": -0.71,
            "eps_4q_growth_year": null,
            "roe": -0.38,
            "roe_4q": -7.840000000000001,
            "gross_profit": 14834,
            "gross_margin": 15.7,
            "gross_margin_4q_avg": -1.34,
            "net_income": -2099,
            "revenue": 94499,
            "common_shares": 569184,
            "book_valuer_per_share": 9.91,
            "book_valuer_per_share_4q_avg": 10.43,
            "equity": 564249,
            "current_ratio": 185.34,
            "debt_ratio": 31.48,
            "inventory_turnover_ratio": 1.8,
            "account_receivable_turnover_ratio": 3.14,
            "reinvestment_rate": null,
            "research_to_sale_ratio": null,
            "price_fair": 1.56,
            "eps_avg_yearly": 0.52,
            "eps_latest_yearly": 0.36,
            "eps_growth_yearly": -88.82
        },
        "20101": {
            "year_quarter": 20101,
            "year": 2010,
            "quarter": 1,
            "eps": 0.12,
            "eps_growth_year": null,
            "eps_4q": -0.34,
            "eps_4q_growth_year": null,
            "roe": 1.14,
            "roe_4q": -4.120000000000001,
            "gross_profit": 9474,
            "gross_margin": 11.05,
            "gross_margin_4q_avg": 3.96,
            "net_income": 6620,
            "revenue": 85746,
            "common_shares": 589184,
            "book_valuer_per_share": 10.06,
            "book_valuer_per_share_4q_avg": 10.17,
            "equity": 592764,
            "current_ratio": 243.53,
            "debt_ratio": 23.19,
            "inventory_turnover_ratio": 1.67,
            "account_receivable_turnover_ratio": 1.41,
            "reinvestment_rate": null,
            "research_to_sale_ratio": 3.49,
            "price_fair": 1.56,
            "eps_avg_yearly": 0.52,
            "eps_latest_yearly": 0.36,
            "eps_growth_yearly": -88.82
        },
        "20102": {
            "year_quarter": 20102,
            "year": 2010,
            "quarter": 2,
            "eps": -0.3,
            "eps_growth_year": null,
            "eps_4q": -0.19,
            "eps_4q_growth_year": null,
            "roe": -3.01,
            "roe_4q": -1.9,
            "gross_profit": -470,
            "gross_margin": -0.71,
            "gross_margin_4q_avg": 9.14,
            "net_income": -17594,
            "revenue": 66572,
            "common_shares": 589184,
            "book_valuer_per_share": 9.76,
            "book_valuer_per_share_4q_avg": 9.97,
            "equity": 575288,
            "current_ratio": 229.34,
            "debt_ratio": 22.07,
            "inventory_turnover_ratio": 1.37,
            "account_receivable_turnover_ratio": 1.13,
            "reinvestment_rate": null,
            "research_to_sale_ratio": 4.88,
            "price_fair": 1.56,
            "eps_avg_yearly": 0.52,
            "eps_latest_yearly": 0.36,
            "eps_growth_yearly": -88.82
        },
        "20103": {
            "year_quarter": 20103,
            "year": 2010,
            "quarter": 3,
            "eps": -0.32,
            "eps_growth_year": -897.79,
            "eps_4q": -0.54,
            "eps_4q_growth_year": null,
            "roe": -3.35,
            "roe_4q": -5.6,
            "gross_profit": 8621,
            "gross_margin": 8.23,
            "gross_margin_4q_avg": 8.57,
            "net_income": -19121,
            "revenue": 104698,
            "common_shares": 599184,
            "book_valuer_per_share": 9.46,
            "book_valuer_per_share_4q_avg": 9.8,
            "equity": 566688,
            "current_ratio": 197.06,
            "debt_ratio": 23.99,
            "inventory_turnover_ratio": 1.76,
            "account_receivable_turnover_ratio": 1.52,
            "reinvestment_rate": null,
            "research_to_sale_ratio": 2.54,
            "price_fair": 1.96,
            "eps_avg_yearly": 0.65,
            "eps_latest_yearly": 0.36,
            "eps_growth_yearly": -29.54
        },
        "20104": {
            "year_quarter": 20104,
            "year": 2010,
            "quarter": 4,
            "eps": -0.44,
            "eps_growth_year": null,
            "eps_4q": -0.94,
            "eps_4q_growth_year": null,
            "roe": -4.74,
            "roe_4q": -9.959999999999999,
            "gross_profit": 735,
            "gross_margin": 0.82,
            "gross_margin_4q_avg": 4.85,
            "net_income": -26145,
            "revenue": 89208,
            "common_shares": 599184,
            "book_valuer_per_share": 8.97,
            "book_valuer_per_share_4q_avg": 9.56,
            "equity": 537304,
            "current_ratio": 167.9,
            "debt_ratio": 29.39,
            "inventory_turnover_ratio": 1.67,
            "account_receivable_turnover_ratio": 1.38,
            "reinvestment_rate": null,
            "research_to_sale_ratio": 4.84,
            "price_fair": 1.96,
            "eps_avg_yearly": 0.65,
            "eps_latest_yearly": 0.36,
            "eps_growth_yearly": -29.54
        },
        "20111": {
            "year_quarter": 20111,
            "year": 2011,
            "quarter": 1,
            "eps": -0.35,
            "eps_growth_year": -391.67,
            "eps_4q": -1.4,
            "eps_4q_growth_year": null,
            "roe": -3.97,
            "roe_4q": -15.07,
            "gross_profit": -3837,
            "gross_margin": -6.1,
            "gross_margin_4q_avg": 0.56,
            "net_income": -20911,
            "revenue": 62908,
            "common_shares": 599184,
            "book_valuer_per_share": 8.62,
            "book_valuer_per_share_4q_avg": 9.2,
            "equity": 516483,
            "current_ratio": 170.4,
            "debt_ratio": 28.82,
            "inventory_turnover_ratio": 1.47,
            "account_receivable_turnover_ratio": 1.35,
            "reinvestment_rate": null,
            "research_to_sale_ratio": 4.66,
            "price_fair": 1.96,
            "eps_avg_yearly": 0.65,
            "eps_latest_yearly": 0.36,
            "eps_growth_yearly": -29.54
        },
        "20112": {
            "year_quarter": 20112,
            "year": 2011,
            "quarter": 2,
            "eps": -0.76,
            "eps_growth_year": null,
            "eps_4q": -1.86,
            "eps_4q_growth_year": null,
            "roe": -9.18,
            "roe_4q": -21.240000000000002,
            "gross_profit": -3212,
            "gross_margin": -5.01,
            "gross_margin_4q_avg": -0.52,
            "net_income": -45357,
            "revenue": 64145,
            "common_shares": 599184,
            "book_valuer_per_share": 7.88,
            "book_valuer_per_share_4q_avg": 8.73,
            "equity": 472043,
            "current_ratio": 216.75,
            "debt_ratio": 17.18,
            "inventory_turnover_ratio": 1.44,
            "account_receivable_turnover_ratio": 1.35,
            "reinvestment_rate": null,
            "research_to_sale_ratio": 4.91,
            "price_fair": 1.68,
            "eps_avg_yearly": 0.56,
            "eps_latest_yearly": 0.36,
            "eps_growth_yearly": -124.31
        },
        "20113": {
            "year_quarter": 20113,
            "year": 2011,
            "quarter": 3,
            "eps": 0,
            "eps_growth_year": null,
            "eps_4q": -1.54,
            "eps_4q_growth_year": null,
            "roe": 0.02,
            "roe_4q": -17.87,
            "gross_profit": 7953,
            "gross_margin": 9.24,
            "gross_margin_4q_avg": -0.26,
            "net_income": 71,
            "revenue": 86085,
            "common_shares": 599184,
            "book_valuer_per_share": 7.88,
            "book_valuer_per_share_4q_avg": 8.34,
            "equity": 472113,
            "current_ratio": 190.05,
            "debt_ratio": 21.31,
            "inventory_turnover_ratio": 1.31,
            "account_receivable_turnover_ratio": 2.22,
            "reinvestment_rate": null,
            "research_to_sale_ratio": 2.1,
            "price_fair": 1.08,
            "eps_avg_yearly": 0.36,
            "eps_latest_yearly": 0.36,
            "eps_growth_yearly": -210.53
        },
        "20114": {
            "year_quarter": 20114,
            "year": 2011,
            "quarter": 4,
            "eps": 0.38,
            "eps_growth_year": null,
            "eps_4q": -0.88,
            "eps_4q_growth_year": null,
            "roe": 3.76,
            "roe_4q": -9.370000000000001,
            "gross_profit": 43506,
            "gross_margin": 21.35,
            "gross_margin_4q_avg": 4.87,
            "net_income": 20141,
            "revenue": 203809,
            "common_shares": 523398,
            "book_valuer_per_share": 11.44,
            "book_valuer_per_share_4q_avg": 8.96,
            "equity": 599028,
            "current_ratio": 307.09,
            "debt_ratio": 16.98,
            "inventory_turnover_ratio": 2.66,
            "account_receivable_turnover_ratio": 5.58,
            "reinvestment_rate": null,
            "research_to_sale_ratio": 0.4,
            "price_fair": 0,
            "eps_avg_yearly": 0,
            "eps_latest_yearly": 0,
            "eps_growth_yearly": 0
        },
        "20121": {
            "year_quarter": 20121,
            "year": 2012,
            "quarter": 1,
            "eps": 0.06,
            "eps_growth_year": null,
            "eps_4q": -0.42,
            "eps_4q_growth_year": null,
            "roe": 0.54,
            "roe_4q": -4.86,
            "gross_profit": 18245,
            "gross_margin": 21.01,
            "gross_margin_4q_avg": 11.65,
            "net_income": 3276,
            "revenue": 86836,
            "common_shares": 523398,
            "book_valuer_per_share": 11.53,
            "book_valuer_per_share_4q_avg": 9.68,
            "equity": 603566,
            "current_ratio": 399.74,
            "debt_ratio": 12.57,
            "inventory_turnover_ratio": 2.56,
            "account_receivable_turnover_ratio": 3.42,
            "reinvestment_rate": null,
            "research_to_sale_ratio": 0.92,
            "price_fair": 0.72,
            "eps_avg_yearly": 0.24,
            "eps_latest_yearly": 0.24,
            "eps_growth_yearly": -336.84
        },
        "20122": {
            "year_quarter": 20122,
            "year": 2012,
            "quarter": 2,
            "eps": -0.6,
            "eps_growth_year": null,
            "eps_4q": -0.15,
            "eps_4q_growth_year": null,
            "roe": -5.32,
            "roe_4q": -1.0000000000000004,
            "gross_profit": -7924,
            "gross_margin": -8.75,
            "gross_margin_4q_avg": 10.71,
            "net_income": -31269,
            "revenue": 90542,
            "common_shares": 523398,
            "book_valuer_per_share": 10.95,
            "book_valuer_per_share_4q_avg": 10.45,
            "equity": 572976,
            "current_ratio": 1080.55,
            "debt_ratio": 3.87,
            "inventory_turnover_ratio": 42.73,
            "account_receivable_turnover_ratio": 1.8,
            "reinvestment_rate": null,
            "research_to_sale_ratio": 0.17,
            "price_fair": 0.72,
            "eps_avg_yearly": 0.24,
            "eps_latest_yearly": 0.24,
            "eps_growth_yearly": -336.84
        },
        "20123": {
            "year_quarter": 20123,
            "year": 2012,
            "quarter": 3,
            "eps": 0.04,
            "eps_growth_year": 3013.42,
            "eps_4q": -0.11,
            "eps_4q_growth_year": null,
            "roe": 0.34,
            "roe_4q": -0.6800000000000006,
            "gross_profit": -1577,
            "gross_margin": -1487.74,
            "gross_margin_4q_avg": -363.53,
            "net_income": 1931,
            "revenue": 106,
            "common_shares": 523398,
            "book_valuer_per_share": 10.98,
            "book_valuer_per_share_4q_avg": 11.23,
            "equity": 574446,
            "current_ratio": 3600.18,
            "debt_ratio": 1.27,
            "inventory_turnover_ratio": null,
            "account_receivable_turnover_ratio": 0,
            "reinvestment_rate": null,
            "research_to_sale_ratio": 133.96,
            "price_fair": 0.72,
            "eps_avg_yearly": 0.24,
            "eps_latest_yearly": 0.24,
            "eps_growth_yearly": -336.84
        },
        "20124": {
            "year_quarter": 20124,
            "year": 2012,
            "quarter": 4,
            "eps": -0.16,
            "eps_growth_year": -141.7,
            "eps_4q": -0.59,
            "eps_4q_growth_year": null,
            "roe": -1.59,
            "roe_4q": -6.03,
            "gross_profit": -1199,
            "gross_margin": null,
            "gross_margin_4q_avg": -368.87,
            "net_income": -9828,
            "revenue": 0,
            "common_shares": 612398,
            "book_valuer_per_share": 10.81,
            "book_valuer_per_share_4q_avg": 11.07,
            "equity": 661718,
            "current_ratio": 533.76,
            "debt_ratio": 19.12,
            "inventory_turnover_ratio": null,
            "account_receivable_turnover_ratio": 0,
            "reinvestment_rate": null,
            "research_to_sale_ratio": null,
            "price_fair": 0.72,
            "eps_avg_yearly": 0.24,
            "eps_latest_yearly": 0.24,
            "eps_growth_yearly": -336.84
        },
        "20131": {
            "year_quarter": 20131,
            "year": 2013,
            "quarter": 1,
            "eps": -0.05,
            "eps_growth_year": -183.33,
            "eps_4q": -0.69,
            "eps_4q_growth_year": null,
            "roe": -0.47,
            "roe_4q": -7.04,
            "gross_profit": -202,
            "gross_margin": -188.78,
            "gross_margin_4q_avg": -421.32,
            "net_income": -3098,
            "revenue": 107,
            "common_shares": 612398,
            "book_valuer_per_share": 10.81,
            "book_valuer_per_share_4q_avg": 10.89,
            "equity": 661994,
            "current_ratio": 389.99,
            "debt_ratio": 23.12,
            "inventory_turnover_ratio": 30.9,
            "account_receivable_turnover_ratio": 214,
            "reinvestment_rate": null,
            "research_to_sale_ratio": 0,
            "price_fair": 0.72,
            "eps_avg_yearly": 0.24,
            "eps_latest_yearly": 0.24,
            "eps_growth_yearly": -336.84
        },
        "20132": {
            "year_quarter": 20132,
            "year": 2013,
            "quarter": 2,
            "eps": 1.73,
            "eps_growth_year": null,
            "eps_4q": 1.53,
            "eps_4q_growth_year": null,
            "roe": 14.87,
            "roe_4q": 13.149999999999999,
            "gross_profit": -197,
            "gross_margin": -82.08,
            "gross_margin_4q_avg": -439.65,
            "net_income": 107738,
            "revenue": 240,
            "common_shares": 630398,
            "book_valuer_per_share": 12.49,
            "book_valuer_per_share_4q_avg": 11.27,
            "equity": 787458,
            "current_ratio": 406.23,
            "debt_ratio": 21.33,
            "inventory_turnover_ratio": 43.7,
            "account_receivable_turnover_ratio": 480,
            "reinvestment_rate": null,
            "research_to_sale_ratio": 0,
            "price_fair": 0.72,
            "eps_avg_yearly": 0.24,
            "eps_latest_yearly": 0.24,
            "eps_growth_yearly": -336.84
        },
        "20133": {
            "year_quarter": 20133,
            "year": 2013,
            "quarter": 3,
            "eps": -0.15,
            "eps_growth_year": -506.57,
            "eps_4q": 1.36,
            "eps_4q_growth_year": null,
            "roe": -1.2,
            "roe_4q": 11.61,
            "gross_profit": -383,
            "gross_margin": -5471.43,
            "gross_margin_4q_avg": -1435.57,
            "net_income": -9391,
            "revenue": 7,
            "common_shares": 630398,
            "book_valuer_per_share": 12.25,
            "book_valuer_per_share_4q_avg": 11.59,
            "equity": 772008,
            "current_ratio": 337.44,
            "debt_ratio": 24.56,
            "inventory_turnover_ratio": null,
            "account_receivable_turnover_ratio": null,
            "reinvestment_rate": null,
            "research_to_sale_ratio": 0,
            "price_fair": 0.72,
            "eps_avg_yearly": 0.24,
            "eps_latest_yearly": 0.24,
            "eps_growth_yearly": -336.84
        },
        "20134": {
            "year_quarter": 20134,
            "year": 2013,
            "quarter": 4,
            "eps": -0.05,
            "eps_growth_year": null,
            "eps_4q": 1.46,
            "eps_4q_growth_year": null,
            "roe": -0.41,
            "roe_4q": 12.79,
            "gross_profit": -326,
            "gross_margin": -10866.67,
            "gross_margin_4q_avg": -4152.24,
            "net_income": -3415,
            "revenue": 3,
            "common_shares": 630398,
            "book_valuer_per_share": 14.28,
            "book_valuer_per_share_4q_avg": 12.46,
            "equity": 900007,
            "current_ratio": 259,
            "debt_ratio": 22.24,
            "inventory_turnover_ratio": 658,
            "account_receivable_turnover_ratio": null,
            "reinvestment_rate": null,
            "research_to_sale_ratio": 0,
            "price_fair": 0.72,
            "eps_avg_yearly": 0.24,
            "eps_latest_yearly": 0.24,
            "eps_growth_yearly": -336.84
        },
        "20141": {
            "year_quarter": 20141,
            "year": 2014,
            "quarter": 1,
            "eps": -0.11,
            "eps_growth_year": null,
            "eps_4q": 1.31,
            "eps_4q_growth_year": null,
            "roe": -0.8,
            "roe_4q": 12.459999999999999,
            "gross_profit": 12654,
            "gross_margin": 99.98,
            "gross_margin_4q_avg": -4080.05,
            "net_income": -7426,
            "revenue": 12656,
            "common_shares": 668628,
            "book_valuer_per_share": 14.21,
            "book_valuer_per_share_4q_avg": 13.31,
            "equity": 949907,
            "current_ratio": 173.66,
            "debt_ratio": 32.38,
            "inventory_turnover_ratio": 4,
            "account_receivable_turnover_ratio": null,
            "reinvestment_rate": null,
            "research_to_sale_ratio": 15.27,
            "price_fair": 0.72,
            "eps_avg_yearly": 0.24,
            "eps_latest_yearly": 0.24,
            "eps_growth_yearly": -336.84
        },
        "20142": {
            "year_quarter": 20142,
            "year": 2014,
            "quarter": 2,
            "eps": -0.35,
            "eps_growth_year": -120.23,
            "eps_4q": -0.65,
            "eps_4q_growth_year": -142.36,
            "roe": -2.54,
            "roe_4q": -4.95,
            "gross_profit": 7438,
            "gross_margin": 100,
            "gross_margin_4q_avg": -4034.53,
            "net_income": -23232,
            "revenue": 7438,
            "common_shares": 668628,
            "book_valuer_per_share": 13.11,
            "book_valuer_per_share_4q_avg": 13.46,
            "equity": 876881,
            "current_ratio": 111.41,
            "debt_ratio": 38.49,
            "inventory_turnover_ratio": null,
            "account_receivable_turnover_ratio": null,
            "reinvestment_rate": null,
            "research_to_sale_ratio": 3.33,
            "price_fair": 0.72,
            "eps_avg_yearly": 0.24,
            "eps_latest_yearly": 0.24,
            "eps_growth_yearly": -336.84
        },
        "20143": {
            "year_quarter": 20143,
            "year": 2014,
            "quarter": 3,
            "eps": -0.62,
            "eps_growth_year": null,
            "eps_4q": -1.12,
            "eps_4q_growth_year": -182.78,
            "roe": -5.05,
            "roe_4q": -8.8,
            "gross_profit": -842,
            "gross_margin": 123.1,
            "gross_margin_4q_avg": -2635.9,
            "net_income": -41237,
            "revenue": -684,
            "common_shares": 668628,
            "book_valuer_per_share": 10.86,
            "book_valuer_per_share_4q_avg": 13.12,
            "equity": 756059,
            "current_ratio": 118.6,
            "debt_ratio": 39.92,
            "inventory_turnover_ratio": null,
            "account_receivable_turnover_ratio": null,
            "reinvestment_rate": null,
            "research_to_sale_ratio": -2680.7,
            "price_fair": 0.72,
            "eps_avg_yearly": 0.24,
            "eps_latest_yearly": 0.24,
            "eps_growth_yearly": -336.84
        },
        "20144": {
            "year_quarter": 20144,
            "year": 2014,
            "quarter": 4,
            "eps": -0.64,
            "eps_growth_year": null,
            "eps_4q": -1.68,
            "eps_4q_growth_year": -215.31,
            "roe": -5.91,
            "roe_4q": -14.3,
            "gross_profit": 792,
            "gross_margin": 83.19,
            "gross_margin_4q_avg": 101.57,
            "net_income": -44096,
            "revenue": 952,
            "common_shares": 690528,
            "book_valuer_per_share": 10.67,
            "book_valuer_per_share_4q_avg": 12.21,
            "equity": 736953,
            "current_ratio": 104.99,
            "debt_ratio": 33.09,
            "inventory_turnover_ratio": null,
            "account_receivable_turnover_ratio": null,
            "reinvestment_rate": null,
            "research_to_sale_ratio": 1374.05,
            "price_fair": 0.72,
            "eps_avg_yearly": 0.24,
            "eps_latest_yearly": 0.24,
            "eps_growth_yearly": -336.84
        },
        "20151": {
            "year_quarter": 20151,
            "year": 2015,
            "quarter": 1,
            "eps": -0.49,
            "eps_growth_year": null,
            "eps_4q": -2.05,
            "eps_4q_growth_year": -256.53,
            "roe": -4.65,
            "roe_4q": -18.15,
            "gross_profit": 989,
            "gross_margin": 85.78,
            "gross_margin_4q_avg": 98.02,
            "net_income": -33661,
            "revenue": 1153,
            "common_shares": 690528,
            "book_valuer_per_share": 10.27,
            "book_valuer_per_share_4q_avg": 11.23,
            "equity": 712001,
            "current_ratio": 32.71,
            "debt_ratio": 42.45,
            "inventory_turnover_ratio": null,
            "account_receivable_turnover_ratio": null,
            "reinvestment_rate": null,
            "research_to_sale_ratio": 120.47,
            "price_fair": 0.72,
            "eps_avg_yearly": 0.24,
            "eps_latest_yearly": 0.24,
            "eps_growth_yearly": -336.84
        },
        "20152": {
            "year_quarter": 20152,
            "year": 2015,
            "quarter": 2,
            "eps": -0.55,
            "eps_growth_year": null,
            "eps_4q": -2.01,
            "eps_4q_growth_year": null,
            "roe": -5.31,
            "roe_4q": -20.92,
            "gross_profit": 938,
            "gross_margin": 82.21,
            "gross_margin_4q_avg": 93.57,
            "net_income": -39813,
            "revenue": 1141,
            "common_shares": 791348,
            "book_valuer_per_share": 9.96,
            "book_valuer_per_share_4q_avg": 10.44,
            "equity": 788393,
            "current_ratio": 31.71,
            "debt_ratio": 38.3,
            "inventory_turnover_ratio": null,
            "account_receivable_turnover_ratio": null,
            "reinvestment_rate": null,
            "research_to_sale_ratio": 162.84,
            "price_fair": 0.72,
            "eps_avg_yearly": 0.24,
            "eps_latest_yearly": 0.24,
            "eps_growth_yearly": -336.84
        },
        "20153": {
            "year_quarter": 20153,
            "year": 2015,
            "quarter": 3,
            "eps": -0.39,
            "eps_growth_year": null,
            "eps_4q": -1.87,
            "eps_4q_growth_year": null,
            "roe": -1.15,
            "roe_4q": -17.02,
            "gross_profit": 26757,
            "gross_margin": 99.53,
            "gross_margin_4q_avg": 87.68,
            "net_income": -33278,
            "revenue": 26883,
            "common_shares": 791348,
            "book_valuer_per_share": 29.03,
            "book_valuer_per_share_4q_avg": 14.98,
            "equity": 4990191,
            "current_ratio": 14.67,
            "debt_ratio": 9.69,
            "inventory_turnover_ratio": null,
            "account_receivable_turnover_ratio": null,
            "reinvestment_rate": null,
            "research_to_sale_ratio": 11.54,
            "price_fair": 0.72,
            "eps_avg_yearly": 0.24,
            "eps_latest_yearly": 0.24,
            "eps_growth_yearly": -336.84
        },
        "20154": {
            "year_quarter": 20154,
            "year": 2015,
            "quarter": 4,
            "eps": -0.76,
            "eps_growth_year": null,
            "eps_4q": -2.08,
            "eps_4q_growth_year": null,
            "roe": -2.68,
            "roe_4q": -13.790000000000001,
            "gross_profit": 1890,
            "gross_margin": 91.79,
            "gross_margin_4q_avg": 89.83,
            "net_income": -133565,
            "revenue": 2059,
            "common_shares": 789698,
            "book_valuer_per_share": 28.92,
            "book_valuer_per_share_4q_avg": 19.55,
            "equity": 4977130,
            "current_ratio": 8.04,
            "debt_ratio": 10.03,
            "inventory_turnover_ratio": null,
            "account_receivable_turnover_ratio": null,
            "reinvestment_rate": null,
            "research_to_sale_ratio": 155.12,
            "price_fair": 0.72,
            "eps_avg_yearly": 0.24,
            "eps_latest_yearly": 0.24,
            "eps_growth_yearly": -336.84
        },
        "20161": {
            "year_quarter": 20161,
            "year": 2016,
            "quarter": 1,
            "eps": -0.96,
            "eps_growth_year": null,
            "eps_4q": -2.55,
            "eps_4q_growth_year": null,
            "roe": -3.06,
            "roe_4q": -12.2,
            "gross_profit": 5988,
            "gross_margin": 97.21,
            "gross_margin_4q_avg": 92.69,
            "net_income": -154079,
            "revenue": 6160,
            "common_shares": 808150,
            "book_valuer_per_share": 27.78,
            "book_valuer_per_share_4q_avg": 23.92,
            "equity": 5081396,
            "current_ratio": 128.78,
            "debt_ratio": 10.07,
            "inventory_turnover_ratio": null,
            "account_receivable_turnover_ratio": null,
            "reinvestment_rate": null,
            "research_to_sale_ratio": 152.37,
            "price_fair": 0,
            "eps_avg_yearly": 0,
            "eps_latest_yearly": 0,
            "eps_growth_yearly": 0
        },
        "20162": {
            "year_quarter": 20162,
            "year": 2016,
            "quarter": 2,
            "eps": -0.12,
            "eps_growth_year": null,
            "eps_4q": -2.17,
            "eps_4q_growth_year": null,
            "roe": -1.06,
            "roe_4q": -7.950000000000001,
            "gross_profit": 49369,
            "gross_margin": 99.66,
            "gross_margin_4q_avg": 97.05,
            "net_income": -53457,
            "revenue": 49536,
            "common_shares": 808150,
            "book_valuer_per_share": 27.35,
            "book_valuer_per_share_4q_avg": 28.27,
            "equity": 4997100,
            "current_ratio": 132.77,
            "debt_ratio": 10.44,
            "inventory_turnover_ratio": null,
            "account_receivable_turnover_ratio": null,
            "reinvestment_rate": null,
            "research_to_sale_ratio": 15.71,
            "price_fair": 0,
            "eps_avg_yearly": 0,
            "eps_latest_yearly": 0,
            "eps_growth_yearly": 0
        },
        "20163": {
            "year_quarter": 20163,
            "year": 2016,
            "quarter": 3,
            "eps": -0.49,
            "eps_growth_year": null,
            "eps_4q": -2.27,
            "eps_4q_growth_year": null,
            "roe": -3.4,
            "roe_4q": -10.2,
            "gross_profit": 1109,
            "gross_margin": 87.81,
            "gross_margin_4q_avg": 94.12,
            "net_income": -168626,
            "revenue": 1263,
            "common_shares": 807680,
            "book_valuer_per_share": 27.47,
            "book_valuer_per_share_4q_avg": 27.88,
            "equity": 4915294,
            "current_ratio": 169.33,
            "debt_ratio": 7.66,
            "inventory_turnover_ratio": null,
            "account_receivable_turnover_ratio": null,
            "reinvestment_rate": null,
            "research_to_sale_ratio": 1041.49,
            "price_fair": 0,
            "eps_avg_yearly": 0,
            "eps_latest_yearly": 0,
            "eps_growth_yearly": 0
        },
        "20164": {
            "year_quarter": 20164,
            "year": 2016,
            "quarter": 4,
            "eps": -1.58,
            "eps_growth_year": null,
            "eps_4q": -3.1,
            "eps_4q_growth_year": null,
            "roe": -11.66,
            "roe_4q": -19.18,
            "gross_profit": 791,
            "gross_margin": 80.88,
            "gross_margin_4q_avg": 91.39,
            "net_income": -410146,
            "revenue": 978,
            "common_shares": 806380,
            "book_valuer_per_share": 26.29,
            "book_valuer_per_share_4q_avg": 27.22,
            "equity": 2120294,
            "current_ratio": 276.29,
            "debt_ratio": 8.87,
            "inventory_turnover_ratio": null,
            "account_receivable_turnover_ratio": null,
            "reinvestment_rate": null,
            "research_to_sale_ratio": 2940.7,
            "price_fair": 0,
            "eps_avg_yearly": 0,
            "eps_latest_yearly": 0,
            "eps_growth_yearly": 0
        },
        "20171": {
            "year_quarter": 20171,
            "year": 2017,
            "quarter": 1,
            "eps": -1.02,
            "eps_growth_year": null,
            "eps_4q": -3.15,
            "eps_4q_growth_year": null,
            "roe": -3.91,
            "roe_4q": -20.029999999999998,
            "gross_profit": 9403,
            "gross_margin": 99.83,
            "gross_margin_4q_avg": 92.05,
            "net_income": -79679,
            "revenue": 9419,
            "common_shares": 806148,
            "book_valuer_per_share": 24.2,
            "book_valuer_per_share_4q_avg": 26.33,
            "equity": 1950628,
            "current_ratio": 102.17,
            "debt_ratio": 9.28,
            "inventory_turnover_ratio": null,
            "account_receivable_turnover_ratio": null,
            "reinvestment_rate": null,
            "research_to_sale_ratio": 15.18,
            "price_fair": 0,
            "eps_avg_yearly": 0,
            "eps_latest_yearly": 0,
            "eps_growth_yearly": 0
        },
        "20172": {
            "year_quarter": 20172,
            "year": 2017,
            "quarter": 2,
            "eps": -1.15,
            "eps_growth_year": null,
            "eps_4q": -4.18,
            "eps_4q_growth_year": null,
            "roe": -4.77,
            "roe_4q": -23.74,
            "gross_profit": 4877,
            "gross_margin": 99.69,
            "gross_margin_4q_avg": 92.05,
            "net_income": -90515,
            "revenue": 4892,
            "common_shares": 801423,
            "book_valuer_per_share": 22.99,
            "book_valuer_per_share_4q_avg": 25.24,
            "equity": 1842723,
            "current_ratio": 453.5,
            "debt_ratio": 8.34,
            "inventory_turnover_ratio": null,
            "account_receivable_turnover_ratio": null,
            "reinvestment_rate": null,
            "research_to_sale_ratio": 7.03,
            "price_fair": 0,
            "eps_avg_yearly": 0,
            "eps_latest_yearly": 0,
            "eps_growth_yearly": 0
        },
        "20173": {
            "year_quarter": 20173,
            "year": 2017,
            "quarter": 3,
            "eps": -1.31,
            "eps_growth_year": null,
            "eps_4q": -4.99,
            "eps_4q_growth_year": null,
            "roe": -5.7,
            "roe_4q": -26.04,
            "gross_profit": 1623,
            "gross_margin": 99.02,
            "gross_margin_4q_avg": 94.86,
            "net_income": -102642,
            "revenue": 1639,
            "common_shares": 801423,
            "book_valuer_per_share": 21.94,
            "book_valuer_per_share_4q_avg": 23.86,
            "equity": 1758381,
            "current_ratio": 206.11,
            "debt_ratio": 15.71,
            "inventory_turnover_ratio": null,
            "account_receivable_turnover_ratio": null,
            "reinvestment_rate": null,
            "research_to_sale_ratio": 20.01,
            "price_fair": 0,
            "eps_avg_yearly": 0,
            "eps_latest_yearly": 0,
            "eps_growth_yearly": 0
        },
        "20174": {
            "year_quarter": 20174,
            "year": 2017,
            "quarter": 4,
            "eps": -2.15,
            "eps_growth_year": null,
            "eps_4q": -5.51,
            "eps_4q_growth_year": null,
            "roe": -10.43,
            "roe_4q": -24.81,
            "gross_profit": 2049,
            "gross_margin": 99.32,
            "gross_margin_4q_avg": 99.47,
            "net_income": -175068,
            "revenue": 2063,
            "common_shares": 813323,
            "book_valuer_per_share": 19.66,
            "book_valuer_per_share_4q_avg": 22.2,
            "equity": 1599310,
            "current_ratio": 158.75,
            "debt_ratio": 17.05,
            "inventory_turnover_ratio": null,
            "account_receivable_turnover_ratio": null,
            "reinvestment_rate": null,
            "research_to_sale_ratio": 8.97,
            "price_fair": 0,
            "eps_avg_yearly": 0,
            "eps_latest_yearly": 0,
            "eps_growth_yearly": 0
        },
        "20181": {
            "year_quarter": 20181,
            "year": 2018,
            "quarter": 1,
            "eps": -1.09,
            "eps_growth_year": null,
            "eps_4q": -5.58,
            "eps_4q_growth_year": null,
            "roe": -5.54,
            "roe_4q": -26.439999999999998,
            "gross_profit": 1966,
            "gross_margin": 99.44,
            "gross_margin_4q_avg": 99.37,
            "net_income": -86366,
            "revenue": 1977,
            "common_shares": 813323,
            "book_valuer_per_share": 18.62,
            "book_valuer_per_share_4q_avg": 20.8,
            "equity": 1515982,
            "current_ratio": 76.4,
            "debt_ratio": 17.85,
            "inventory_turnover_ratio": null,
            "account_receivable_turnover_ratio": null,
            "reinvestment_rate": null,
            "research_to_sale_ratio": 127.06,
            "price_fair": 0,
            "eps_avg_yearly": 0,
            "eps_latest_yearly": 0,
            "eps_growth_yearly": 0
        },
        "20182": {
            "year_quarter": 20182,
            "year": 2018,
            "quarter": 2,
            "eps": -0.69,
            "eps_growth_year": null,
            "eps_4q": -5.08,
            "eps_4q_growth_year": null,
            "roe": -3.64,
            "roe_4q": -25.31,
            "gross_profit": 2052,
            "gross_margin": 99.47,
            "gross_margin_4q_avg": 99.31,
            "net_income": -54734,
            "revenue": 2063,
            "common_shares": 824023,
            "book_valuer_per_share": 18.1,
            "book_valuer_per_share_4q_avg": 19.58,
            "equity": 1491164,
            "current_ratio": 24.42,
            "debt_ratio": 21,
            "inventory_turnover_ratio": null,
            "account_receivable_turnover_ratio": null,
            "reinvestment_rate": null,
            "research_to_sale_ratio": 271.84,
            "price_fair": 0,
            "eps_avg_yearly": 0,
            "eps_latest_yearly": 0,
            "eps_growth_yearly": 0
        },
        "20183": {
            "year_quarter": 20183,
            "year": 2018,
            "quarter": 3,
            "eps": -0.81,
            "eps_growth_year": null,
            "eps_4q": -4.64,
            "eps_4q_growth_year": null,
            "roe": -4.41,
            "roe_4q": -24.02,
            "gross_profit": 2017,
            "gross_margin": 99.41,
            "gross_margin_4q_avg": 99.41,
            "net_income": -64587,
            "revenue": 2029,
            "common_shares": 821348,
            "book_valuer_per_share": 17.54,
            "book_valuer_per_share_4q_avg": 18.48,
            "equity": 1440924,
            "current_ratio": 12.34,
            "debt_ratio": 21.27,
            "inventory_turnover_ratio": null,
            "account_receivable_turnover_ratio": null,
            "reinvestment_rate": null,
            "research_to_sale_ratio": 185.9,
            "price_fair": 0,
            "eps_avg_yearly": 0,
            "eps_latest_yearly": 0,
            "eps_growth_yearly": 0
        },
        "20184": {
            "year_quarter": 20184,
            "year": 2018,
            "quarter": 4,
            "eps": -0.54,
            "eps_growth_year": null,
            "eps_4q": -3.03,
            "eps_4q_growth_year": null,
            "roe": -3.15,
            "roe_4q": -16.740000000000002,
            "gross_profit": 2038,
            "gross_margin": 99.46,
            "gross_margin_4q_avg": 99.45,
            "net_income": -44941,
            "revenue": 2049,
            "common_shares": 826348,
            "book_valuer_per_share": 17.14,
            "book_valuer_per_share_4q_avg": 17.85,
            "equity": 1416714,
            "current_ratio": 7.67,
            "debt_ratio": 21.47,
            "inventory_turnover_ratio": null,
            "account_receivable_turnover_ratio": null,
            "reinvestment_rate": null,
            "research_to_sale_ratio": 58.47,
            "price_fair": 0,
            "eps_avg_yearly": 0,
            "eps_latest_yearly": 0,
            "eps_growth_yearly": 0
        },
        "20191": {
            "year_quarter": 20191,
            "year": 2019,
            "quarter": 1,
            "eps": -0.69,
            "eps_growth_year": null,
            "eps_4q": -2.64,
            "eps_4q_growth_year": null,
            "roe": -3.89,
            "roe_4q": -15.09,
            "gross_profit": 2050,
            "gross_margin": 99.47,
            "gross_margin_4q_avg": 99.45,
            "net_income": -54918,
            "revenue": 2061,
            "common_shares": 831122,
            "book_valuer_per_share": 16.96,
            "book_valuer_per_share_4q_avg": 17.44,
            "equity": 1409763,
            "current_ratio": 52.06,
            "debt_ratio": 21.67,
            "inventory_turnover_ratio": null,
            "account_receivable_turnover_ratio": null,
            "reinvestment_rate": null,
            "research_to_sale_ratio": 8.35,
            "price_fair": 0,
            "eps_avg_yearly": 0,
            "eps_latest_yearly": 0,
            "eps_growth_yearly": 0
        },
        "20192": {
            "year_quarter": 20192,
            "year": 2019,
            "quarter": 2,
            "eps": -0.53,
            "eps_growth_year": null,
            "eps_4q": -2.49,
            "eps_4q_growth_year": null,
            "roe": -3.09,
            "roe_4q": -14.540000000000001,
            "gross_profit": 2071,
            "gross_margin": 99.47,
            "gross_margin_4q_avg": 99.45,
            "net_income": -42638,
            "revenue": 2082,
            "common_shares": 830172,
            "book_valuer_per_share": 16.22,
            "book_valuer_per_share_4q_avg": 16.97,
            "equity": 1346794,
            "current_ratio": 64.09,
            "debt_ratio": 23.01,
            "inventory_turnover_ratio": null,
            "account_receivable_turnover_ratio": null,
            "reinvestment_rate": null,
            "research_to_sale_ratio": 10.71,
            "price_fair": 0,
            "eps_avg_yearly": 0,
            "eps_latest_yearly": 0,
            "eps_growth_yearly": 0
        },
        "20193": {
            "year_quarter": 20193,
            "year": 2019,
            "quarter": 3,
            "eps": -1.24,
            "eps_growth_year": null,
            "eps_4q": -2.92,
            "eps_4q_growth_year": null,
            "roe": -8.04,
            "roe_4q": -18.169999999999998,
            "gross_profit": 2061,
            "gross_margin": 99.47,
            "gross_margin_4q_avg": 99.47,
            "net_income": -99720,
            "revenue": 2072,
            "common_shares": 829872,
            "book_valuer_per_share": 13.67,
            "book_valuer_per_share_4q_avg": 16,
            "equity": 1134663,
            "current_ratio": 52.58,
            "debt_ratio": 26.02,
            "inventory_turnover_ratio": null,
            "account_receivable_turnover_ratio": null,
            "reinvestment_rate": null,
            "research_to_sale_ratio": 79.39,
            "price_fair": 0,
            "eps_avg_yearly": 0,
            "eps_latest_yearly": 0,
            "eps_growth_yearly": 0
        },
        "20194": {
            "year_quarter": 20194,
            "year": 2019,
            "quarter": 4,
            "eps": -3.95,
            "eps_growth_year": null,
            "eps_4q": -6.33,
            "eps_4q_growth_year": null,
            "roe": -33.43,
            "roe_4q": -48.45,
            "gross_profit": 2074,
            "gross_margin": 99.47,
            "gross_margin_4q_avg": 99.47,
            "net_income": -327823,
            "revenue": 2085,
            "common_shares": 829071,
            "book_valuer_per_share": 9.97,
            "book_valuer_per_share_4q_avg": 14.21,
            "equity": 826740,
            "current_ratio": 66.38,
            "debt_ratio": 31.79,
            "inventory_turnover_ratio": null,
            "account_receivable_turnover_ratio": null,
            "reinvestment_rate": null,
            "research_to_sale_ratio": 169.02,
            "price_fair": 0,
            "eps_avg_yearly": 0,
            "eps_latest_yearly": 0,
            "eps_growth_yearly": 0
        },
        "20201": {
            "year_quarter": 20201,
            "year": 2020,
            "quarter": 1,
            "eps": -0.53,
            "eps_growth_year": null,
            "eps_4q": -6.18,
            "eps_4q_growth_year": null,
            "roe": -5.33,
            "roe_4q": -49.89,
            "gross_profit": 2027,
            "gross_margin": 99.46,
            "gross_margin_4q_avg": 99.47,
            "net_income": -42564,
            "revenue": 2038,
            "common_shares": 829071,
            "book_valuer_per_share": 9.31,
            "book_valuer_per_share_4q_avg": 12.29,
            "equity": 771498,
            "current_ratio": 61.4,
            "debt_ratio": 35.77,
            "inventory_turnover_ratio": null,
            "account_receivable_turnover_ratio": null,
            "reinvestment_rate": null,
            "research_to_sale_ratio": 142.15,
            "price_fair": 0,
            "eps_avg_yearly": 0,
            "eps_latest_yearly": 0,
            "eps_growth_yearly": 0
        },
        "20202": {
            "year_quarter": 20202,
            "year": 2020,
            "quarter": 2,
            "eps": 0.38,
            "eps_growth_year": null,
            "eps_4q": -5.3,
            "eps_4q_growth_year": null,
            "roe": 4,
            "roe_4q": -42.8,
            "gross_profit": 2018,
            "gross_margin": 99.51,
            "gross_margin_4q_avg": 99.48,
            "net_income": 31297,
            "revenue": 2028,
            "common_shares": 827738,
            "book_valuer_per_share": 9.57,
            "book_valuer_per_share_4q_avg": 10.63,
            "equity": 792126,
            "current_ratio": 51.93,
            "debt_ratio": 26.48,
            "inventory_turnover_ratio": null,
            "account_receivable_turnover_ratio": null,
            "reinvestment_rate": null,
            "research_to_sale_ratio": 143.05,
            "price_fair": 0,
            "eps_avg_yearly": 0,
            "eps_latest_yearly": 0,
            "eps_growth_yearly": 0
        },
        "20203": {
            "year_quarter": 20203,
            "year": 2020,
            "quarter": 3,
            "eps": -1.08,
            "eps_growth_year": null,
            "eps_4q": -5.16,
            "eps_4q_growth_year": null,
            "roe": -11.5,
            "roe_4q": -46.26,
            "gross_profit": -1362,
            "gross_margin": 148.69,
            "gross_margin_4q_avg": 111.78,
            "net_income": -87709,
            "revenue": -916,
            "common_shares": 826803,
            "book_valuer_per_share": 8.86,
            "book_valuer_per_share_4q_avg": 9.43,
            "equity": 732928,
            "current_ratio": 35.37,
            "debt_ratio": 28.26,
            "inventory_turnover_ratio": 1.3,
            "account_receivable_turnover_ratio": null,
            "reinvestment_rate": null,
            "research_to_sale_ratio": -394,
            "price_fair": 0,
            "eps_avg_yearly": 0,
            "eps_latest_yearly": 0,
            "eps_growth_yearly": 0
        },
        "20204": {
            "year_quarter": 20204,
            "year": 2020,
            "quarter": 4,
            "eps": -1.9,
            "eps_growth_year": null,
            "eps_4q": -3.1,
            "eps_4q_growth_year": null,
            "roe": -24.25,
            "roe_4q": -37.08,
            "gross_profit": 1568,
            "gross_margin": 32.93,
            "gross_margin_4q_avg": 95.15,
            "net_income": -160911,
            "revenue": 4762,
            "common_shares": 826650,
            "book_valuer_per_share": 7.13,
            "book_valuer_per_share_4q_avg": 8.72,
            "equity": 594173,
            "current_ratio": 11.14,
            "debt_ratio": 32.47,
            "inventory_turnover_ratio": 1.37,
            "account_receivable_turnover_ratio": null,
            "reinvestment_rate": null,
            "research_to_sale_ratio": 32.23,
            "price_fair": 0,
            "eps_avg_yearly": 0,
            "eps_latest_yearly": 0,
            "eps_growth_yearly": 0
        },
        "20211": {
            "year_quarter": 20211,
            "year": 2021,
            "quarter": 1,
            "eps": -0.33,
            "eps_growth_year": null,
            "eps_4q": -2.86,
            "eps_4q_growth_year": null,
            "roe": -5.44,
            "roe_4q": -37.19,
            "gross_profit": -460,
            "gross_margin": -141.54,
            "gross_margin_4q_avg": 34.9,
            "net_income": -31648,
            "revenue": 325,
            "common_shares": 843389,
            "book_valuer_per_share": 6.74,
            "book_valuer_per_share_4q_avg": 8.08,
            "equity": 569393,
            "current_ratio": 120.03,
            "debt_ratio": 34.09,
            "inventory_turnover_ratio": 0.16,
            "account_receivable_turnover_ratio": 2.45,
            "reinvestment_rate": null,
            "research_to_sale_ratio": 481.85,
            "price_fair": 0,
            "eps_avg_yearly": 0,
            "eps_latest_yearly": 0,
            "eps_growth_yearly": 0
        },
        "20212": {
            "year_quarter": 20212,
            "year": 2021,
            "quarter": 2,
            "eps": -1.18,
            "eps_growth_year": -410.53,
            "eps_4q": -4.39,
            "eps_4q_growth_year": null,
            "roe": -17.86,
            "roe_4q": -59.05,
            "gross_profit": -1932,
            "gross_margin": -94.15,
            "gross_margin_4q_avg": -13.52,
            "net_income": -101749,
            "revenue": 2052,
            "common_shares": 846389,
            "book_valuer_per_share": 6.76,
            "book_valuer_per_share_4q_avg": 7.37,
            "equity": 569876,
            "current_ratio": 112,
            "debt_ratio": 35.87,
            "inventory_turnover_ratio": 0.91,
            "account_receivable_turnover_ratio": 11.9,
            "reinvestment_rate": null,
            "research_to_sale_ratio": 48.98,
            "price_fair": 0,
            "eps_avg_yearly": 0,
            "eps_latest_yearly": 0,
            "eps_growth_yearly": 0
        },
        "20213": {
            "year_quarter": 20213,
            "year": 2021,
            "quarter": 3,
            "eps": -0.4,
            "eps_growth_year": null,
            "eps_4q": -3.75,
            "eps_4q_growth_year": null,
            "roe": -3.95,
            "roe_4q": -51.5,
            "gross_profit": -1695,
            "gross_margin": -419.55,
            "gross_margin_4q_avg": -155.58,
            "net_income": -35074,
            "revenue": 404,
            "common_shares": 846389,
            "book_valuer_per_share": 14.3,
            "book_valuer_per_share_4q_avg": 8.73,
            "equity": 1206536,
            "current_ratio": 105.21,
            "debt_ratio": 21.3,
            "inventory_turnover_ratio": 0.68,
            "account_receivable_turnover_ratio": 4.9,
            "reinvestment_rate": null,
            "research_to_sale_ratio": 182.43,
            "price_fair": 0,
            "eps_avg_yearly": 0,
            "eps_latest_yearly": 0,
            "eps_growth_yearly": 0
        },
        "20214": {
            "year_quarter": 20214,
            "year": 2021,
            "quarter": 4,
            "eps": -4.02,
            "eps_growth_year": null,
            "eps_4q": -5.91,
            "eps_4q_growth_year": null,
            "roe": -28.66,
            "roe_4q": -55.91,
            "gross_profit": -1699,
            "gross_margin": -908.56,
            "gross_margin_4q_avg": -390.95,
            "net_income": -340837,
            "revenue": 187,
            "common_shares": 845934,
            "book_valuer_per_share": 13.84,
            "book_valuer_per_share_4q_avg": 10.41,
            "equity": 1171569,
            "current_ratio": 93.85,
            "debt_ratio": 25.81,
            "inventory_turnover_ratio": 0.72,
            "account_receivable_turnover_ratio": 2.34,
            "reinvestment_rate": null,
            "research_to_sale_ratio": 198.93,
            "price_fair": 0,
            "eps_avg_yearly": 0,
            "eps_latest_yearly": 0,
            "eps_growth_yearly": 0
        },
        "20221": {
            "year_quarter": 20221,
            "year": 2022,
            "quarter": 1,
            "eps": 0.43,
            "eps_growth_year": null,
            "eps_4q": -5.16,
            "eps_4q_growth_year": null,
            "roe": 3.27,
            "roe_4q": -47.2,
            "gross_profit": -821,
            "gross_margin": -129.29,
            "gross_margin_4q_avg": -387.89,
            "net_income": 35211,
            "revenue": 635,
            "common_shares": 845934,
            "book_valuer_per_share": 11.62,
            "book_valuer_per_share_4q_avg": 11.63,
            "equity": 983533,
            "current_ratio": 1670.84,
            "debt_ratio": 14.34,
            "inventory_turnover_ratio": 0.57,
            "account_receivable_turnover_ratio": 4.03,
            "reinvestment_rate": null,
            "research_to_sale_ratio": 109.13,
            "price_fair": 0,
            "eps_avg_yearly": 0,
            "eps_latest_yearly": 0,
            "eps_growth_yearly": 0
        },
        "20222": {
            "year_quarter": 20222,
            "year": 2022,
            "quarter": 2,
            "eps": 0.55,
            "eps_growth_year": null,
            "eps_4q": -3.45,
            "eps_4q_growth_year": null,
            "roe": 5,
            "roe_4q": -24.34,
            "gross_profit": -1267,
            "gross_margin": -170.99,
            "gross_margin_4q_avg": -407.1,
            "net_income": 45660,
            "revenue": 741,
            "common_shares": 845934,
            "book_valuer_per_share": 9.94,
            "book_valuer_per_share_4q_avg": 12.43,
            "equity": 844005,
            "current_ratio": 2581.96,
            "debt_ratio": 4.96,
            "inventory_turnover_ratio": 0.8,
            "account_receivable_turnover_ratio": 4.32,
            "reinvestment_rate": null,
            "research_to_sale_ratio": 78.95,
            "price_fair": 77,
            "eps_avg_yearly": 2.2,
            "eps_latest_yearly": 2.2,
            "eps_growth_yearly": 111.63
        },
        "20223": {
            "year_quarter": 20223,
            "year": 2022,
            "quarter": 3,
            "eps": -0.41,
            "eps_growth_year": null,
            "eps_4q": -3.46,
            "eps_4q_growth_year": null,
            "roe": -4.33,
            "roe_4q": -24.72,
            "gross_profit": -1613,
            "gross_margin": -309.6,
            "gross_margin_4q_avg": -379.61,
            "net_income": -34719,
            "revenue": 521,
            "common_shares": 845899,
            "book_valuer_per_share": 8.94,
            "book_valuer_per_share_4q_avg": 11.09,
            "equity": 761312,
            "current_ratio": 2620.55,
            "debt_ratio": 4.61,
            "inventory_turnover_ratio": 0.98,
            "account_receivable_turnover_ratio": 6.09,
            "reinvestment_rate": null,
            "research_to_sale_ratio": 103.26,
            "price_fair": 77,
            "eps_avg_yearly": 2.2,
            "eps_latest_yearly": 2.2,
            "eps_growth_yearly": 111.63
        },
        "20224": {
            "year_quarter": 20224,
            "year": 2022,
            "quarter": 4,
            "eps": -0.23,
            "eps_growth_year": null,
            "eps_4q": 0.33,
            "eps_4q_growth_year": null,
            "roe": -3.36,
            "roe_4q": 0.5800000000000005,
            "gross_profit": -1635,
            "gross_margin": -162.2,
            "gross_margin_4q_avg": -193.02,
            "net_income": -21670,
            "revenue": 1008,
            "common_shares": 845899,
            "book_valuer_per_share": 6.23,
            "book_valuer_per_share_4q_avg": 9.18,
            "equity": 529498,
            "current_ratio": 1273.47,
            "debt_ratio": 4.85,
            "inventory_turnover_ratio": 2.21,
            "account_receivable_turnover_ratio": 18,
            "reinvestment_rate": null,
            "research_to_sale_ratio": 47.42,
            "price_fair": 77,
            "eps_avg_yearly": 2.2,
            "eps_latest_yearly": 2.2,
            "eps_growth_yearly": 111.63
        },
        "20231": {
            "year_quarter": 20231,
            "year": 2023,
            "quarter": 1,
            "eps": -0.2,
            "eps_growth_year": -146.51,
            "eps_4q": -0.29,
            "eps_4q_growth_year": null,
            "roe": -3.07,
            "roe_4q": -5.76,
            "gross_profit": 39,
            "gross_margin": 3.67,
            "gross_margin_4q_avg": -159.78,
            "net_income": -16750,
            "revenue": 1063,
            "common_shares": 845811,
            "book_valuer_per_share": 6.6,
            "book_valuer_per_share_4q_avg": 7.93,
            "equity": 560534,
            "current_ratio": 1232.39,
            "debt_ratio": 4.88,
            "inventory_turnover_ratio": 4.16,
            "account_receivable_turnover_ratio": 31.73,
            "reinvestment_rate": null,
            "research_to_sale_ratio": 15.24,
            "price_fair": 77,
            "eps_avg_yearly": 2.2,
            "eps_latest_yearly": 2.2,
            "eps_growth_yearly": 111.63
        }
    },
    "months": {
        "2001-06": {
            "month": "2001-06",
            "price": "8.19",
            "revenue": 34331
        },
        "2001-07": {
            "month": "2001-07",
            "price": "6.88",
            "revenue": 51380
        },
        "2001-08": {
            "month": "2001-08",
            "price": "6.01",
            "revenue": 50002
        },
        "2001-09": {
            "month": "2001-09",
            "price": "4.68",
            "revenue": 62788
        },
        "2001-10": {
            "month": "2001-10",
            "price": "4.02",
            "revenue": 63221
        },
        "2001-11": {
            "month": "2001-11",
            "price": "4.04",
            "revenue": 53072
        },
        "2001-12": {
            "month": "2001-12",
            "price": "4.73",
            "revenue": 41424
        },
        "2002-01": {
            "month": "2002-01",
            "price": "5.50",
            "revenue": 38667
        },
        "2002-02": {
            "month": "2002-02",
            "price": "6.55",
            "revenue": 30113
        },
        "2002-03": {
            "month": "2002-03",
            "price": "6.45",
            "revenue": 54931
        },
        "2002-04": {
            "month": "2002-04",
            "price": "7.68",
            "revenue": 44993
        },
        "2002-05": {
            "month": "2002-05",
            "price": "10.09",
            "revenue": 56983
        },
        "2002-06": {
            "month": "2002-06",
            "price": "13.46",
            "revenue": 43251
        },
        "2002-07": {
            "month": "2002-07",
            "price": "12.41",
            "revenue": 51191
        },
        "2002-08": {
            "month": "2002-08",
            "price": "10.79",
            "revenue": 67696
        },
        "2002-09": {
            "month": "2002-09",
            "price": "10.27",
            "revenue": 65512
        },
        "2002-10": {
            "month": "2002-10",
            "price": "10.42",
            "revenue": 84547
        },
        "2002-11": {
            "month": "2002-11",
            "price": "11.81",
            "revenue": 38126
        },
        "2002-12": {
            "month": "2002-12",
            "price": "11.70",
            "revenue": 47390
        },
        "2003-01": {
            "month": "2003-01",
            "price": "12.28",
            "revenue": 51159
        },
        "2003-02": {
            "month": "2003-02",
            "price": "12.89",
            "revenue": 38896
        },
        "2003-03": {
            "month": "2003-03",
            "price": "12.99",
            "revenue": 58594
        },
        "2003-04": {
            "month": "2003-04",
            "price": "13.15",
            "revenue": 53821
        },
        "2003-05": {
            "month": "2003-05",
            "price": "13.06",
            "revenue": 46872
        },
        "2003-06": {
            "month": "2003-06",
            "price": "13.94",
            "revenue": 47505
        },
        "2003-07": {
            "month": "2003-07",
            "price": "17.95",
            "revenue": 60888
        },
        "2003-08": {
            "month": "2003-08",
            "price": "16.65",
            "revenue": 53794
        },
        "2003-09": {
            "month": "2003-09",
            "price": "16.50",
            "revenue": 59391
        },
        "2003-10": {
            "month": "2003-10",
            "price": "15.34",
            "revenue": 60678
        },
        "2003-11": {
            "month": "2003-11",
            "price": "14.84",
            "revenue": 41564
        },
        "2003-12": {
            "month": "2003-12",
            "price": "14.33",
            "revenue": 64673
        },
        "2004-01": {
            "month": "2004-01",
            "price": "14.91",
            "revenue": 30359
        },
        "2004-02": {
            "month": "2004-02",
            "price": "15.29",
            "revenue": 39601
        },
        "2004-03": {
            "month": "2004-03",
            "price": "15.24",
            "revenue": 63503
        },
        "2004-04": {
            "month": "2004-04",
            "price": "14.02",
            "revenue": 47006
        },
        "2004-05": {
            "month": "2004-05",
            "price": "13.40",
            "revenue": 42177
        },
        "2004-06": {
            "month": "2004-06",
            "price": "13.85",
            "revenue": 70994
        },
        "2004-07": {
            "month": "2004-07",
            "price": "13.67",
            "revenue": 97576
        },
        "2004-08": {
            "month": "2004-08",
            "price": "12.78",
            "revenue": 117637
        },
        "2004-09": {
            "month": "2004-09",
            "price": "13.55",
            "revenue": 140335
        },
        "2004-10": {
            "month": "2004-10",
            "price": "13.70",
            "revenue": 142564
        },
        "2004-11": {
            "month": "2004-11",
            "price": "13.87",
            "revenue": 73135
        },
        "2004-12": {
            "month": "2004-12",
            "price": "13.92",
            "revenue": 92032
        },
        "2005-01": {
            "month": "2005-01",
            "price": "13.97",
            "revenue": 98124
        },
        "2005-02": {
            "month": "2005-02",
            "price": "14.66",
            "revenue": 49290
        },
        "2005-03": {
            "month": "2005-03",
            "price": "14.05",
            "revenue": 70200
        },
        "2005-04": {
            "month": "2005-04",
            "price": "13.79",
            "revenue": 51182
        },
        "2005-05": {
            "month": "2005-05",
            "price": "13.24",
            "revenue": 42597
        },
        "2005-06": {
            "month": "2005-06",
            "price": "11.52",
            "revenue": 44563
        },
        "2005-07": {
            "month": "2005-07",
            "price": "10.90",
            "revenue": 43407
        },
        "2005-08": {
            "month": "2005-08",
            "price": "9.74",
            "revenue": 65495
        },
        "2005-09": {
            "month": "2005-09",
            "price": "8.70",
            "revenue": 48255
        },
        "2005-10": {
            "month": "2005-10",
            "price": "8.42",
            "revenue": 62336
        },
        "2005-11": {
            "month": "2005-11",
            "price": "8.36",
            "revenue": 52501
        },
        "2005-12": {
            "month": "2005-12",
            "price": "8.18",
            "revenue": 35679
        },
        "2006-01": {
            "month": "2006-01",
            "price": "7.93",
            "revenue": 53145
        },
        "2006-02": {
            "month": "2006-02",
            "price": "7.89",
            "revenue": 28435
        },
        "2006-03": {
            "month": "2006-03",
            "price": "7.85",
            "revenue": 89532
        },
        "2006-04": {
            "month": "2006-04",
            "price": "8.18",
            "revenue": 77336
        },
        "2006-05": {
            "month": "2006-05",
            "price": "9.26",
            "revenue": 71086
        },
        "2006-06": {
            "month": "2006-06",
            "price": "8.72",
            "revenue": 75069
        },
        "2006-07": {
            "month": "2006-07",
            "price": "7.96",
            "revenue": 77517
        },
        "2006-08": {
            "month": "2006-08",
            "price": "8.69",
            "revenue": 64145
        },
        "2006-09": {
            "month": "2006-09",
            "price": "8.28",
            "revenue": 94191
        },
        "2006-10": {
            "month": "2006-10",
            "price": "8.34",
            "revenue": 68985
        },
        "2006-11": {
            "month": "2006-11",
            "price": "8.45",
            "revenue": 89903
        },
        "2006-12": {
            "month": "2006-12",
            "price": "9.98",
            "revenue": 90909
        },
        "2007-01": {
            "month": "2007-01",
            "price": "9.57",
            "revenue": 101920
        },
        "2007-02": {
            "month": "2007-02",
            "price": "9.54",
            "revenue": 72052
        },
        "2007-03": {
            "month": "2007-03",
            "price": "10.13",
            "revenue": 96136
        },
        "2007-04": {
            "month": "2007-04",
            "price": "11.54",
            "revenue": 88844
        },
        "2007-05": {
            "month": "2007-05",
            "price": "10.98",
            "revenue": 88797
        },
        "2007-06": {
            "month": "2007-06",
            "price": "11.52",
            "revenue": 79238
        },
        "2007-07": {
            "month": "2007-07",
            "price": "13.30",
            "revenue": 88739
        },
        "2007-08": {
            "month": "2007-08",
            "price": "13.25",
            "revenue": 69456
        },
        "2007-09": {
            "month": "2007-09",
            "price": "12.79",
            "revenue": 70446
        },
        "2007-10": {
            "month": "2007-10",
            "price": "12.09",
            "revenue": 51274
        },
        "2007-11": {
            "month": "2007-11",
            "price": "11.53",
            "revenue": 62820
        },
        "2007-12": {
            "month": "2007-12",
            "price": "10.54",
            "revenue": 88132
        },
        "2008-01": {
            "month": "2008-01",
            "price": "11.12",
            "revenue": 106943
        },
        "2008-02": {
            "month": "2008-02",
            "price": "13.60",
            "revenue": 62024
        },
        "2008-03": {
            "month": "2008-03",
            "price": "18.95",
            "revenue": 73216
        },
        "2008-04": {
            "month": "2008-04",
            "price": "21.29",
            "revenue": 104007
        },
        "2008-05": {
            "month": "2008-05",
            "price": "19.85",
            "revenue": 103652
        },
        "2008-06": {
            "month": "2008-06",
            "price": "20.05",
            "revenue": 61156
        },
        "2008-07": {
            "month": "2008-07",
            "price": "18.14",
            "revenue": 76945
        },
        "2008-08": {
            "month": "2008-08",
            "price": "15.62",
            "revenue": 87408
        },
        "2008-09": {
            "month": "2008-09",
            "price": "10.93",
            "revenue": 60550
        },
        "2008-10": {
            "month": "2008-10",
            "price": "9.77",
            "revenue": 35444
        },
        "2008-11": {
            "month": "2008-11",
            "price": "6.31",
            "revenue": 43002
        },
        "2008-12": {
            "month": "2008-12",
            "price": "6.06",
            "revenue": 42210
        },
        "2009-01": {
            "month": "2009-01",
            "price": "6.16",
            "revenue": 29682
        },
        "2009-02": {
            "month": "2009-02",
            "price": "6.22",
            "revenue": 15268
        },
        "2009-03": {
            "month": "2009-03",
            "price": "7.01",
            "revenue": 28482
        },
        "2009-04": {
            "month": "2009-04",
            "price": "8.72",
            "revenue": 23142
        },
        "2009-05": {
            "month": "2009-05",
            "price": "10.67",
            "revenue": 22142
        },
        "2009-06": {
            "month": "2009-06",
            "price": "8.52",
            "revenue": 27661
        },
        "2009-07": {
            "month": "2009-07",
            "price": "8.41",
            "revenue": 31914
        },
        "2009-08": {
            "month": "2009-08",
            "price": "8.62",
            "revenue": 34142
        },
        "2009-09": {
            "month": "2009-09",
            "price": "12.30",
            "revenue": 21832
        },
        "2009-10": {
            "month": "2009-10",
            "price": "13.81",
            "revenue": 36835
        },
        "2009-11": {
            "month": "2009-11",
            "price": "13.05",
            "revenue": 30034
        },
        "2009-12": {
            "month": "2009-12",
            "price": "13.11",
            "revenue": 27727
        },
        "2010-01": {
            "month": "2010-01",
            "price": "13.63",
            "revenue": 27745
        },
        "2010-02": {
            "month": "2010-02",
            "price": "12.76",
            "revenue": 17547
        },
        "2010-03": {
            "month": "2010-03",
            "price": "12.42",
            "revenue": 35541
        },
        "2010-04": {
            "month": "2010-04",
            "price": "13.36",
            "revenue": 30693
        },
        "2010-05": {
            "month": "2010-05",
            "price": "11.86",
            "revenue": 12915
        },
        "2010-06": {
            "month": "2010-06",
            "price": "10.90",
            "revenue": 22964
        },
        "2010-07": {
            "month": "2010-07",
            "price": "11.07",
            "revenue": 22576
        },
        "2010-08": {
            "month": "2010-08",
            "price": "11.01",
            "revenue": 40267
        },
        "2010-09": {
            "month": "2010-09",
            "price": "8.64",
            "revenue": 41855
        },
        "2010-10": {
            "month": "2010-10",
            "price": "9.00",
            "revenue": 30643
        },
        "2010-11": {
            "month": "2010-11",
            "price": "11.29",
            "revenue": 27517
        },
        "2010-12": {
            "month": "2010-12",
            "price": "12.12",
            "revenue": 31047
        },
        "2011-01": {
            "month": "2011-01",
            "price": "12.50",
            "revenue": 24120
        },
        "2011-02": {
            "month": "2011-02",
            "price": "12.29",
            "revenue": 21456
        },
        "2011-03": {
            "month": "2011-03",
            "price": "10.61",
            "revenue": 17332
        },
        "2011-04": {
            "month": "2011-04",
            "price": "10.60",
            "revenue": 20278
        },
        "2011-05": {
            "month": "2011-05",
            "price": "11.04",
            "revenue": 21788
        },
        "2011-06": {
            "month": "2011-06",
            "price": "12.53",
            "revenue": 22079
        },
        "2011-07": {
            "month": "2011-07",
            "price": "12.88",
            "revenue": 19549
        },
        "2011-08": {
            "month": "2011-08",
            "price": "11.85",
            "revenue": 28155
        },
        "2011-09": {
            "month": "2011-09",
            "price": "10.36",
            "revenue": 38380
        },
        "2011-10": {
            "month": "2011-10",
            "price": "11.03",
            "revenue": 53469
        },
        "2011-11": {
            "month": "2011-11",
            "price": "10.72",
            "revenue": 67781
        },
        "2011-12": {
            "month": "2011-12",
            "price": "10.06",
            "revenue": 82560
        },
        "2012-01": {
            "month": "2012-01",
            "price": "9.82",
            "revenue": 45808
        },
        "2012-02": {
            "month": "2012-02",
            "price": "10.78",
            "revenue": 39582
        },
        "2012-03": {
            "month": "2012-03",
            "price": "11.46",
            "revenue": 1446
        },
        "2012-04": {
            "month": "2012-04",
            "price": "16.61",
            "revenue": 129
        },
        "2012-05": {
            "month": "2012-05",
            "price": "14.87",
            "revenue": 90410
        },
        "2012-06": {
            "month": "2012-06",
            "price": "15.55",
            "revenue": 3
        },
        "2012-07": {
            "month": "2012-07",
            "price": "15.72",
            "revenue": 106
        },
        "2012-08": {
            "month": "2012-08",
            "price": "14.64",
            "revenue": 0
        },
        "2012-09": {
            "month": "2012-09",
            "price": "13.72",
            "revenue": 0
        },
        "2012-10": {
            "month": "2012-10",
            "price": "13.47",
            "revenue": 0
        },
        "2012-11": {
            "month": "2012-11",
            "price": "13.25",
            "revenue": 0
        },
        "2012-12": {
            "month": "2012-12",
            "price": "13.22",
            "revenue": 0
        },
        "2013-01": {
            "month": "2013-01",
            "price": "13.27",
            "revenue": 51
        },
        "2013-02": {
            "month": "2013-02",
            "price": "13.12",
            "revenue": 3
        },
        "2013-03": {
            "month": "2013-03",
            "price": "13.29",
            "revenue": 77
        },
        "2013-04": {
            "month": "2013-04",
            "price": "14.15",
            "revenue": 121
        },
        "2013-05": {
            "month": "2013-05",
            "price": "16.70",
            "revenue": 76
        },
        "2013-06": {
            "month": "2013-06",
            "price": "16.44",
            "revenue": 0
        },
        "2013-07": {
            "month": "2013-07",
            "price": "15.54",
            "revenue": 5
        },
        "2013-08": {
            "month": "2013-08",
            "price": "16.70",
            "revenue": 15
        },
        "2013-09": {
            "month": "2013-09",
            "price": "17.23",
            "revenue": 6
        },
        "2013-10": {
            "month": "2013-10",
            "price": "16.95",
            "revenue": 3
        },
        "2013-11": {
            "month": "2013-11",
            "price": "14.74",
            "revenue": 0
        },
        "2013-12": {
            "month": "2013-12",
            "price": "14.17",
            "revenue": 1
        },
        "2014-01": {
            "month": "2014-01",
            "price": "15.84",
            "revenue": 4307
        },
        "2014-02": {
            "month": "2014-02",
            "price": "15.61",
            "revenue": 5382
        },
        "2014-03": {
            "month": "2014-03",
            "price": "16.15",
            "revenue": 2967
        },
        "2014-04": {
            "month": "2014-04",
            "price": "22.46",
            "revenue": 4180
        },
        "2014-05": {
            "month": "2014-05",
            "price": "18.61",
            "revenue": 267
        },
        "2014-06": {
            "month": "2014-06",
            "price": "18.54",
            "revenue": 3137
        },
        "2014-07": {
            "month": "2014-07",
            "price": "20.34",
            "revenue": 1086
        },
        "2014-08": {
            "month": "2014-08",
            "price": "18.10",
            "revenue": -1306
        },
        "2014-09": {
            "month": "2014-09",
            "price": "17.71",
            "revenue": -474
        },
        "2014-10": {
            "month": "2014-10",
            "price": "16.75",
            "revenue": -674
        },
        "2014-11": {
            "month": "2014-11",
            "price": "15.21",
            "revenue": -1506
        },
        "2014-12": {
            "month": "2014-12",
            "price": "14.65",
            "revenue": 3133
        },
        "2015-01": {
            "month": "2015-01",
            "price": "15.39",
            "revenue": 394
        },
        "2015-02": {
            "month": "2015-02",
            "price": "15.19",
            "revenue": 380
        },
        "2015-03": {
            "month": "2015-03",
            "price": "14.92",
            "revenue": 378
        },
        "2015-04": {
            "month": "2015-04",
            "price": "14.10",
            "revenue": 369
        },
        "2015-05": {
            "month": "2015-05",
            "price": "12.59",
            "revenue": 369
        },
        "2015-06": {
            "month": "2015-06",
            "price": "11.47",
            "revenue": 373
        },
        "2015-07": {
            "month": "2015-07",
            "price": "14.68",
            "revenue": 386
        },
        "2015-08": {
            "month": "2015-08",
            "price": "12.33",
            "revenue": 1475
        },
        "2015-09": {
            "month": "2015-09",
            "price": "17.01",
            "revenue": 404
        },
        "2015-10": {
            "month": "2015-10",
            "price": "41.06",
            "revenue": 403
        },
        "2015-11": {
            "month": "2015-11",
            "price": "54.01",
            "revenue": 404
        },
        "2015-12": {
            "month": "2015-12",
            "price": "45.39",
            "revenue": 1023
        },
        "2016-01": {
            "month": "2016-01",
            "price": "35.87",
            "revenue": 419
        },
        "2016-02": {
            "month": "2016-02",
            "price": "37.81",
            "revenue": 411
        },
        "2016-03": {
            "month": "2016-03",
            "price": "45.68",
            "revenue": 5285
        },
        "2016-04": {
            "month": "2016-04",
            "price": "43.45",
            "revenue": 14324
        },
        "2016-05": {
            "month": "2016-05",
            "price": "36.80",
            "revenue": 27208
        },
        "2016-06": {
            "month": "2016-06",
            "price": "40.21",
            "revenue": 8015
        },
        "2016-07": {
            "month": "2016-07",
            "price": "39.32",
            "revenue": 530
        },
        "2016-08": {
            "month": "2016-08",
            "price": "38.80",
            "revenue": 419
        },
        "2016-09": {
            "month": "2016-09",
            "price": "36.60",
            "revenue": 403
        },
        "2016-10": {
            "month": "2016-10",
            "price": "34.64",
            "revenue": 405
        },
        "2016-11": {
            "month": "2016-11",
            "price": "34.96",
            "revenue": 212
        },
        "2016-12": {
            "month": "2016-12",
            "price": "38.38",
            "revenue": 215
        },
        "2017-01": {
            "month": "2017-01",
            "price": "36.86",
            "revenue": 3942
        },
        "2017-02": {
            "month": "2017-02",
            "price": "38.31",
            "revenue": 2050
        },
        "2017-03": {
            "month": "2017-03",
            "price": "38.43",
            "revenue": 3420
        },
        "2017-04": {
            "month": "2017-04",
            "price": "37.65",
            "revenue": 4394
        },
        "2017-05": {
            "month": "2017-05",
            "price": "34.48",
            "revenue": 238
        },
        "2017-06": {
            "month": "2017-06",
            "price": "31.36",
            "revenue": 234
        },
        "2017-07": {
            "month": "2017-07",
            "price": "30.03",
            "revenue": 232
        },
        "2017-08": {
            "month": "2017-08",
            "price": "37.11",
            "revenue": 678
        },
        "2017-09": {
            "month": "2017-09",
            "price": "40.28",
            "revenue": 676
        },
        "2017-10": {
            "month": "2017-10",
            "price": "37.19",
            "revenue": 680
        },
        "2017-11": {
            "month": "2017-11",
            "price": "33.85",
            "revenue": 676
        },
        "2017-12": {
            "month": "2017-12",
            "price": "31.76",
            "revenue": 672
        },
        "2018-01": {
            "month": "2018-01",
            "price": "31.14",
            "revenue": 656
        },
        "2018-02": {
            "month": "2018-02",
            "price": "27.40",
            "revenue": 656
        },
        "2018-03": {
            "month": "2018-03",
            "price": "31.69",
            "revenue": 652
        },
        "2018-04": {
            "month": "2018-04",
            "price": "29.12",
            "revenue": 656
        },
        "2018-05": {
            "month": "2018-05",
            "price": "30.33",
            "revenue": 667
        },
        "2018-06": {
            "month": "2018-06",
            "price": "30.49",
            "revenue": 672
        },
        "2018-07": {
            "month": "2018-07",
            "price": "27.52",
            "revenue": 682
        },
        "2018-08": {
            "month": "2018-08",
            "price": "26.72",
            "revenue": 686
        },
        "2018-09": {
            "month": "2018-09",
            "price": "23.67",
            "revenue": 689
        },
        "2018-10": {
            "month": "2018-10",
            "price": "21.80",
            "revenue": 692
        },
        "2018-11": {
            "month": "2018-11",
            "price": "20.88",
            "revenue": 691
        },
        "2018-12": {
            "month": "2018-12",
            "price": "24.10",
            "revenue": 689
        },
        "2019-01": {
            "month": "2019-01",
            "price": "25.66",
            "revenue": 688
        },
        "2019-02": {
            "month": "2019-02",
            "price": "26.24",
            "revenue": 688
        },
        "2019-03": {
            "month": "2019-03",
            "price": "24.78",
            "revenue": 689
        },
        "2019-04": {
            "month": "2019-04",
            "price": "22.74",
            "revenue": 690
        },
        "2019-05": {
            "month": "2019-05",
            "price": "20.04",
            "revenue": 698
        },
        "2019-06": {
            "month": "2019-06",
            "price": "18.97",
            "revenue": 703
        },
        "2019-07": {
            "month": "2019-07",
            "price": "17.75",
            "revenue": 696
        },
        "2019-08": {
            "month": "2019-08",
            "price": "17.73",
            "revenue": 702
        },
        "2019-09": {
            "month": "2019-09",
            "price": "19.88",
            "revenue": 696
        },
        "2019-10": {
            "month": "2019-10",
            "price": "19.76",
            "revenue": 686
        },
        "2019-11": {
            "month": "2019-11",
            "price": "19.04",
            "revenue": 682
        },
        "2019-12": {
            "month": "2019-12",
            "price": "17.21",
            "revenue": 682
        },
        "2020-01": {
            "month": "2020-01",
            "price": "15.18",
            "revenue": 677
        },
        "2020-02": {
            "month": "2020-02",
            "price": "13.08",
            "revenue": 678
        },
        "2020-03": {
            "month": "2020-03",
            "price": "9.20",
            "revenue": 684
        },
        "2020-04": {
            "month": "2020-04",
            "price": "8.02",
            "revenue": 680
        },
        "2020-05": {
            "month": "2020-05",
            "price": "8.99",
            "revenue": 678
        },
        "2020-06": {
            "month": "2020-06",
            "price": "9.79",
            "revenue": 672
        },
        "2020-07": {
            "month": "2020-07",
            "price": "8.98",
            "revenue": 668
        },
        "2020-08": {
            "month": "2020-08",
            "price": "8.68",
            "revenue": -2384
        },
        "2020-09": {
            "month": "2020-09",
            "price": "9.27",
            "revenue": 839
        },
        "2020-10": {
            "month": "2020-10",
            "price": "8.89",
            "revenue": 3357
        },
        "2020-11": {
            "month": "2020-11",
            "price": "9.57",
            "revenue": 837
        },
        "2020-12": {
            "month": "2020-12",
            "price": "11.64",
            "revenue": 559
        },
        "2021-01": {
            "month": "2021-01",
            "price": "10.76",
            "revenue": 511
        },
        "2021-02": {
            "month": "2021-02",
            "price": "11.17",
            "revenue": 544
        },
        "2021-03": {
            "month": "2021-03",
            "price": "9.06",
            "revenue": 370
        },
        "2021-04": {
            "month": "2021-04",
            "price": "8.28",
            "revenue": 108
        },
        "2021-05": {
            "month": "2021-05",
            "price": "7.78",
            "revenue": 254
        },
        "2021-06": {
            "month": "2021-06",
            "price": "7.63",
            "revenue": 809
        },
        "2021-07": {
            "month": "2021-07",
            "price": "10.77",
            "revenue": 36
        },
        "2021-08": {
            "month": "2021-08",
            "price": "10.13",
            "revenue": 141
        },
        "2021-09": {
            "month": "2021-09",
            "price": "9.93",
            "revenue": 226
        },
        "2021-10": {
            "month": "2021-10",
            "price": "9.42",
            "revenue": 96
        },
        "2021-11": {
            "month": "2021-11",
            "price": "11.98",
            "revenue": 73
        },
        "2021-12": {
            "month": "2021-12",
            "price": "13.09",
            "revenue": 17
        },
        "2022-01": {
            "month": "2022-01",
            "price": "15.61",
            "revenue": 301
        },
        "2022-02": {
            "month": "2022-02",
            "price": "14.39",
            "revenue": 235
        },
        "2022-03": {
            "month": "2022-03",
            "price": "12.58",
            "revenue": 146
        },
        "2022-04": {
            "month": "2022-04",
            "price": "12.04",
            "revenue": 180
        },
        "2022-05": {
            "month": "2022-05",
            "price": "11.74",
            "revenue": 395
        },
        "2022-06": {
            "month": "2022-06",
            "price": "12.76",
            "revenue": 165
        },
        "2022-07": {
            "month": "2022-07",
            "price": "10.89",
            "revenue": 151
        },
        "2022-08": {
            "month": "2022-08",
            "price": "11.53",
            "revenue": 157
        },
        "2022-09": {
            "month": "2022-09",
            "price": "10.94",
            "revenue": 213
        },
        "2022-10": {
            "month": "2022-10",
            "price": "9.28",
            "revenue": 442
        },
        "2022-11": {
            "month": "2022-11",
            "price": "9.27",
            "revenue": 389
        },
        "2022-12": {
            "month": "2022-12",
            "price": "9.13",
            "revenue": 177
        },
        "2023-01": {
            "month": "2023-01",
            "price": "8.90",
            "revenue": 594
        },
        "2023-02": {
            "month": "2023-02",
            "price": "10.45",
            "revenue": 270
        },
        "2023-03": {
            "month": "2023-03",
            "price": "10.20",
            "revenue": 199
        },
        "2023-04": {
            "month": "2023-04",
            "price": "10.13",
            "revenue": 344
        }
    }
}
