{
    "summary": {
        "stock_name": "宏易",
        "stock_id": "4530",
        "category": "觀光餐旅",
        "main_business": "餐飲相關業務",
        "website_url": "http://www.honyigroup.com",
        "ceo": "陳冠瑋",
        "pe_ratio": -14,
        "report_year_from": 2001,
        "report_year_to": 2023,
        "age": 22,
        "eps_negative_percentage": 70,
        "eps_growth_avg": {
            "last_all": -75.88,
            "last_2y": null,
            "last_4y": -100,
            "last_8y": -100,
            "last_12y": -100,
            "last_16y": -91.84,
            "last_20y": -75.88,
            "at_2006_last_3y": -94.39,
            "at_2007_last_3y": -83.67,
            "at_2008_last_3y": -83.67,
            "at_2009_last_3y": -83.67,
            "at_2010_last_3y": -83.67,
            "at_2011_last_3y": -100,
            "at_2012_last_3y": null,
            "at_2013_last_3y": null,
            "at_2014_last_3y": null,
            "at_2015_last_3y": null,
            "at_2016_last_3y": null,
            "at_2017_last_3y": -100,
            "at_2018_last_3y": -100,
            "at_2019_last_3y": -100,
            "at_2020_last_3y": -100,
            "at_2021_last_3y": -100,
            "at_2022_last_3y": -100,
            "at_2023_last_3y": -100,
            "at_2006_last_all": -54.59,
            "at_2007_last_all": -57.78,
            "at_2008_last_all": -66.23,
            "at_2009_last_all": -66.23,
            "at_2010_last_all": -66.23,
            "at_2011_last_all": -66.23,
            "at_2012_last_all": -66.23,
            "at_2013_last_all": -66.23,
            "at_2014_last_all": -66.23,
            "at_2015_last_all": -66.23,
            "at_2016_last_all": -66.23,
            "at_2017_last_all": -71.85,
            "at_2018_last_all": -71.85,
            "at_2019_last_all": -75.88,
            "at_2020_last_all": -75.88,
            "at_2021_last_all": -75.88,
            "at_2022_last_all": -75.88,
            "at_2023_last_all": -75.88
        },
        "latest_eps": -0.51,
        "latest_price": 6.91,
        "latest_roe": -8.65,
        "latest_gross_margin": 32.01,
        "latest_equity": 226963,
        "latest_revenue": 42052,
        "latest_gross_profit": 13462,
        "latest_net_income": -12156,
        "latest_debt_ratio": 30.02,
        "latest_current_ratio": 279.48,
        "latest_account_receivable_turnover_ratio": 4.69,
        "latest_inventory_turnover_ratio": 2.86,
        "latest_reinvestment_rate": null,
        "latest_research_to_sale_ratio": null
    },
    "eps_dividends": {
        "1999": {
            "cash": 0,
            "stock": 2.5,
            "eps": 0
        },
        "2000": {
            "cash": 0,
            "stock": 1.9,
            "eps": 0
        },
        "2001": {
            "cash": 1,
            "stock": 1,
            "eps": 1.64
        },
        "2002": {
            "cash": 0,
            "stock": 1.5,
            "eps": 2.05
        },
        "2003": {
            "cash": 0.5,
            "stock": 1,
            "eps": 0.23
        },
        "2004": {
            "cash": 0,
            "stock": 0,
            "eps": -7.03
        },
        "2005": {
            "cash": 0,
            "stock": 0,
            "eps": -1.77
        },
        "2006": {
            "cash": 0,
            "stock": 0,
            "eps": 0.49
        },
        "2007": {
            "cash": 0,
            "stock": 0,
            "eps": 0.16
        },
        "2008": {
            "cash": 0,
            "stock": 0,
            "eps": -1.41
        },
        "2009": {
            "cash": 0,
            "stock": 0,
            "eps": -1.82
        },
        "2010": {
            "cash": 0,
            "stock": 0,
            "eps": -0.79
        },
        "2011": {
            "cash": 0,
            "stock": 0,
            "eps": -0.25
        },
        "2012": {
            "cash": 0,
            "stock": 0,
            "eps": -1.96
        },
        "2013": {
            "cash": 0,
            "stock": 0,
            "eps": -2.45
        },
        "2014": {
            "cash": 0,
            "stock": 0,
            "eps": -1.67
        },
        "2015": {
            "cash": 0,
            "stock": 0,
            "eps": -1.9
        },
        "2016": {
            "cash": 0,
            "stock": 0,
            "eps": 3.17
        },
        "2017": {
            "cash": 0,
            "stock": 0,
            "eps": -0.54
        },
        "2018": {
            "cash": 0,
            "stock": 0,
            "eps": 0.1
        },
        "2019": {
            "cash": 0,
            "stock": 0,
            "eps": -0.38
        },
        "2020": {
            "cash": 0,
            "stock": 0,
            "eps": -0.5
        },
        "2021": {
            "cash": 0,
            "stock": 0,
            "eps": -0.47
        },
        "2022": {
            "cash": 0,
            "stock": 0,
            "eps": -0.26
        },
        "2023": {
            "cash": 0,
            "stock": 0,
            "eps": -0.46
        }
    },
    "dividends": {
        "1999-06-22": {
            "cash": 0,
            "stock": 2.5
        },
        "2000-06-16": {
            "cash": 0,
            "stock": 1.9
        },
        "2001-06-22": {
            "cash": 1,
            "stock": 1
        },
        "2002-06-25": {
            "cash": 0,
            "stock": 1.5
        },
        "2003-05-30": {
            "cash": 0.5,
            "stock": 1
        }
    },
    "prices": {
        "200101": "無",
        "200102": "無",
        "200103": "無",
        "200104": "16.00",
        "200105": "17.08",
        "200106": "29.72",
        "200107": "38.28",
        "200108": "41.72",
        "200109": "38.41",
        "200110": "33.72",
        "200111": "32.72",
        "200112": "43.20",
        "200201": "60.36",
        "200202": "60.38",
        "200203": "54.88",
        "200204": "52.62",
        "200205": "49.85",
        "200206": "52.06",
        "200207": "47.44",
        "200208": "41.31",
        "200209": "27.04",
        "200210": "19.02",
        "200211": "31.87",
        "200212": "44.44",
        "200301": "38.31",
        "200302": "33.71",
        "200303": "32.39",
        "200304": "30.56",
        "200305": "23.82",
        "200306": "24.63",
        "200307": "21.73",
        "200308": "18.52",
        "200309": "17.08",
        "200310": "17.67",
        "200311": "19.34",
        "200312": "21.18",
        "200401": "21.10",
        "200402": "21.38",
        "200403": "20.19",
        "200404": "18.25",
        "200405": "12.99",
        "200406": "13.10",
        "200407": "12.09",
        "200408": "10.06",
        "200409": "7.28",
        "200410": "9.11",
        "200411": "9.37",
        "200412": "8.59",
        "200501": "7.85",
        "200502": "6.62",
        "200503": "6.39",
        "200504": "6.13",
        "200505": "5.67",
        "200506": "5.98",
        "200507": "6.33",
        "200508": "6.13",
        "200509": "6.06",
        "200510": "5.85",
        "200511": "5.95",
        "200512": "5.93",
        "200601": "6.64",
        "200602": "8.56",
        "200603": "8.50",
        "200604": "9.71",
        "200605": "10.54",
        "200606": "9.40",
        "200607": "9.40",
        "200608": "9.78",
        "200609": "8.94",
        "200610": "9.00",
        "200611": "8.93",
        "200612": "9.44",
        "200701": "9.14",
        "200702": "8.35",
        "200703": "8.58",
        "200704": "8.99",
        "200705": "8.52",
        "200706": "8.99",
        "200707": "13.35",
        "200708": "12.86",
        "200709": "13.89",
        "200710": "15.35",
        "200711": "20.96",
        "200712": "21.57",
        "200801": "18.70",
        "200802": "17.85",
        "200803": "22.06",
        "200804": "22.06",
        "200805": "17.94",
        "200806": "14.30",
        "200807": "11.07",
        "200808": "9.08",
        "200809": "8.42",
        "200810": "8.24",
        "200811": "7.45",
        "200812": "5.83",
        "200901": "5.15",
        "200902": "4.73",
        "200903": "6.95",
        "200904": "9.19",
        "200905": "10.50",
        "200906": "11.65",
        "200907": "12.84",
        "200908": "10.00",
        "200909": "10.55",
        "200910": "10.70",
        "200911": "9.84",
        "200912": "10.85",
        "201001": "10.47",
        "201002": "7.80",
        "201003": "8.72",
        "201004": "8.95",
        "201005": "8.01",
        "201006": "7.97",
        "201007": "7.85",
        "201008": "7.99",
        "201009": "7.86",
        "201010": "7.17",
        "201011": "5.17",
        "201012": "6.38",
        "201101": "6.46",
        "201102": "6.39",
        "201103": "6.16",
        "201104": "5.51",
        "201105": "5.04",
        "201106": "4.86",
        "201107": "4.31",
        "201108": "4.81",
        "201109": "4.38",
        "201110": "4.11",
        "201111": "4.70",
        "201112": "4.19",
        "201201": "3.58",
        "201202": "4.25",
        "201203": "3.90",
        "201204": "3.44",
        "201205": "3.42",
        "201206": "3.18",
        "201207": "2.78",
        "201208": "2.49",
        "201209": "3.14",
        "201210": "3.27",
        "201211": "3.21",
        "201212": "3.08",
        "201301": "3.09",
        "201302": "3.02",
        "201303": "3.01",
        "201304": "2.38",
        "201305": "2.53",
        "201306": "2.49",
        "201307": "2.02",
        "201308": "1.97",
        "201309": "2.11",
        "201310": "2.16",
        "201311": "2.04",
        "201312": "4.96",
        "201401": "7.66",
        "201402": "7.63",
        "201403": "7.05",
        "201404": "6.11",
        "201405": "6.07",
        "201406": "6.15",
        "201407": "6.43",
        "201408": "5.77",
        "201409": "5.27",
        "201410": "4.98",
        "201411": "4.20",
        "201412": "4.26",
        "201501": "4.19",
        "201502": "4.42",
        "201503": "4.47",
        "201504": "4.91",
        "201505": "4.75",
        "201506": "4.87",
        "201507": "4.86",
        "201508": "3.89",
        "201509": "3.98",
        "201510": "4.21",
        "201511": "4.40",
        "201512": "4.77",
        "201601": "4.52",
        "201602": "4.64",
        "201603": "4.57",
        "201604": "4.17",
        "201605": "4.10",
        "201606": "3.93",
        "201607": "4.28",
        "201608": "3.68",
        "201609": "3.51",
        "201610": "3.60",
        "201611": "5.18",
        "201612": "6.27",
        "201701": "6.01",
        "201702": "9.73",
        "201703": "11.22",
        "201704": "10.24",
        "201705": "9.55",
        "201706": "9.69",
        "201707": "9.76",
        "201708": "9.23",
        "201709": "9.48",
        "201710": "9.21",
        "201711": "9.30",
        "201712": "8.02",
        "201801": "7.56",
        "201802": "6.91",
        "201803": "7.58",
        "201804": "7.56",
        "201805": "7.21",
        "201806": "7.32",
        "201807": "6.76",
        "201808": "6.31",
        "201809": "6.16",
        "201810": "5.41",
        "201811": "5.52",
        "201812": "5.32",
        "201901": "5.25",
        "201902": "5.66",
        "201903": "5.54",
        "201904": "5.75",
        "201905": "6.18",
        "201906": "6.80",
        "201907": "7.04",
        "201908": "7.20",
        "201909": "7.33",
        "201910": "9.60",
        "201911": "9.56",
        "201912": "8.56",
        "202001": "9.04",
        "202002": "10.32",
        "202003": "10.63",
        "202004": "10.88",
        "202005": "10.92",
        "202006": "10.87",
        "202007": "10.99",
        "202008": "10.70",
        "202009": "10.13",
        "202010": "12.58",
        "202011": "12.95",
        "202012": "17.70",
        "202101": "13.98",
        "202102": "15.36",
        "202103": "14.00",
        "202104": "12.48",
        "202105": "10.05",
        "202106": "9.30",
        "202107": "9.54",
        "202108": "8.68",
        "202109": "7.94",
        "202110": "7.67",
        "202111": "8.95",
        "202112": "10.08",
        "202201": "9.52",
        "202202": "9.11",
        "202203": "9.02",
        "202204": "8.77",
        "202205": "8.17",
        "202206": "7.95",
        "202207": "7.57",
        "202208": "7.62",
        "202209": "6.84",
        "202210": "6.64",
        "202211": "6.82",
        "202212": "6.43",
        "202301": "7.15",
        "202302": "7.02",
        "202303": "6.79",
        "202304": "6.77",
        "202305": "6.92",
        "202306": "6.94",
        "202307": "6.91",
        "202308": "6.41",
        "202309": "6.68"
    },
    "quarters": {
        "20011": {
            "year_quarter": 20011,
            "year": 2001,
            "quarter": 1,
            "eps": 0.27,
            "eps_growth_year": null,
            "eps_4q": 1.61,
            "eps_4q_growth_year": null,
            "roe": 1.69,
            "roe_4q": 1.69,
            "gross_profit": 39670,
            "gross_margin": 23.01,
            "gross_margin_4q_avg": 23.01,
            "net_income": 8144,
            "revenue": 172416,
            "common_shares": 300000,
            "book_valuer_per_share": 15.99,
            "book_valuer_per_share_4q_avg": 15.99,
            "equity": 479564,
            "current_ratio": 156.53,
            "debt_ratio": 36.96,
            "inventory_turnover_ratio": 0.8,
            "account_receivable_turnover_ratio": null,
            "reinvestment_rate": null,
            "research_to_sale_ratio": null,
            "price_fair": 0,
            "eps_avg_yearly": 0,
            "eps_latest_yearly": 0,
            "eps_growth_yearly": 0
        },
        "20012": {
            "year_quarter": 20012,
            "year": 2001,
            "quarter": 2,
            "eps": 1.4,
            "eps_growth_year": 288.89,
            "eps_4q": 2.55,
            "eps_4q_growth_year": null,
            "roe": 9.21,
            "roe_4q": 10.9,
            "gross_profit": 71196,
            "gross_margin": 25.24,
            "gross_margin_4q_avg": 24.13,
            "net_income": 46488,
            "revenue": 282048,
            "common_shares": 300000,
            "book_valuer_per_share": 17.67,
            "book_valuer_per_share_4q_avg": 16.83,
            "equity": 530167,
            "current_ratio": 142.57,
            "debt_ratio": 44.38,
            "inventory_turnover_ratio": 1.41,
            "account_receivable_turnover_ratio": null,
            "reinvestment_rate": null,
            "research_to_sale_ratio": null,
            "price_fair": 0,
            "eps_avg_yearly": 0,
            "eps_latest_yearly": 0,
            "eps_growth_yearly": 0
        },
        "20013": {
            "year_quarter": 20013,
            "year": 2001,
            "quarter": 3,
            "eps": 0.25,
            "eps_growth_year": -58.33,
            "eps_4q": 2.29,
            "eps_4q_growth_year": null,
            "roe": 1.54,
            "roe_4q": 12.44,
            "gross_profit": 31027,
            "gross_margin": 13.51,
            "gross_margin_4q_avg": 20.59,
            "net_income": 8232,
            "revenue": 229690,
            "common_shares": 331400,
            "book_valuer_per_share": 16.26,
            "book_valuer_per_share_4q_avg": 16.64,
            "equity": 538717,
            "current_ratio": 159.42,
            "debt_ratio": 42.41,
            "inventory_turnover_ratio": 1.29,
            "account_receivable_turnover_ratio": null,
            "reinvestment_rate": null,
            "research_to_sale_ratio": null,
            "price_fair": 0,
            "eps_avg_yearly": 0,
            "eps_latest_yearly": 0,
            "eps_growth_yearly": 0
        },
        "20014": {
            "year_quarter": 20014,
            "year": 2001,
            "quarter": 4,
            "eps": -0.28,
            "eps_growth_year": -165.12,
            "eps_4q": 1.6,
            "eps_4q_growth_year": 54.25,
            "roe": -1.71,
            "roe_4q": 10.73,
            "gross_profit": 52767,
            "gross_margin": 23.61,
            "gross_margin_4q_avg": 21.34,
            "net_income": -9237,
            "revenue": 223494,
            "common_shares": 331400,
            "book_valuer_per_share": 15.98,
            "book_valuer_per_share_4q_avg": 16.48,
            "equity": 542089,
            "current_ratio": 117.78,
            "debt_ratio": 46.46,
            "inventory_turnover_ratio": 1.12,
            "account_receivable_turnover_ratio": null,
            "reinvestment_rate": null,
            "research_to_sale_ratio": null,
            "price_fair": 0,
            "eps_avg_yearly": 0,
            "eps_latest_yearly": 0,
            "eps_growth_yearly": 0
        },
        "20021": {
            "year_quarter": 20021,
            "year": 2002,
            "quarter": 1,
            "eps": 0.38,
            "eps_growth_year": 40.74,
            "eps_4q": 1.76,
            "eps_4q_growth_year": 9.69,
            "roe": 2.3,
            "roe_4q": 11.34,
            "gross_profit": 18261,
            "gross_margin": 10.94,
            "gross_margin_4q_avg": 18.33,
            "net_income": 12483,
            "revenue": 166947,
            "common_shares": 331400,
            "book_valuer_per_share": 16.33,
            "book_valuer_per_share_4q_avg": 16.56,
            "equity": 541037,
            "current_ratio": 125.85,
            "debt_ratio": 42.23,
            "inventory_turnover_ratio": 1.07,
            "account_receivable_turnover_ratio": null,
            "reinvestment_rate": null,
            "research_to_sale_ratio": null,
            "price_fair": 0,
            "eps_avg_yearly": 0,
            "eps_latest_yearly": 0,
            "eps_growth_yearly": 0
        },
        "20022": {
            "year_quarter": 20022,
            "year": 2002,
            "quarter": 2,
            "eps": 0.05,
            "eps_growth_year": -96.43,
            "eps_4q": 0.4,
            "eps_4q_growth_year": -84.17,
            "roe": 0.27,
            "roe_4q": 2.4,
            "gross_profit": 26072,
            "gross_margin": 9.21,
            "gross_margin_4q_avg": 14.32,
            "net_income": 1623,
            "revenue": 282955,
            "common_shares": 363400,
            "book_valuer_per_share": 18.07,
            "book_valuer_per_share_4q_avg": 16.66,
            "equity": 656751,
            "current_ratio": 147.04,
            "debt_ratio": 38.68,
            "inventory_turnover_ratio": 2.01,
            "account_receivable_turnover_ratio": null,
            "reinvestment_rate": null,
            "research_to_sale_ratio": null,
            "price_fair": 0.6,
            "eps_avg_yearly": 0.2,
            "eps_latest_yearly": 0.2,
            "eps_growth_yearly": -347.37
        },
        "20023": {
            "year_quarter": 20023,
            "year": 2002,
            "quarter": 3,
            "eps": 0.77,
            "eps_growth_year": 208,
            "eps_4q": 0.89,
            "eps_4q_growth_year": -61.4,
            "roe": 3.89,
            "roe_4q": 4.75,
            "gross_profit": 60048,
            "gross_margin": 11.8,
            "gross_margin_4q_avg": 13.89,
            "net_income": 32395,
            "revenue": 508672,
            "common_shares": 490210,
            "book_valuer_per_share": 20.56,
            "book_valuer_per_share_4q_avg": 17.74,
            "equity": 1007870,
            "current_ratio": 126.75,
            "debt_ratio": 49.15,
            "inventory_turnover_ratio": 2.99,
            "account_receivable_turnover_ratio": null,
            "reinvestment_rate": null,
            "research_to_sale_ratio": null,
            "price_fair": 57.4,
            "eps_avg_yearly": 1.64,
            "eps_latest_yearly": 3.08,
            "eps_growth_yearly": 2706.32
        },
        "20024": {
            "year_quarter": 20024,
            "year": 2002,
            "quarter": 4,
            "eps": 0.85,
            "eps_growth_year": null,
            "eps_4q": 1.91,
            "eps_4q_growth_year": 19.75,
            "roe": 3.36,
            "roe_4q": 9.82,
            "gross_profit": 91011,
            "gross_margin": 13.41,
            "gross_margin_4q_avg": 11.34,
            "net_income": 37135,
            "revenue": 678496,
            "common_shares": 490210,
            "book_valuer_per_share": 21.45,
            "book_valuer_per_share_4q_avg": 19.1,
            "equity": 1205870,
            "current_ratio": 111.17,
            "debt_ratio": 53.6,
            "inventory_turnover_ratio": 2.6,
            "account_receivable_turnover_ratio": null,
            "reinvestment_rate": null,
            "research_to_sale_ratio": null,
            "price_fair": 77.93,
            "eps_avg_yearly": 2.23,
            "eps_latest_yearly": 3.4,
            "eps_growth_yearly": 1818.06
        },
        "20031": {
            "year_quarter": 20031,
            "year": 2003,
            "quarter": 1,
            "eps": -0.39,
            "eps_growth_year": -202.63,
            "eps_4q": 1.08,
            "eps_4q_growth_year": -38.99,
            "roe": -1.69,
            "roe_4q": 5.83,
            "gross_profit": 43311,
            "gross_margin": 10.56,
            "gross_margin_4q_avg": 11.25,
            "net_income": -18921,
            "revenue": 410028,
            "common_shares": 490210,
            "book_valuer_per_share": 21.05,
            "book_valuer_per_share_4q_avg": 20.28,
            "equity": 1032134,
            "current_ratio": 146.16,
            "debt_ratio": 49.65,
            "inventory_turnover_ratio": 1.48,
            "account_receivable_turnover_ratio": null,
            "reinvestment_rate": null,
            "research_to_sale_ratio": null,
            "price_fair": 77.93,
            "eps_avg_yearly": 2.23,
            "eps_latest_yearly": 3.4,
            "eps_growth_yearly": 1818.06
        },
        "20032": {
            "year_quarter": 20032,
            "year": 2003,
            "quarter": 2,
            "eps": -0.34,
            "eps_growth_year": -780,
            "eps_4q": 0.65,
            "eps_4q_growth_year": 60.51,
            "roe": -1.87,
            "roe_4q": 3.69,
            "gross_profit": 43626,
            "gross_margin": 11.17,
            "gross_margin_4q_avg": 11.74,
            "net_income": -18852,
            "revenue": 390498,
            "common_shares": 490210,
            "book_valuer_per_share": 20.11,
            "book_valuer_per_share_4q_avg": 20.79,
            "equity": 985634,
            "current_ratio": 118.53,
            "debt_ratio": 55.27,
            "inventory_turnover_ratio": 1.44,
            "account_receivable_turnover_ratio": null,
            "reinvestment_rate": null,
            "research_to_sale_ratio": null,
            "price_fair": 77.93,
            "eps_avg_yearly": 2.23,
            "eps_latest_yearly": 3.4,
            "eps_growth_yearly": 1818.06
        },
        "20033": {
            "year_quarter": 20033,
            "year": 2003,
            "quarter": 3,
            "eps": 0.86,
            "eps_growth_year": 11.69,
            "eps_4q": 0.85,
            "eps_4q_growth_year": -4.21,
            "roe": 4.72,
            "roe_4q": 4.52,
            "gross_profit": 110356,
            "gross_margin": 15.1,
            "gross_margin_4q_avg": 12.56,
            "net_income": 47523,
            "revenue": 730886,
            "common_shares": 550341,
            "book_valuer_per_share": 18.66,
            "book_valuer_per_share_4q_avg": 20.32,
            "equity": 1027035,
            "current_ratio": 123.26,
            "debt_ratio": 58.69,
            "inventory_turnover_ratio": 2.37,
            "account_receivable_turnover_ratio": null,
            "reinvestment_rate": null,
            "research_to_sale_ratio": null,
            "price_fair": 77.93,
            "eps_avg_yearly": 2.23,
            "eps_latest_yearly": 3.4,
            "eps_growth_yearly": 1818.06
        },
        "20034": {
            "year_quarter": 20034,
            "year": 2003,
            "quarter": 4,
            "eps": 0.1,
            "eps_growth_year": -88.24,
            "eps_4q": 0.28,
            "eps_4q_growth_year": -85.4,
            "roe": 0.52,
            "roe_4q": 1.6800000000000002,
            "gross_profit": 68357,
            "gross_margin": 9.42,
            "gross_margin_4q_avg": 11.56,
            "net_income": 5434,
            "revenue": 725425,
            "common_shares": 550341,
            "book_valuer_per_share": 18.67,
            "book_valuer_per_share_4q_avg": 19.62,
            "equity": 1045232,
            "current_ratio": 115.06,
            "debt_ratio": 65.99,
            "inventory_turnover_ratio": 1.86,
            "account_receivable_turnover_ratio": null,
            "reinvestment_rate": 392.27,
            "research_to_sale_ratio": null,
            "price_fair": 61.95,
            "eps_avg_yearly": 1.77,
            "eps_latest_yearly": 0.4,
            "eps_growth_yearly": 1275.18
        },
        "20041": {
            "year_quarter": 20041,
            "year": 2004,
            "quarter": 1,
            "eps": -0.63,
            "eps_growth_year": null,
            "eps_4q": -0.01,
            "eps_4q_growth_year": -100.78,
            "roe": -3.41,
            "roe_4q": -0.04000000000000048,
            "gross_profit": 14671,
            "gross_margin": 3.06,
            "gross_margin_4q_avg": 9.69,
            "net_income": -34565,
            "revenue": 478899,
            "common_shares": 550341,
            "book_valuer_per_share": 17.89,
            "book_valuer_per_share_4q_avg": 18.83,
            "equity": 984769,
            "current_ratio": 112.15,
            "debt_ratio": 56.82,
            "inventory_turnover_ratio": 1.39,
            "account_receivable_turnover_ratio": null,
            "reinvestment_rate": 157.57,
            "research_to_sale_ratio": null,
            "price_fair": 61.95,
            "eps_avg_yearly": 1.77,
            "eps_latest_yearly": 0.4,
            "eps_growth_yearly": 1275.18
        },
        "20042": {
            "year_quarter": 20042,
            "year": 2004,
            "quarter": 2,
            "eps": -0.54,
            "eps_growth_year": null,
            "eps_4q": -0.21,
            "eps_4q_growth_year": -131.79,
            "roe": -3.06,
            "roe_4q": -1.2300000000000013,
            "gross_profit": 28946,
            "gross_margin": 6.72,
            "gross_margin_4q_avg": 8.58,
            "net_income": -29725,
            "revenue": 430560,
            "common_shares": 550341,
            "book_valuer_per_share": 17.45,
            "book_valuer_per_share_4q_avg": 18.17,
            "equity": 960582,
            "current_ratio": 140.06,
            "debt_ratio": 55.87,
            "inventory_turnover_ratio": 1.94,
            "account_receivable_turnover_ratio": null,
            "reinvestment_rate": 148.86,
            "research_to_sale_ratio": null,
            "price_fair": 61.95,
            "eps_avg_yearly": 1.77,
            "eps_latest_yearly": 0.4,
            "eps_growth_yearly": 1275.18
        },
        "20043": {
            "year_quarter": 20043,
            "year": 2004,
            "quarter": 3,
            "eps": 0.08,
            "eps_growth_year": -90.7,
            "eps_4q": -1.04,
            "eps_4q_growth_year": -222.76,
            "roe": 0.44,
            "roe_4q": -5.51,
            "gross_profit": 26392,
            "gross_margin": 7.04,
            "gross_margin_4q_avg": 6.56,
            "net_income": 4198,
            "revenue": 374657,
            "common_shares": 550341,
            "book_valuer_per_share": 17.51,
            "book_valuer_per_share_4q_avg": 17.88,
            "equity": 963468,
            "current_ratio": 122.95,
            "debt_ratio": 52.64,
            "inventory_turnover_ratio": 1.83,
            "account_receivable_turnover_ratio": null,
            "reinvestment_rate": 128.89,
            "research_to_sale_ratio": null,
            "price_fair": 61.95,
            "eps_avg_yearly": 1.77,
            "eps_latest_yearly": 0.4,
            "eps_growth_yearly": 1275.18
        },
        "20044": {
            "year_quarter": 20044,
            "year": 2004,
            "quarter": 4,
            "eps": -5.94,
            "eps_growth_year": -6040,
            "eps_4q": -7.02,
            "eps_4q_growth_year": -2613.78,
            "roe": -41.27,
            "roe_4q": -47.30000000000001,
            "gross_profit": 14500,
            "gross_margin": 4.32,
            "gross_margin_4q_avg": 5.29,
            "net_income": -327032,
            "revenue": 335893,
            "common_shares": 550341,
            "book_valuer_per_share": 10.99,
            "book_valuer_per_share_4q_avg": 15.96,
            "equity": 621319,
            "current_ratio": 107.73,
            "debt_ratio": 74.29,
            "inventory_turnover_ratio": 1.38,
            "account_receivable_turnover_ratio": null,
            "reinvestment_rate": null,
            "research_to_sale_ratio": null,
            "price_fair": 61.95,
            "eps_avg_yearly": 1.77,
            "eps_latest_yearly": 0.4,
            "eps_growth_yearly": 1275.18
        },
        "20051": {
            "year_quarter": 20051,
            "year": 2005,
            "quarter": 1,
            "eps": -0.57,
            "eps_growth_year": null,
            "eps_4q": -6.94,
            "eps_4q_growth_year": null,
            "roe": -5.28,
            "roe_4q": -49.17000000000001,
            "gross_profit": 18598,
            "gross_margin": 10.77,
            "gross_margin_4q_avg": 7.21,
            "net_income": -31531,
            "revenue": 172639,
            "common_shares": 550341,
            "book_valuer_per_share": 10.41,
            "book_valuer_per_share_4q_avg": 14.09,
            "equity": 572729,
            "current_ratio": 127.22,
            "debt_ratio": 60.51,
            "inventory_turnover_ratio": 0.71,
            "account_receivable_turnover_ratio": null,
            "reinvestment_rate": null,
            "research_to_sale_ratio": null,
            "price_fair": 61.95,
            "eps_avg_yearly": 1.77,
            "eps_latest_yearly": 0.4,
            "eps_growth_yearly": 1275.18
        },
        "20052": {
            "year_quarter": 20052,
            "year": 2005,
            "quarter": 2,
            "eps": -0.44,
            "eps_growth_year": null,
            "eps_4q": -6.88,
            "eps_4q_growth_year": null,
            "roe": -4.37,
            "roe_4q": -50.480000000000004,
            "gross_profit": 22669,
            "gross_margin": 11.83,
            "gross_margin_4q_avg": 8.49,
            "net_income": -24477,
            "revenue": 191626,
            "common_shares": 550341,
            "book_valuer_per_share": 9.97,
            "book_valuer_per_share_4q_avg": 12.22,
            "equity": 548442,
            "current_ratio": 102.68,
            "debt_ratio": 60.5,
            "inventory_turnover_ratio": 1.22,
            "account_receivable_turnover_ratio": null,
            "reinvestment_rate": null,
            "research_to_sale_ratio": null,
            "price_fair": 61.95,
            "eps_avg_yearly": 1.77,
            "eps_latest_yearly": 0.4,
            "eps_growth_yearly": 1275.18
        },
        "20053": {
            "year_quarter": 20053,
            "year": 2005,
            "quarter": 3,
            "eps": -0.06,
            "eps_growth_year": -175,
            "eps_4q": -7.02,
            "eps_4q_growth_year": null,
            "roe": -0.58,
            "roe_4q": -51.5,
            "gross_profit": 50512,
            "gross_margin": 23.2,
            "gross_margin_4q_avg": 12.53,
            "net_income": -3184,
            "revenue": 217767,
            "common_shares": 550341,
            "book_valuer_per_share": 10.02,
            "book_valuer_per_share_4q_avg": 10.35,
            "equity": 551370,
            "current_ratio": 109.38,
            "debt_ratio": 57.03,
            "inventory_turnover_ratio": 1.47,
            "account_receivable_turnover_ratio": null,
            "reinvestment_rate": null,
            "research_to_sale_ratio": null,
            "price_fair": 61.95,
            "eps_avg_yearly": 1.77,
            "eps_latest_yearly": 0.4,
            "eps_growth_yearly": 1275.18
        },
        "20054": {
            "year_quarter": 20054,
            "year": 2005,
            "quarter": 4,
            "eps": -0.7,
            "eps_growth_year": null,
            "eps_4q": -1.67,
            "eps_4q_growth_year": null,
            "roe": -7.12,
            "roe_4q": -17.35,
            "gross_profit": 36423,
            "gross_margin": 25.31,
            "gross_margin_4q_avg": 17.78,
            "net_income": -38501,
            "revenue": 143918,
            "common_shares": 550341,
            "book_valuer_per_share": 9.69,
            "book_valuer_per_share_4q_avg": 10.02,
            "equity": 530233,
            "current_ratio": 89.03,
            "debt_ratio": 72.45,
            "inventory_turnover_ratio": 0.61,
            "account_receivable_turnover_ratio": null,
            "reinvestment_rate": null,
            "research_to_sale_ratio": null,
            "price_fair": 61.95,
            "eps_avg_yearly": 1.77,
            "eps_latest_yearly": 0.4,
            "eps_growth_yearly": 1275.18
        },
        "20061": {
            "year_quarter": 20061,
            "year": 2006,
            "quarter": 1,
            "eps": 0.13,
            "eps_growth_year": null,
            "eps_4q": -1.09,
            "eps_4q_growth_year": null,
            "roe": 1.32,
            "roe_4q": -10.75,
            "gross_profit": 45902,
            "gross_margin": 30.36,
            "gross_margin_4q_avg": 22.68,
            "net_income": 7063,
            "revenue": 151178,
            "common_shares": 550341,
            "book_valuer_per_share": 9.87,
            "book_valuer_per_share_4q_avg": 9.89,
            "equity": 542990,
            "current_ratio": 99.07,
            "debt_ratio": 53.72,
            "inventory_turnover_ratio": 0.53,
            "account_receivable_turnover_ratio": null,
            "reinvestment_rate": null,
            "research_to_sale_ratio": null,
            "price_fair": 61.95,
            "eps_avg_yearly": 1.77,
            "eps_latest_yearly": 0.4,
            "eps_growth_yearly": 1275.18
        },
        "20062": {
            "year_quarter": 20062,
            "year": 2006,
            "quarter": 2,
            "eps": 0.39,
            "eps_growth_year": null,
            "eps_4q": -0.23,
            "eps_4q_growth_year": null,
            "roe": 3.9,
            "roe_4q": -2.4800000000000004,
            "gross_profit": 55264,
            "gross_margin": 33.53,
            "gross_margin_4q_avg": 28.1,
            "net_income": 21702,
            "revenue": 164812,
            "common_shares": 550341,
            "book_valuer_per_share": 10.34,
            "book_valuer_per_share_4q_avg": 9.98,
            "equity": 569253,
            "current_ratio": 111.4,
            "debt_ratio": 49.42,
            "inventory_turnover_ratio": 0.79,
            "account_receivable_turnover_ratio": null,
            "reinvestment_rate": null,
            "research_to_sale_ratio": null,
            "price_fair": 73.85,
            "eps_avg_yearly": 2.11,
            "eps_latest_yearly": 1.56,
            "eps_growth_yearly": 1562.02
        },
        "20063": {
            "year_quarter": 20063,
            "year": 2006,
            "quarter": 3,
            "eps": 0.07,
            "eps_growth_year": null,
            "eps_4q": -0.11,
            "eps_4q_growth_year": null,
            "roe": 0.66,
            "roe_4q": -1.2400000000000002,
            "gross_profit": 24502,
            "gross_margin": 22.13,
            "gross_margin_4q_avg": 27.83,
            "net_income": 3796,
            "revenue": 110695,
            "common_shares": 550341,
            "book_valuer_per_share": 10.45,
            "book_valuer_per_share_4q_avg": 10.09,
            "equity": 575090,
            "current_ratio": 101.03,
            "debt_ratio": 47.97,
            "inventory_turnover_ratio": 0.64,
            "account_receivable_turnover_ratio": null,
            "reinvestment_rate": null,
            "research_to_sale_ratio": null,
            "price_fair": 49.35,
            "eps_avg_yearly": 1.41,
            "eps_latest_yearly": 0.28,
            "eps_growth_yearly": 39.97
        },
        "20064": {
            "year_quarter": 20064,
            "year": 2006,
            "quarter": 4,
            "eps": -0.1,
            "eps_growth_year": null,
            "eps_4q": 0.47,
            "eps_4q_growth_year": null,
            "roe": -0.9,
            "roe_4q": 4.98,
            "gross_profit": 19880,
            "gross_margin": 16.19,
            "gross_margin_4q_avg": 25.55,
            "net_income": -5365,
            "revenue": 122770,
            "common_shares": 550341,
            "book_valuer_per_share": 10.54,
            "book_valuer_per_share_4q_avg": 10.3,
            "equity": 614055,
            "current_ratio": 96.23,
            "debt_ratio": 61.68,
            "inventory_turnover_ratio": 0.54,
            "account_receivable_turnover_ratio": null,
            "reinvestment_rate": null,
            "research_to_sale_ratio": null,
            "price_fair": 26.13,
            "eps_avg_yearly": 0.75,
            "eps_latest_yearly": 0.28,
            "eps_growth_yearly": 39.44
        },
        "20071": {
            "year_quarter": 20071,
            "year": 2007,
            "quarter": 1,
            "eps": 0.04,
            "eps_growth_year": -69.23,
            "eps_4q": 0.39,
            "eps_4q_growth_year": null,
            "roe": 0.38,
            "roe_4q": 4.04,
            "gross_profit": 18036,
            "gross_margin": 16.56,
            "gross_margin_4q_avg": 22.1,
            "net_income": 2284,
            "revenue": 108927,
            "common_shares": 550341,
            "book_valuer_per_share": 10.64,
            "book_valuer_per_share_4q_avg": 10.49,
            "equity": 585555,
            "current_ratio": 95.26,
            "debt_ratio": 42.63,
            "inventory_turnover_ratio": 0.53,
            "account_receivable_turnover_ratio": null,
            "reinvestment_rate": null,
            "research_to_sale_ratio": null,
            "price_fair": 26.13,
            "eps_avg_yearly": 0.75,
            "eps_latest_yearly": 0.28,
            "eps_growth_yearly": 39.44
        },
        "20072": {
            "year_quarter": 20072,
            "year": 2007,
            "quarter": 2,
            "eps": 0.13,
            "eps_growth_year": -66.67,
            "eps_4q": 0.14,
            "eps_4q_growth_year": null,
            "roe": 1.17,
            "roe_4q": 1.3099999999999998,
            "gross_profit": 20377,
            "gross_margin": 22.92,
            "gross_margin_4q_avg": 19.45,
            "net_income": 6924,
            "revenue": 88903,
            "common_shares": 550341,
            "book_valuer_per_share": 10.95,
            "book_valuer_per_share_4q_avg": 10.65,
            "equity": 602530,
            "current_ratio": 101.19,
            "debt_ratio": 42.06,
            "inventory_turnover_ratio": 0.66,
            "account_receivable_turnover_ratio": null,
            "reinvestment_rate": null,
            "research_to_sale_ratio": null,
            "price_fair": 24.15,
            "eps_avg_yearly": 0.69,
            "eps_latest_yearly": 0.52,
            "eps_growth_yearly": 254.58
        },
        "20073": {
            "year_quarter": 20073,
            "year": 2007,
            "quarter": 3,
            "eps": 0.09,
            "eps_growth_year": 28.57,
            "eps_4q": 0.16,
            "eps_4q_growth_year": null,
            "roe": 0.78,
            "roe_4q": 1.4300000000000002,
            "gross_profit": 8763,
            "gross_margin": 7.78,
            "gross_margin_4q_avg": 15.86,
            "net_income": 4742,
            "revenue": 112581,
            "common_shares": 550341,
            "book_valuer_per_share": 11.02,
            "book_valuer_per_share_4q_avg": 10.79,
            "equity": 606417,
            "current_ratio": 96.72,
            "debt_ratio": 42.23,
            "inventory_turnover_ratio": 1.04,
            "account_receivable_turnover_ratio": null,
            "reinvestment_rate": null,
            "research_to_sale_ratio": null,
            "price_fair": 21.84,
            "eps_avg_yearly": 0.62,
            "eps_latest_yearly": 0.36,
            "eps_growth_yearly": 179.05
        },
        "20074": {
            "year_quarter": 20074,
            "year": 2007,
            "quarter": 4,
            "eps": -0.1,
            "eps_growth_year": null,
            "eps_4q": 0.14,
            "eps_4q_growth_year": -71.25,
            "roe": -0.82,
            "roe_4q": 1.5099999999999998,
            "gross_profit": 22004,
            "gross_margin": 16.41,
            "gross_margin_4q_avg": 15.92,
            "net_income": -5317,
            "revenue": 134086,
            "common_shares": 550341,
            "book_valuer_per_share": 11.16,
            "book_valuer_per_share_4q_avg": 10.94,
            "equity": 685594,
            "current_ratio": 107.9,
            "debt_ratio": 65.39,
            "inventory_turnover_ratio": 0.71,
            "account_receivable_turnover_ratio": null,
            "reinvestment_rate": null,
            "research_to_sale_ratio": null,
            "price_fair": 23.8,
            "eps_avg_yearly": 0.68,
            "eps_latest_yearly": 0.36,
            "eps_growth_yearly": 312.18
        },
        "20081": {
            "year_quarter": 20081,
            "year": 2008,
            "quarter": 1,
            "eps": -0.36,
            "eps_growth_year": -1000,
            "eps_4q": -0.23,
            "eps_4q_growth_year": -158.85,
            "roe": -3,
            "roe_4q": -1.87,
            "gross_profit": 38711,
            "gross_margin": 7.43,
            "gross_margin_4q_avg": 13.64,
            "net_income": -20557,
            "revenue": 520703,
            "common_shares": 550341,
            "book_valuer_per_share": 11.18,
            "book_valuer_per_share_4q_avg": 11.08,
            "equity": 684318,
            "current_ratio": 105.07,
            "debt_ratio": 62.61,
            "inventory_turnover_ratio": 2.25,
            "account_receivable_turnover_ratio": null,
            "reinvestment_rate": null,
            "research_to_sale_ratio": null,
            "price_fair": 23.8,
            "eps_avg_yearly": 0.68,
            "eps_latest_yearly": 0.36,
            "eps_growth_yearly": 312.18
        },
        "20082": {
            "year_quarter": 20082,
            "year": 2008,
            "quarter": 2,
            "eps": -0.37,
            "eps_growth_year": -384.62,
            "eps_4q": -0.73,
            "eps_4q_growth_year": -610.43,
            "roe": -1.71,
            "roe_4q": -4.75,
            "gross_profit": 25121,
            "gross_margin": 5.62,
            "gross_margin_4q_avg": 9.31,
            "net_income": -11680,
            "revenue": 447158,
            "common_shares": 550341,
            "book_valuer_per_share": 11,
            "book_valuer_per_share_4q_avg": 11.09,
            "equity": 684931,
            "current_ratio": 102.75,
            "debt_ratio": 61.37,
            "inventory_turnover_ratio": 1.95,
            "account_receivable_turnover_ratio": null,
            "reinvestment_rate": null,
            "research_to_sale_ratio": null,
            "price_fair": 23.8,
            "eps_avg_yearly": 0.68,
            "eps_latest_yearly": 0.36,
            "eps_growth_yearly": 312.18
        },
        "20083": {
            "year_quarter": 20083,
            "year": 2008,
            "quarter": 3,
            "eps": -0.31,
            "eps_growth_year": -444.44,
            "eps_4q": -0.96,
            "eps_4q_growth_year": -687.54,
            "roe": -2.01,
            "roe_4q": -7.54,
            "gross_profit": 22616,
            "gross_margin": 4.95,
            "gross_margin_4q_avg": 8.6,
            "net_income": -14669,
            "revenue": 456788,
            "common_shares": 650341,
            "book_valuer_per_share": 10.55,
            "book_valuer_per_share_4q_avg": 10.97,
            "equity": 774086,
            "current_ratio": 107.28,
            "debt_ratio": 59.07,
            "inventory_turnover_ratio": 1.86,
            "account_receivable_turnover_ratio": null,
            "reinvestment_rate": null,
            "research_to_sale_ratio": null,
            "price_fair": 23.8,
            "eps_avg_yearly": 0.68,
            "eps_latest_yearly": 0.36,
            "eps_growth_yearly": 312.18
        },
        "20084": {
            "year_quarter": 20084,
            "year": 2008,
            "quarter": 4,
            "eps": -0.37,
            "eps_growth_year": null,
            "eps_4q": -1.68,
            "eps_4q_growth_year": -1328.98,
            "roe": -2.12,
            "roe_4q": -8.84,
            "gross_profit": 31009,
            "gross_margin": 6.9,
            "gross_margin_4q_avg": 6.23,
            "net_income": -16297,
            "revenue": 449413,
            "common_shares": 650341,
            "book_valuer_per_share": 10.34,
            "book_valuer_per_share_4q_avg": 10.77,
            "equity": 766475,
            "current_ratio": 102.73,
            "debt_ratio": 57.5,
            "inventory_turnover_ratio": 1.92,
            "account_receivable_turnover_ratio": 1.6,
            "reinvestment_rate": null,
            "research_to_sale_ratio": null,
            "price_fair": 23.8,
            "eps_avg_yearly": 0.68,
            "eps_latest_yearly": 0.36,
            "eps_growth_yearly": 312.18
        },
        "20091": {
            "year_quarter": 20091,
            "year": 2009,
            "quarter": 1,
            "eps": 0.05,
            "eps_growth_year": null,
            "eps_4q": -0.65,
            "eps_4q_growth_year": null,
            "roe": 0.55,
            "roe_4q": -5.29,
            "gross_profit": 14743,
            "gross_margin": 5.99,
            "gross_margin_4q_avg": 5.87,
            "net_income": 4246,
            "revenue": 245990,
            "common_shares": 650341,
            "book_valuer_per_share": 10.57,
            "book_valuer_per_share_4q_avg": 10.62,
            "equity": 784791,
            "current_ratio": 103.46,
            "debt_ratio": 50.79,
            "inventory_turnover_ratio": 1.26,
            "account_receivable_turnover_ratio": 0.54,
            "reinvestment_rate": null,
            "research_to_sale_ratio": null,
            "price_fair": 23.8,
            "eps_avg_yearly": 0.68,
            "eps_latest_yearly": 0.36,
            "eps_growth_yearly": 312.18
        },
        "20092": {
            "year_quarter": 20092,
            "year": 2009,
            "quarter": 2,
            "eps": -0.31,
            "eps_growth_year": null,
            "eps_4q": -0.85,
            "eps_4q_growth_year": null,
            "roe": -2.65,
            "roe_4q": -6.2299999999999995,
            "gross_profit": 6216,
            "gross_margin": 2.5,
            "gross_margin_4q_avg": 5.09,
            "net_income": -20231,
            "revenue": 248140,
            "common_shares": 650341,
            "book_valuer_per_share": 10.01,
            "book_valuer_per_share_4q_avg": 10.37,
            "equity": 744676,
            "current_ratio": 97.33,
            "debt_ratio": 51.15,
            "inventory_turnover_ratio": 1.49,
            "account_receivable_turnover_ratio": 0.74,
            "reinvestment_rate": null,
            "research_to_sale_ratio": null,
            "price_fair": 23.8,
            "eps_avg_yearly": 0.68,
            "eps_latest_yearly": 0.36,
            "eps_growth_yearly": 312.18
        },
        "20093": {
            "year_quarter": 20093,
            "year": 2009,
            "quarter": 3,
            "eps": -0.45,
            "eps_growth_year": null,
            "eps_4q": -1.03,
            "eps_4q_growth_year": null,
            "roe": -4.1,
            "roe_4q": -8.32,
            "gross_profit": 7799,
            "gross_margin": 2.55,
            "gross_margin_4q_avg": 4.49,
            "net_income": -29726,
            "revenue": 305314,
            "common_shares": 650341,
            "book_valuer_per_share": 9.42,
            "book_valuer_per_share_4q_avg": 10.09,
            "equity": 704023,
            "current_ratio": 99.36,
            "debt_ratio": 56.85,
            "inventory_turnover_ratio": 1.8,
            "account_receivable_turnover_ratio": 1.93,
            "reinvestment_rate": null,
            "research_to_sale_ratio": null,
            "price_fair": 23.8,
            "eps_avg_yearly": 0.68,
            "eps_latest_yearly": 0.36,
            "eps_growth_yearly": 312.18
        },
        "20094": {
            "year_quarter": 20094,
            "year": 2009,
            "quarter": 4,
            "eps": -1.11,
            "eps_growth_year": null,
            "eps_4q": -1.8,
            "eps_4q_growth_year": null,
            "roe": -10.82,
            "roe_4q": -17.02,
            "gross_profit": 13077,
            "gross_margin": 4.72,
            "gross_margin_4q_avg": 3.94,
            "net_income": -72663,
            "revenue": 277300,
            "common_shares": 650341,
            "book_valuer_per_share": 8.44,
            "book_valuer_per_share_4q_avg": 9.61,
            "equity": 639338,
            "current_ratio": 95.8,
            "debt_ratio": 58.61,
            "inventory_turnover_ratio": 1.6,
            "account_receivable_turnover_ratio": 1.42,
            "reinvestment_rate": null,
            "research_to_sale_ratio": null,
            "price_fair": 23.8,
            "eps_avg_yearly": 0.68,
            "eps_latest_yearly": 0.36,
            "eps_growth_yearly": 312.18
        },
        "20101": {
            "year_quarter": 20101,
            "year": 2010,
            "quarter": 1,
            "eps": -0.27,
            "eps_growth_year": -640,
            "eps_4q": -1.45,
            "eps_4q_growth_year": null,
            "roe": -3.05,
            "roe_4q": -20.619999999999997,
            "gross_profit": 14913,
            "gross_margin": 6.5,
            "gross_margin_4q_avg": 4.07,
            "net_income": -24595,
            "revenue": 229366,
            "common_shares": 1000341,
            "book_valuer_per_share": 8.82,
            "book_valuer_per_share_4q_avg": 9.17,
            "equity": 971854,
            "current_ratio": 146.88,
            "debt_ratio": 42.9,
            "inventory_turnover_ratio": 1.31,
            "account_receivable_turnover_ratio": 0.64,
            "reinvestment_rate": null,
            "research_to_sale_ratio": 0.02,
            "price_fair": 23.8,
            "eps_avg_yearly": 0.68,
            "eps_latest_yearly": 0.36,
            "eps_growth_yearly": 312.18
        },
        "20102": {
            "year_quarter": 20102,
            "year": 2010,
            "quarter": 2,
            "eps": -0.52,
            "eps_growth_year": null,
            "eps_4q": -1.77,
            "eps_4q_growth_year": null,
            "roe": -6.13,
            "roe_4q": -24.1,
            "gross_profit": -23629,
            "gross_margin": -8.36,
            "gross_margin_4q_avg": 1.35,
            "net_income": -59811,
            "revenue": 282798,
            "common_shares": 1000341,
            "book_valuer_per_share": 8.49,
            "book_valuer_per_share_4q_avg": 8.79,
            "equity": 978881,
            "current_ratio": 127.51,
            "debt_ratio": 43.47,
            "inventory_turnover_ratio": 1.75,
            "account_receivable_turnover_ratio": 0.87,
            "reinvestment_rate": null,
            "research_to_sale_ratio": null,
            "price_fair": 13.53,
            "eps_avg_yearly": 0.39,
            "eps_latest_yearly": 0.36,
            "eps_growth_yearly": 149.57
        },
        "20103": {
            "year_quarter": 20103,
            "year": 2010,
            "quarter": 3,
            "eps": null,
            "eps_growth_year": null,
            "eps_4q": null,
            "eps_4q_growth_year": null,
            "roe": null,
            "roe_4q": -20,
            "gross_profit": 11727,
            "gross_margin": null,
            "gross_margin_4q_avg": 0.72,
            "net_income": -125348,
            "revenue": 356373,
            "common_shares": 1000341,
            "book_valuer_per_share": 7.15,
            "book_valuer_per_share_4q_avg": 8.23,
            "equity": 798955,
            "current_ratio": 112.05,
            "debt_ratio": 45.73,
            "inventory_turnover_ratio": null,
            "account_receivable_turnover_ratio": null,
            "reinvestment_rate": null,
            "research_to_sale_ratio": null,
            "price_fair": 15.4,
            "eps_avg_yearly": 0.44,
            "eps_latest_yearly": 0.36,
            "eps_growth_yearly": 388.46
        },
        "20104": {
            "year_quarter": 20104,
            "year": 2010,
            "quarter": 4,
            "eps": null,
            "eps_growth_year": null,
            "eps_4q": null,
            "eps_4q_growth_year": null,
            "roe": null,
            "roe_4q": -9.18,
            "gross_profit": -11206,
            "gross_margin": null,
            "gross_margin_4q_avg": -0.47,
            "net_income": -39017,
            "revenue": 69872,
            "common_shares": 1000341,
            "book_valuer_per_share": 6.48,
            "book_valuer_per_share_4q_avg": 7.74,
            "equity": 727492,
            "current_ratio": 104.77,
            "debt_ratio": 45.53,
            "inventory_turnover_ratio": null,
            "account_receivable_turnover_ratio": null,
            "reinvestment_rate": null,
            "research_to_sale_ratio": null,
            "price_fair": 15.4,
            "eps_avg_yearly": 0.44,
            "eps_latest_yearly": 0.36,
            "eps_growth_yearly": 388.46
        },
        "20111": {
            "year_quarter": 20111,
            "year": 2011,
            "quarter": 1,
            "eps": -0.12,
            "eps_growth_year": null,
            "eps_4q": -0.61,
            "eps_4q_growth_year": null,
            "roe": -1.69,
            "roe_4q": -7.82,
            "gross_profit": -8814,
            "gross_margin": -7.18,
            "gross_margin_4q_avg": -3.89,
            "net_income": -12272,
            "revenue": 122743,
            "common_shares": 1000341,
            "book_valuer_per_share": 6.45,
            "book_valuer_per_share_4q_avg": 7.14,
            "equity": 725294,
            "current_ratio": 111.75,
            "debt_ratio": 39.13,
            "inventory_turnover_ratio": 1.03,
            "account_receivable_turnover_ratio": 0.62,
            "reinvestment_rate": null,
            "research_to_sale_ratio": 0,
            "price_fair": 15.4,
            "eps_avg_yearly": 0.44,
            "eps_latest_yearly": 0.36,
            "eps_growth_yearly": 388.46
        },
        "20112": {
            "year_quarter": 20112,
            "year": 2011,
            "quarter": 2,
            "eps": -0.27,
            "eps_growth_year": null,
            "eps_4q": -0.36,
            "eps_4q_growth_year": null,
            "roe": -4.12,
            "roe_4q": -5.8100000000000005,
            "gross_profit": -4709,
            "gross_margin": -3.68,
            "gross_margin_4q_avg": -2.72,
            "net_income": -29265,
            "revenue": 127935,
            "common_shares": 1000341,
            "book_valuer_per_share": 6.18,
            "book_valuer_per_share_4q_avg": 6.57,
            "equity": 696320,
            "current_ratio": 121.83,
            "debt_ratio": 35.12,
            "inventory_turnover_ratio": 1.13,
            "account_receivable_turnover_ratio": 0.81,
            "reinvestment_rate": null,
            "research_to_sale_ratio": null,
            "price_fair": 1.08,
            "eps_avg_yearly": 0.36,
            "eps_latest_yearly": 0.36,
            "eps_growth_yearly": -123.08
        },
        "20113": {
            "year_quarter": 20113,
            "year": 2011,
            "quarter": 3,
            "eps": 0.23,
            "eps_growth_year": null,
            "eps_4q": -0.12,
            "eps_4q_growth_year": null,
            "roe": 2.89,
            "roe_4q": -2.92,
            "gross_profit": -2525,
            "gross_margin": -2.09,
            "gross_margin_4q_avg": -3.24,
            "net_income": 20674,
            "revenue": 120636,
            "common_shares": 1000341,
            "book_valuer_per_share": 6.53,
            "book_valuer_per_share_4q_avg": 6.41,
            "equity": 734183,
            "current_ratio": 130.7,
            "debt_ratio": 31.42,
            "inventory_turnover_ratio": 1.07,
            "account_receivable_turnover_ratio": 0.79,
            "reinvestment_rate": null,
            "research_to_sale_ratio": null,
            "price_fair": 0,
            "eps_avg_yearly": 0,
            "eps_latest_yearly": 0,
            "eps_growth_yearly": 0
        },
        "20114": {
            "year_quarter": 20114,
            "year": 2011,
            "quarter": 4,
            "eps": -0.09,
            "eps_growth_year": null,
            "eps_4q": -0.21,
            "eps_4q_growth_year": null,
            "roe": -1.52,
            "roe_4q": -4.4399999999999995,
            "gross_profit": -9534,
            "gross_margin": -5.86,
            "gross_margin_4q_avg": -4.7,
            "net_income": -10890,
            "revenue": 162657,
            "common_shares": 1000341,
            "book_valuer_per_share": 6.42,
            "book_valuer_per_share_4q_avg": 6.4,
            "equity": 700380,
            "current_ratio": 141.77,
            "debt_ratio": 28.49,
            "inventory_turnover_ratio": 1.63,
            "account_receivable_turnover_ratio": 1.16,
            "reinvestment_rate": null,
            "research_to_sale_ratio": 0,
            "price_fair": 0,
            "eps_avg_yearly": 0,
            "eps_latest_yearly": 0,
            "eps_growth_yearly": 0
        },
        "20121": {
            "year_quarter": 20121,
            "year": 2012,
            "quarter": 1,
            "eps": -0.31,
            "eps_growth_year": null,
            "eps_4q": -0.42,
            "eps_4q_growth_year": null,
            "roe": -4.64,
            "roe_4q": -7.390000000000001,
            "gross_profit": -8312,
            "gross_margin": -7.25,
            "gross_margin_4q_avg": -4.72,
            "net_income": -31471,
            "revenue": 114635,
            "common_shares": 1000341,
            "book_valuer_per_share": 6,
            "book_valuer_per_share_4q_avg": 6.28,
            "equity": 655383,
            "current_ratio": 142.65,
            "debt_ratio": 29.57,
            "inventory_turnover_ratio": 1.24,
            "account_receivable_turnover_ratio": 0.88,
            "reinvestment_rate": null,
            "research_to_sale_ratio": 0,
            "price_fair": 0,
            "eps_avg_yearly": 0,
            "eps_latest_yearly": 0,
            "eps_growth_yearly": 0
        },
        "20122": {
            "year_quarter": 20122,
            "year": 2012,
            "quarter": 2,
            "eps": 0.02,
            "eps_growth_year": null,
            "eps_4q": -0.13,
            "eps_4q_growth_year": null,
            "roe": 0.11,
            "roe_4q": -3.159999999999999,
            "gross_profit": 6058,
            "gross_margin": 5.03,
            "gross_margin_4q_avg": -2.54,
            "net_income": 748,
            "revenue": 120351,
            "common_shares": 1000341,
            "book_valuer_per_share": 6.03,
            "book_valuer_per_share_4q_avg": 6.25,
            "equity": 661372,
            "current_ratio": 144.26,
            "debt_ratio": 28.34,
            "inventory_turnover_ratio": 1.14,
            "account_receivable_turnover_ratio": 0.9,
            "reinvestment_rate": null,
            "research_to_sale_ratio": null,
            "price_fair": 0,
            "eps_avg_yearly": 0,
            "eps_latest_yearly": 0,
            "eps_growth_yearly": 0
        },
        "20123": {
            "year_quarter": 20123,
            "year": 2012,
            "quarter": 3,
            "eps": -0.29,
            "eps_growth_year": -224.96,
            "eps_4q": -0.66,
            "eps_4q_growth_year": null,
            "roe": -5.5,
            "roe_4q": -11.549999999999999,
            "gross_profit": -15569,
            "gross_margin": -16.11,
            "gross_margin_4q_avg": -6.05,
            "net_income": -35839,
            "revenue": 96668,
            "common_shares": 1000341,
            "book_valuer_per_share": 5.71,
            "book_valuer_per_share_4q_avg": 6.04,
            "equity": 640894,
            "current_ratio": 164.89,
            "debt_ratio": 21.27,
            "inventory_turnover_ratio": 1.67,
            "account_receivable_turnover_ratio": 0.86,
            "reinvestment_rate": null,
            "research_to_sale_ratio": null,
            "price_fair": 0,
            "eps_avg_yearly": 0,
            "eps_latest_yearly": 0,
            "eps_growth_yearly": 0
        },
        "20124": {
            "year_quarter": 20124,
            "year": 2012,
            "quarter": 4,
            "eps": -1.38,
            "eps_growth_year": null,
            "eps_4q": -1.96,
            "eps_4q_growth_year": null,
            "roe": -28.18,
            "roe_4q": -38.21,
            "gross_profit": 11332,
            "gross_margin": 18.32,
            "gross_margin_4q_avg": -0,
            "net_income": -158363,
            "revenue": 61841,
            "common_shares": 1000341,
            "book_valuer_per_share": 4.34,
            "book_valuer_per_share_4q_avg": 5.52,
            "equity": 482914,
            "current_ratio": 120.38,
            "debt_ratio": 26.94,
            "inventory_turnover_ratio": 1.17,
            "account_receivable_turnover_ratio": 0.83,
            "reinvestment_rate": null,
            "research_to_sale_ratio": 0,
            "price_fair": 0,
            "eps_avg_yearly": 0,
            "eps_latest_yearly": 0,
            "eps_growth_yearly": 0
        },
        "20131": {
            "year_quarter": 20131,
            "year": 2013,
            "quarter": 1,
            "eps": -0.11,
            "eps_growth_year": null,
            "eps_4q": -1.77,
            "eps_4q_growth_year": null,
            "roe": -2.69,
            "roe_4q": -36.260000000000005,
            "gross_profit": -641,
            "gross_margin": -1.33,
            "gross_margin_4q_avg": 1.48,
            "net_income": -12813,
            "revenue": 48314,
            "common_shares": 1000341,
            "book_valuer_per_share": 4.21,
            "book_valuer_per_share_4q_avg": 5.07,
            "equity": 468939,
            "current_ratio": 115.47,
            "debt_ratio": 26.71,
            "inventory_turnover_ratio": 1.17,
            "account_receivable_turnover_ratio": 1,
            "reinvestment_rate": null,
            "research_to_sale_ratio": null,
            "price_fair": 0,
            "eps_avg_yearly": 0,
            "eps_latest_yearly": 0,
            "eps_growth_yearly": 0
        },
        "20132": {
            "year_quarter": 20132,
            "year": 2013,
            "quarter": 2,
            "eps": -0.11,
            "eps_growth_year": -749.58,
            "eps_4q": -1.89,
            "eps_4q_growth_year": null,
            "roe": -2.54,
            "roe_4q": -38.91,
            "gross_profit": -1965,
            "gross_margin": -5.13,
            "gross_margin_4q_avg": -1.06,
            "net_income": -11814,
            "revenue": 38309,
            "common_shares": 1000341,
            "book_valuer_per_share": 4.13,
            "book_valuer_per_share_4q_avg": 4.6,
            "equity": 461177,
            "current_ratio": 112.05,
            "debt_ratio": 26.04,
            "inventory_turnover_ratio": 1.07,
            "account_receivable_turnover_ratio": 1.03,
            "reinvestment_rate": null,
            "research_to_sale_ratio": null,
            "price_fair": 0,
            "eps_avg_yearly": 0,
            "eps_latest_yearly": 0,
            "eps_growth_yearly": 0
        },
        "20133": {
            "year_quarter": 20133,
            "year": 2013,
            "quarter": 3,
            "eps": -0.31,
            "eps_growth_year": null,
            "eps_4q": -1.91,
            "eps_4q_growth_year": null,
            "roe": -7.54,
            "roe_4q": -40.95,
            "gross_profit": -3610,
            "gross_margin": -9.15,
            "gross_margin_4q_avg": 0.68,
            "net_income": -32750,
            "revenue": 39447,
            "common_shares": 1000341,
            "book_valuer_per_share": 3.79,
            "book_valuer_per_share_4q_avg": 4.12,
            "equity": 407231,
            "current_ratio": 99.22,
            "debt_ratio": 28.03,
            "inventory_turnover_ratio": 1.74,
            "account_receivable_turnover_ratio": 1.72,
            "reinvestment_rate": null,
            "research_to_sale_ratio": null,
            "price_fair": 0,
            "eps_avg_yearly": 0,
            "eps_latest_yearly": 0,
            "eps_growth_yearly": 0
        },
        "20134": {
            "year_quarter": 20134,
            "year": 2013,
            "quarter": 4,
            "eps": -1.92,
            "eps_growth_year": null,
            "eps_4q": -3.39,
            "eps_4q_growth_year": null,
            "roe": -20.93,
            "roe_4q": -33.699999999999996,
            "gross_profit": -15060,
            "gross_margin": -87.89,
            "gross_margin_4q_avg": -25.88,
            "net_income": -77406,
            "revenue": 17135,
            "common_shares": 360123,
            "book_valuer_per_share": 8.69,
            "book_valuer_per_share_4q_avg": 5.21,
            "equity": 332604,
            "current_ratio": 86.89,
            "debt_ratio": 32.98,
            "inventory_turnover_ratio": 2.82,
            "account_receivable_turnover_ratio": 0.93,
            "reinvestment_rate": null,
            "research_to_sale_ratio": null,
            "price_fair": 0,
            "eps_avg_yearly": 0,
            "eps_latest_yearly": 0,
            "eps_growth_yearly": 0
        },
        "20141": {
            "year_quarter": 20141,
            "year": 2014,
            "quarter": 1,
            "eps": -0.44,
            "eps_growth_year": null,
            "eps_4q": -3.52,
            "eps_4q_growth_year": null,
            "roe": -5.45,
            "roe_4q": -36.46,
            "gross_profit": -7567,
            "gross_margin": -67.4,
            "gross_margin_4q_avg": -42.39,
            "net_income": -17639,
            "revenue": 11227,
            "common_shares": 360123,
            "book_valuer_per_share": 8.24,
            "book_valuer_per_share_4q_avg": 6.21,
            "equity": 314571,
            "current_ratio": 81.94,
            "debt_ratio": 37.18,
            "inventory_turnover_ratio": 1.86,
            "account_receivable_turnover_ratio": 0.62,
            "reinvestment_rate": null,
            "research_to_sale_ratio": null,
            "price_fair": 0,
            "eps_avg_yearly": 0,
            "eps_latest_yearly": 0,
            "eps_growth_yearly": 0
        },
        "20142": {
            "year_quarter": 20142,
            "year": 2014,
            "quarter": 2,
            "eps": -0.43,
            "eps_growth_year": null,
            "eps_4q": -3.65,
            "eps_4q_growth_year": null,
            "roe": -5.68,
            "roe_4q": -39.6,
            "gross_profit": -4797,
            "gross_margin": -19.94,
            "gross_margin_4q_avg": -46.1,
            "net_income": -17302,
            "revenue": 24055,
            "common_shares": 360123,
            "book_valuer_per_share": 7.75,
            "book_valuer_per_share_4q_avg": 7.12,
            "equity": 294712,
            "current_ratio": 76.53,
            "debt_ratio": 39.01,
            "inventory_turnover_ratio": 3.18,
            "account_receivable_turnover_ratio": 1.38,
            "reinvestment_rate": null,
            "research_to_sale_ratio": null,
            "price_fair": 0,
            "eps_avg_yearly": 0,
            "eps_latest_yearly": 0,
            "eps_growth_yearly": 0
        },
        "20143": {
            "year_quarter": 20143,
            "year": 2014,
            "quarter": 3,
            "eps": -0.32,
            "eps_growth_year": null,
            "eps_4q": -3.11,
            "eps_4q_growth_year": null,
            "roe": -4.43,
            "roe_4q": -36.489999999999995,
            "gross_profit": -2647,
            "gross_margin": -12.92,
            "gross_margin_4q_avg": -47.04,
            "net_income": -12837,
            "revenue": 20488,
            "common_shares": 360123,
            "book_valuer_per_share": 7.5,
            "book_valuer_per_share_4q_avg": 8.05,
            "equity": 284983,
            "current_ratio": 72.25,
            "debt_ratio": 41.14,
            "inventory_turnover_ratio": 3,
            "account_receivable_turnover_ratio": 0.99,
            "reinvestment_rate": null,
            "research_to_sale_ratio": null,
            "price_fair": 0,
            "eps_avg_yearly": 0,
            "eps_latest_yearly": 0,
            "eps_growth_yearly": 0
        },
        "20144": {
            "year_quarter": 20144,
            "year": 2014,
            "quarter": 4,
            "eps": -0.48,
            "eps_growth_year": null,
            "eps_4q": -1.68,
            "eps_4q_growth_year": null,
            "roe": -7.18,
            "roe_4q": -22.74,
            "gross_profit": -10552,
            "gross_margin": -53.39,
            "gross_margin_4q_avg": -38.41,
            "net_income": -19880,
            "revenue": 19764,
            "common_shares": 360123,
            "book_valuer_per_share": 7.1,
            "book_valuer_per_share_4q_avg": 7.65,
            "equity": 268592,
            "current_ratio": 68.11,
            "debt_ratio": 43.53,
            "inventory_turnover_ratio": 5.47,
            "account_receivable_turnover_ratio": 0.93,
            "reinvestment_rate": null,
            "research_to_sale_ratio": null,
            "price_fair": 0,
            "eps_avg_yearly": 0,
            "eps_latest_yearly": 0,
            "eps_growth_yearly": 0
        },
        "20151": {
            "year_quarter": 20151,
            "year": 2015,
            "quarter": 1,
            "eps": -0.49,
            "eps_growth_year": null,
            "eps_4q": -1.73,
            "eps_4q_growth_year": null,
            "roe": -7.55,
            "roe_4q": -24.84,
            "gross_profit": -3306,
            "gross_margin": -21.39,
            "gross_margin_4q_avg": -26.91,
            "net_income": -19501,
            "revenue": 15459,
            "common_shares": 360123,
            "book_valuer_per_share": 6.59,
            "book_valuer_per_share_4q_avg": 7.24,
            "equity": 248094,
            "current_ratio": 66.06,
            "debt_ratio": 44.73,
            "inventory_turnover_ratio": 3.57,
            "account_receivable_turnover_ratio": 0.85,
            "reinvestment_rate": null,
            "research_to_sale_ratio": null,
            "price_fair": 0,
            "eps_avg_yearly": 0,
            "eps_latest_yearly": 0,
            "eps_growth_yearly": 0
        },
        "20152": {
            "year_quarter": 20152,
            "year": 2015,
            "quarter": 2,
            "eps": -0.48,
            "eps_growth_year": null,
            "eps_4q": -1.58,
            "eps_4q_growth_year": null,
            "roe": -6.01,
            "roe_4q": -25.169999999999998,
            "gross_profit": -2338,
            "gross_margin": -13.67,
            "gross_margin_4q_avg": -25.34,
            "net_income": -14782,
            "revenue": 17099,
            "common_shares": 381723,
            "book_valuer_per_share": 6.13,
            "book_valuer_per_share_4q_avg": 6.83,
            "equity": 243416,
            "current_ratio": 67.6,
            "debt_ratio": 44.3,
            "inventory_turnover_ratio": 2.86,
            "account_receivable_turnover_ratio": 1.06,
            "reinvestment_rate": null,
            "research_to_sale_ratio": null,
            "price_fair": 0,
            "eps_avg_yearly": 0,
            "eps_latest_yearly": 0,
            "eps_growth_yearly": 0
        },
        "20153": {
            "year_quarter": 20153,
            "year": 2015,
            "quarter": 3,
            "eps": 0.05,
            "eps_growth_year": null,
            "eps_4q": -1.05,
            "eps_4q_growth_year": null,
            "roe": 2.15,
            "roe_4q": -18.59,
            "gross_profit": -5495,
            "gross_margin": -31.07,
            "gross_margin_4q_avg": -29.88,
            "net_income": 5784,
            "revenue": 17686,
            "common_shares": 431723,
            "book_valuer_per_share": 6.06,
            "book_valuer_per_share_4q_avg": 6.47,
            "equity": 294344,
            "current_ratio": 213.38,
            "debt_ratio": 32.88,
            "inventory_turnover_ratio": 3.97,
            "account_receivable_turnover_ratio": 0.8,
            "reinvestment_rate": null,
            "research_to_sale_ratio": null,
            "price_fair": 0,
            "eps_avg_yearly": 0,
            "eps_latest_yearly": 0,
            "eps_growth_yearly": 0
        },
        "20154": {
            "year_quarter": 20154,
            "year": 2015,
            "quarter": 4,
            "eps": -0.98,
            "eps_growth_year": null,
            "eps_4q": -1.62,
            "eps_4q_growth_year": null,
            "roe": -19.21,
            "roe_4q": -30.62,
            "gross_profit": -6456,
            "gross_margin": -34.87,
            "gross_margin_4q_avg": -25.25,
            "net_income": -51310,
            "revenue": 18514,
            "common_shares": 461723,
            "book_valuer_per_share": 5.02,
            "book_valuer_per_share_4q_avg": 5.95,
            "equity": 239842,
            "current_ratio": 261.63,
            "debt_ratio": 37.68,
            "inventory_turnover_ratio": 9.35,
            "account_receivable_turnover_ratio": 0.77,
            "reinvestment_rate": null,
            "research_to_sale_ratio": null,
            "price_fair": 0,
            "eps_avg_yearly": 0,
            "eps_latest_yearly": 0,
            "eps_growth_yearly": 0
        },
        "20161": {
            "year_quarter": 20161,
            "year": 2016,
            "quarter": 1,
            "eps": -0.4,
            "eps_growth_year": null,
            "eps_4q": -1.64,
            "eps_4q_growth_year": null,
            "roe": -8.78,
            "roe_4q": -31.85,
            "gross_profit": -6153,
            "gross_margin": -98.78,
            "gross_margin_4q_avg": -44.6,
            "net_income": -20158,
            "revenue": 6229,
            "common_shares": 461723,
            "book_valuer_per_share": 4.62,
            "book_valuer_per_share_4q_avg": 5.46,
            "equity": 219602,
            "current_ratio": 726.58,
            "debt_ratio": 35.91,
            "inventory_turnover_ratio": null,
            "account_receivable_turnover_ratio": 0.53,
            "reinvestment_rate": null,
            "research_to_sale_ratio": null,
            "price_fair": 0,
            "eps_avg_yearly": 0,
            "eps_latest_yearly": 0,
            "eps_growth_yearly": 0
        },
        "20162": {
            "year_quarter": 20162,
            "year": 2016,
            "quarter": 2,
            "eps": -0.46,
            "eps_growth_year": null,
            "eps_4q": -1.81,
            "eps_4q_growth_year": null,
            "roe": -10.64,
            "roe_4q": -36.480000000000004,
            "gross_profit": 2080,
            "gross_margin": 33.12,
            "gross_margin_4q_avg": -32.9,
            "net_income": -22124,
            "revenue": 6281,
            "common_shares": 461723,
            "book_valuer_per_share": 4.13,
            "book_valuer_per_share_4q_avg": 4.96,
            "equity": 196326,
            "current_ratio": 228.77,
            "debt_ratio": 40.66,
            "inventory_turnover_ratio": 1.36,
            "account_receivable_turnover_ratio": 1.56,
            "reinvestment_rate": null,
            "research_to_sale_ratio": null,
            "price_fair": 0,
            "eps_avg_yearly": 0,
            "eps_latest_yearly": 0,
            "eps_growth_yearly": 0
        },
        "20163": {
            "year_quarter": 20163,
            "year": 2016,
            "quarter": 3,
            "eps": 4.02,
            "eps_growth_year": 7940,
            "eps_4q": 2.17,
            "eps_4q_growth_year": null,
            "roe": 70.92,
            "roe_4q": 32.29,
            "gross_profit": 2700,
            "gross_margin": 32.39,
            "gross_margin_4q_avg": -17.04,
            "net_income": 185449,
            "revenue": 8337,
            "common_shares": 461723,
            "book_valuer_per_share": 7.07,
            "book_valuer_per_share_4q_avg": 5.21,
            "equity": 326618,
            "current_ratio": 680.97,
            "debt_ratio": 13.8,
            "inventory_turnover_ratio": 0.81,
            "account_receivable_turnover_ratio": 1.43,
            "reinvestment_rate": null,
            "research_to_sale_ratio": null,
            "price_fair": 0,
            "eps_avg_yearly": 0,
            "eps_latest_yearly": 0,
            "eps_growth_yearly": 0
        },
        "20164": {
            "year_quarter": 20164,
            "year": 2016,
            "quarter": 4,
            "eps": 0.01,
            "eps_growth_year": null,
            "eps_4q": 3.17,
            "eps_4q_growth_year": null,
            "roe": 0.18,
            "roe_4q": 51.68000000000001,
            "gross_profit": 3909,
            "gross_margin": 40.12,
            "gross_margin_4q_avg": 1.71,
            "net_income": 573,
            "revenue": 9743,
            "common_shares": 461723,
            "book_valuer_per_share": 7.09,
            "book_valuer_per_share_4q_avg": 5.73,
            "equity": 327191,
            "current_ratio": 1590.32,
            "debt_ratio": 5.86,
            "inventory_turnover_ratio": 0.73,
            "account_receivable_turnover_ratio": 1.44,
            "reinvestment_rate": null,
            "research_to_sale_ratio": null,
            "price_fair": 0.12,
            "eps_avg_yearly": 0.04,
            "eps_latest_yearly": 0.04,
            "eps_growth_yearly": -399
        },
        "20171": {
            "year_quarter": 20171,
            "year": 2017,
            "quarter": 1,
            "eps": -0.36,
            "eps_growth_year": null,
            "eps_4q": 3.2,
            "eps_4q_growth_year": null,
            "roe": -5.14,
            "roe_4q": 55.32000000000001,
            "gross_profit": 3245,
            "gross_margin": 35.01,
            "gross_margin_4q_avg": 35.16,
            "net_income": -16768,
            "revenue": 9269,
            "common_shares": 461723,
            "book_valuer_per_share": 6.72,
            "book_valuer_per_share_4q_avg": 6.25,
            "equity": 325423,
            "current_ratio": 1793.09,
            "debt_ratio": 5.19,
            "inventory_turnover_ratio": 0.7,
            "account_receivable_turnover_ratio": 1.28,
            "reinvestment_rate": null,
            "research_to_sale_ratio": null,
            "price_fair": 0.12,
            "eps_avg_yearly": 0.04,
            "eps_latest_yearly": 0.04,
            "eps_growth_yearly": -399
        },
        "20172": {
            "year_quarter": 20172,
            "year": 2017,
            "quarter": 2,
            "eps": -0.08,
            "eps_growth_year": null,
            "eps_4q": 3.59,
            "eps_4q_growth_year": null,
            "roe": -1.3,
            "roe_4q": 64.66,
            "gross_profit": 2668,
            "gross_margin": 22.58,
            "gross_margin_4q_avg": 32.53,
            "net_income": -4194,
            "revenue": 11816,
            "common_shares": 461723,
            "book_valuer_per_share": 6.65,
            "book_valuer_per_share_4q_avg": 6.88,
            "equity": 321229,
            "current_ratio": 1733.09,
            "debt_ratio": 5.32,
            "inventory_turnover_ratio": 0.89,
            "account_receivable_turnover_ratio": 1.32,
            "reinvestment_rate": null,
            "research_to_sale_ratio": null,
            "price_fair": 0.12,
            "eps_avg_yearly": 0.04,
            "eps_latest_yearly": 0.04,
            "eps_growth_yearly": -399
        },
        "20173": {
            "year_quarter": 20173,
            "year": 2017,
            "quarter": 3,
            "eps": -0.04,
            "eps_growth_year": -101,
            "eps_4q": -0.47,
            "eps_4q_growth_year": -121.48,
            "roe": -0.75,
            "roe_4q": -7.01,
            "gross_profit": 4787,
            "gross_margin": 72.95,
            "gross_margin_4q_avg": 42.67,
            "net_income": -2409,
            "revenue": 6562,
            "common_shares": 461723,
            "book_valuer_per_share": 6.61,
            "book_valuer_per_share_4q_avg": 6.77,
            "equity": 318820,
            "current_ratio": 1589.59,
            "debt_ratio": 5.49,
            "inventory_turnover_ratio": 0.12,
            "account_receivable_turnover_ratio": 0.25,
            "reinvestment_rate": null,
            "research_to_sale_ratio": null,
            "price_fair": 0.12,
            "eps_avg_yearly": 0.04,
            "eps_latest_yearly": 0.04,
            "eps_growth_yearly": -399
        },
        "20174": {
            "year_quarter": 20174,
            "year": 2017,
            "quarter": 4,
            "eps": -0.06,
            "eps_growth_year": -605.94,
            "eps_4q": -0.54,
            "eps_4q_growth_year": -117.1,
            "roe": -1.59,
            "roe_4q": -8.78,
            "gross_profit": 2459,
            "gross_margin": 14.92,
            "gross_margin_4q_avg": 36.37,
            "net_income": -5013,
            "revenue": 16477,
            "common_shares": 461723,
            "book_valuer_per_share": 6.54,
            "book_valuer_per_share_4q_avg": 6.63,
            "equity": 313669,
            "current_ratio": 1364.92,
            "debt_ratio": 6.23,
            "inventory_turnover_ratio": 0.8,
            "account_receivable_turnover_ratio": 0.33,
            "reinvestment_rate": null,
            "research_to_sale_ratio": null,
            "price_fair": 0.12,
            "eps_avg_yearly": 0.04,
            "eps_latest_yearly": 0.04,
            "eps_growth_yearly": -399
        },
        "20181": {
            "year_quarter": 20181,
            "year": 2018,
            "quarter": 1,
            "eps": 0.17,
            "eps_growth_year": null,
            "eps_4q": -0,
            "eps_4q_growth_year": -100.13,
            "roe": 2.42,
            "roe_4q": -1.2200000000000002,
            "gross_profit": 4761,
            "gross_margin": 30.56,
            "gross_margin_4q_avg": 35.25,
            "net_income": 7715,
            "revenue": 15580,
            "common_shares": 461723,
            "book_valuer_per_share": 6.8,
            "book_valuer_per_share_4q_avg": 6.65,
            "equity": 325235,
            "current_ratio": 1334.35,
            "debt_ratio": 6.38,
            "inventory_turnover_ratio": 1.19,
            "account_receivable_turnover_ratio": 0.52,
            "reinvestment_rate": -1574.79,
            "research_to_sale_ratio": null,
            "price_fair": 0.12,
            "eps_avg_yearly": 0.04,
            "eps_latest_yearly": 0.04,
            "eps_growth_yearly": -399
        },
        "20182": {
            "year_quarter": 20182,
            "year": 2018,
            "quarter": 2,
            "eps": -0.01,
            "eps_growth_year": null,
            "eps_4q": 0.06,
            "eps_4q_growth_year": -98.27,
            "roe": -0.05,
            "roe_4q": 0.030000000000000027,
            "gross_profit": 2442,
            "gross_margin": 27.19,
            "gross_margin_4q_avg": 36.41,
            "net_income": -156,
            "revenue": 8980,
            "common_shares": 461723,
            "book_valuer_per_share": 6.79,
            "book_valuer_per_share_4q_avg": 6.69,
            "equity": 324913,
            "current_ratio": 5137.5,
            "debt_ratio": 1.65,
            "inventory_turnover_ratio": 4.28,
            "account_receivable_turnover_ratio": 2.21,
            "reinvestment_rate": -599.84,
            "research_to_sale_ratio": null,
            "price_fair": 0.12,
            "eps_avg_yearly": 0.04,
            "eps_latest_yearly": 0.04,
            "eps_growth_yearly": -399
        },
        "20183": {
            "year_quarter": 20183,
            "year": 2018,
            "quarter": 3,
            "eps": -0.09,
            "eps_growth_year": null,
            "eps_4q": 0.02,
            "eps_4q_growth_year": null,
            "roe": -0.96,
            "roe_4q": -0.18000000000000016,
            "gross_profit": 3003,
            "gross_margin": 43.08,
            "gross_margin_4q_avg": 28.94,
            "net_income": -3105,
            "revenue": 6970,
            "common_shares": 461723,
            "book_valuer_per_share": 6.69,
            "book_valuer_per_share_4q_avg": 6.71,
            "equity": 321305,
            "current_ratio": 4822.45,
            "debt_ratio": 1.76,
            "inventory_turnover_ratio": 2.48,
            "account_receivable_turnover_ratio": 1.06,
            "reinvestment_rate": -453.01,
            "research_to_sale_ratio": null,
            "price_fair": 0.12,
            "eps_avg_yearly": 0.04,
            "eps_latest_yearly": 0.04,
            "eps_growth_yearly": -399
        },
        "20184": {
            "year_quarter": 20184,
            "year": 2018,
            "quarter": 4,
            "eps": 0.03,
            "eps_growth_year": null,
            "eps_4q": 0.11,
            "eps_4q_growth_year": null,
            "roe": 0.55,
            "roe_4q": 1.96,
            "gross_profit": 2323,
            "gross_margin": 46.31,
            "gross_margin_4q_avg": 36.79,
            "net_income": 1784,
            "revenue": 5016,
            "common_shares": 461723,
            "book_valuer_per_share": 6.74,
            "book_valuer_per_share_4q_avg": 6.76,
            "equity": 324223,
            "current_ratio": 5151.2,
            "debt_ratio": 1.63,
            "inventory_turnover_ratio": 1.11,
            "account_receivable_turnover_ratio": 0.8,
            "reinvestment_rate": -261.02,
            "research_to_sale_ratio": null,
            "price_fair": 0.12,
            "eps_avg_yearly": 0.04,
            "eps_latest_yearly": 0.04,
            "eps_growth_yearly": -399
        },
        "20191": {
            "year_quarter": 20191,
            "year": 2019,
            "quarter": 1,
            "eps": -0.1,
            "eps_growth_year": -158.82,
            "eps_4q": -0.16,
            "eps_4q_growth_year": null,
            "roe": -1.25,
            "roe_4q": -1.71,
            "gross_profit": 1671,
            "gross_margin": 47.53,
            "gross_margin_4q_avg": 41.03,
            "net_income": -4002,
            "revenue": 3516,
            "common_shares": 461723,
            "book_valuer_per_share": 6.65,
            "book_valuer_per_share_4q_avg": 6.72,
            "equity": 315865,
            "current_ratio": 5816.67,
            "debt_ratio": 1.44,
            "inventory_turnover_ratio": 0.49,
            "account_receivable_turnover_ratio": 0.92,
            "reinvestment_rate": -183.76,
            "research_to_sale_ratio": null,
            "price_fair": 0.12,
            "eps_avg_yearly": 0.04,
            "eps_latest_yearly": 0.04,
            "eps_growth_yearly": -399
        },
        "20192": {
            "year_quarter": 20192,
            "year": 2019,
            "quarter": 2,
            "eps": -0.08,
            "eps_growth_year": null,
            "eps_4q": -0.24,
            "eps_4q_growth_year": -482.32,
            "roe": -1.01,
            "roe_4q": -2.67,
            "gross_profit": 3862,
            "gross_margin": 53.25,
            "gross_margin_4q_avg": 47.54,
            "net_income": -3222,
            "revenue": 7253,
            "common_shares": 461723,
            "book_valuer_per_share": 6.57,
            "book_valuer_per_share_4q_avg": 6.66,
            "equity": 321215,
            "current_ratio": 2524.52,
            "debt_ratio": 5.88,
            "inventory_turnover_ratio": 0.69,
            "account_receivable_turnover_ratio": 2.41,
            "reinvestment_rate": -144.29,
            "research_to_sale_ratio": null,
            "price_fair": 0.12,
            "eps_avg_yearly": 0.04,
            "eps_latest_yearly": 0.04,
            "eps_growth_yearly": -399
        },
        "20193": {
            "year_quarter": 20193,
            "year": 2019,
            "quarter": 3,
            "eps": -0.07,
            "eps_growth_year": null,
            "eps_4q": -0.23,
            "eps_4q_growth_year": -1445.27,
            "roe": -1.09,
            "roe_4q": -2.8,
            "gross_profit": 4200,
            "gross_margin": 45.96,
            "gross_margin_4q_avg": 48.26,
            "net_income": -3488,
            "revenue": 9138,
            "common_shares": 461723,
            "book_valuer_per_share": 6.48,
            "book_valuer_per_share_4q_avg": 6.61,
            "equity": 317176,
            "current_ratio": 2003.72,
            "debt_ratio": 7.51,
            "inventory_turnover_ratio": 0.94,
            "account_receivable_turnover_ratio": 1.12,
            "reinvestment_rate": -156.54,
            "research_to_sale_ratio": null,
            "price_fair": 0.12,
            "eps_avg_yearly": 0.04,
            "eps_latest_yearly": 0.04,
            "eps_growth_yearly": -399
        },
        "20194": {
            "year_quarter": 20194,
            "year": 2019,
            "quarter": 4,
            "eps": -0.13,
            "eps_growth_year": -604.5,
            "eps_4q": -0.38,
            "eps_4q_growth_year": -462.46,
            "roe": -1.9,
            "roe_4q": -5.25,
            "gross_profit": 2073,
            "gross_margin": 22.53,
            "gross_margin_4q_avg": 42.32,
            "net_income": -5973,
            "revenue": 9201,
            "common_shares": 461723,
            "book_valuer_per_share": 6.37,
            "book_valuer_per_share_4q_avg": 6.52,
            "equity": 310306,
            "current_ratio": 1734.88,
            "debt_ratio": 7.76,
            "inventory_turnover_ratio": 1.62,
            "account_receivable_turnover_ratio": 0.91,
            "reinvestment_rate": -50.46,
            "research_to_sale_ratio": null,
            "price_fair": 0.12,
            "eps_avg_yearly": 0.04,
            "eps_latest_yearly": 0.04,
            "eps_growth_yearly": -399
        },
        "20201": {
            "year_quarter": 20201,
            "year": 2020,
            "quarter": 1,
            "eps": -0.04,
            "eps_growth_year": null,
            "eps_4q": -0.33,
            "eps_4q_growth_year": null,
            "roe": -0.6,
            "roe_4q": -4.6,
            "gross_profit": 3662,
            "gross_margin": 37.28,
            "gross_margin_4q_avg": 39.76,
            "net_income": -1838,
            "revenue": 9824,
            "common_shares": 461723,
            "book_valuer_per_share": 6.26,
            "book_valuer_per_share_4q_avg": 6.42,
            "equity": 305563,
            "current_ratio": 2119.67,
            "debt_ratio": 6.76,
            "inventory_turnover_ratio": 1.69,
            "account_receivable_turnover_ratio": 1.55,
            "reinvestment_rate": -37.49,
            "research_to_sale_ratio": null,
            "price_fair": 0.12,
            "eps_avg_yearly": 0.04,
            "eps_latest_yearly": 0.04,
            "eps_growth_yearly": -399
        },
        "20202": {
            "year_quarter": 20202,
            "year": 2020,
            "quarter": 2,
            "eps": -0.07,
            "eps_growth_year": null,
            "eps_4q": -0.32,
            "eps_4q_growth_year": null,
            "roe": -0.88,
            "roe_4q": -4.47,
            "gross_profit": 5302,
            "gross_margin": 50.4,
            "gross_margin_4q_avg": 39.04,
            "net_income": -2664,
            "revenue": 10519,
            "common_shares": 461723,
            "book_valuer_per_share": 6.18,
            "book_valuer_per_share_4q_avg": 6.32,
            "equity": 302306,
            "current_ratio": 1552.39,
            "debt_ratio": 7.74,
            "inventory_turnover_ratio": 1.36,
            "account_receivable_turnover_ratio": 0.71,
            "reinvestment_rate": 9.81,
            "research_to_sale_ratio": null,
            "price_fair": 0.12,
            "eps_avg_yearly": 0.04,
            "eps_latest_yearly": 0.04,
            "eps_growth_yearly": -399
        },
        "20203": {
            "year_quarter": 20203,
            "year": 2020,
            "quarter": 3,
            "eps": -0.08,
            "eps_growth_year": null,
            "eps_4q": -0.32,
            "eps_4q_growth_year": null,
            "roe": -1.21,
            "roe_4q": -4.59,
            "gross_profit": 3822,
            "gross_margin": 46.29,
            "gross_margin_4q_avg": 39.13,
            "net_income": -3661,
            "revenue": 8257,
            "common_shares": 461723,
            "book_valuer_per_share": 6.19,
            "book_valuer_per_share_4q_avg": 6.25,
            "equity": 302551,
            "current_ratio": 1452.06,
            "debt_ratio": 7.51,
            "inventory_turnover_ratio": 0.99,
            "account_receivable_turnover_ratio": 0.31,
            "reinvestment_rate": null,
            "research_to_sale_ratio": null,
            "price_fair": 0.12,
            "eps_avg_yearly": 0.04,
            "eps_latest_yearly": 0.04,
            "eps_growth_yearly": -399
        },
        "20204": {
            "year_quarter": 20204,
            "year": 2020,
            "quarter": 4,
            "eps": -0.31,
            "eps_growth_year": null,
            "eps_4q": -0.49,
            "eps_4q_growth_year": null,
            "roe": -4.96,
            "roe_4q": -7.6499999999999995,
            "gross_profit": 3518,
            "gross_margin": 39.84,
            "gross_margin_4q_avg": 43.45,
            "net_income": -14664,
            "revenue": 8830,
            "common_shares": 461723,
            "book_valuer_per_share": 5.89,
            "book_valuer_per_share_4q_avg": 6.13,
            "equity": 288181,
            "current_ratio": 1078.53,
            "debt_ratio": 9.57,
            "inventory_turnover_ratio": 1.02,
            "account_receivable_turnover_ratio": 0.47,
            "reinvestment_rate": null,
            "research_to_sale_ratio": null,
            "price_fair": 0,
            "eps_avg_yearly": 0,
            "eps_latest_yearly": 0,
            "eps_growth_yearly": 0
        },
        "20211": {
            "year_quarter": 20211,
            "year": 2021,
            "quarter": 1,
            "eps": -0.18,
            "eps_growth_year": null,
            "eps_4q": -0.63,
            "eps_4q_growth_year": null,
            "roe": -3.5,
            "roe_4q": -10.550000000000002,
            "gross_profit": 11827,
            "gross_margin": 28.54,
            "gross_margin_4q_avg": 41.27,
            "net_income": -9906,
            "revenue": 41444,
            "common_shares": 461723,
            "book_valuer_per_share": 5.71,
            "book_valuer_per_share_4q_avg": 5.99,
            "equity": 278336,
            "current_ratio": 383.35,
            "debt_ratio": 23.81,
            "inventory_turnover_ratio": 6.7,
            "account_receivable_turnover_ratio": 3.18,
            "reinvestment_rate": null,
            "research_to_sale_ratio": null,
            "price_fair": 0,
            "eps_avg_yearly": 0,
            "eps_latest_yearly": 0,
            "eps_growth_yearly": 0
        },
        "20212": {
            "year_quarter": 20212,
            "year": 2021,
            "quarter": 2,
            "eps": -0.2,
            "eps_growth_year": null,
            "eps_4q": -0.76,
            "eps_4q_growth_year": null,
            "roe": -2.97,
            "roe_4q": -12.64,
            "gross_profit": 12241,
            "gross_margin": 33.25,
            "gross_margin_4q_avg": 36.98,
            "net_income": -8168,
            "revenue": 36820,
            "common_shares": 461723,
            "book_valuer_per_share": 5.55,
            "book_valuer_per_share_4q_avg": 5.84,
            "equity": 271828,
            "current_ratio": 495.09,
            "debt_ratio": 20.22,
            "inventory_turnover_ratio": 7.49,
            "account_receivable_turnover_ratio": 2.49,
            "reinvestment_rate": null,
            "research_to_sale_ratio": null,
            "price_fair": 0,
            "eps_avg_yearly": 0,
            "eps_latest_yearly": 0,
            "eps_growth_yearly": 0
        },
        "20213": {
            "year_quarter": 20213,
            "year": 2021,
            "quarter": 3,
            "eps": -0.04,
            "eps_growth_year": null,
            "eps_4q": -0.73,
            "eps_4q_growth_year": null,
            "roe": -0.37,
            "roe_4q": -11.8,
            "gross_profit": 12577,
            "gross_margin": 35.03,
            "gross_margin_4q_avg": 34.17,
            "net_income": -1017,
            "revenue": 35906,
            "common_shares": 461723,
            "book_valuer_per_share": 5.57,
            "book_valuer_per_share_4q_avg": 5.68,
            "equity": 273584,
            "current_ratio": 386.06,
            "debt_ratio": 22.08,
            "inventory_turnover_ratio": 5.78,
            "account_receivable_turnover_ratio": 2.64,
            "reinvestment_rate": null,
            "research_to_sale_ratio": null,
            "price_fair": 0,
            "eps_avg_yearly": 0,
            "eps_latest_yearly": 0,
            "eps_growth_yearly": 0
        },
        "20214": {
            "year_quarter": 20214,
            "year": 2021,
            "quarter": 4,
            "eps": -0.05,
            "eps_growth_year": null,
            "eps_4q": -0.44,
            "eps_4q_growth_year": null,
            "roe": -0.46,
            "roe_4q": -7.300000000000001,
            "gross_profit": 16185,
            "gross_margin": 35.57,
            "gross_margin_4q_avg": 33.1,
            "net_income": -1272,
            "revenue": 45496,
            "common_shares": 494373,
            "book_valuer_per_share": 5.47,
            "book_valuer_per_share_4q_avg": 5.58,
            "equity": 284134,
            "current_ratio": 460.11,
            "debt_ratio": 20.34,
            "inventory_turnover_ratio": 6.2,
            "account_receivable_turnover_ratio": 2.79,
            "reinvestment_rate": null,
            "research_to_sale_ratio": null,
            "price_fair": 0,
            "eps_avg_yearly": 0,
            "eps_latest_yearly": 0,
            "eps_growth_yearly": 0
        },
        "20221": {
            "year_quarter": 20221,
            "year": 2022,
            "quarter": 1,
            "eps": -0.09,
            "eps_growth_year": null,
            "eps_4q": -0.36,
            "eps_4q_growth_year": null,
            "roe": -1.12,
            "roe_4q": -4.92,
            "gross_profit": 16857,
            "gross_margin": 39.96,
            "gross_margin_4q_avg": 35.95,
            "net_income": -3178,
            "revenue": 42183,
            "common_shares": 494373,
            "book_valuer_per_share": 5.42,
            "book_valuer_per_share_4q_avg": 5.5,
            "equity": 282984,
            "current_ratio": 348.24,
            "debt_ratio": 25.8,
            "inventory_turnover_ratio": 5.45,
            "account_receivable_turnover_ratio": 2.75,
            "reinvestment_rate": null,
            "research_to_sale_ratio": null,
            "price_fair": 0,
            "eps_avg_yearly": 0,
            "eps_latest_yearly": 0,
            "eps_growth_yearly": 0
        },
        "20222": {
            "year_quarter": 20222,
            "year": 2022,
            "quarter": 2,
            "eps": -0.12,
            "eps_growth_year": null,
            "eps_4q": -0.3,
            "eps_4q_growth_year": null,
            "roe": -1.81,
            "roe_4q": -3.7600000000000002,
            "gross_profit": 17554,
            "gross_margin": 36.7,
            "gross_margin_4q_avg": 36.82,
            "net_income": -4898,
            "revenue": 47827,
            "common_shares": 494373,
            "book_valuer_per_share": 4.92,
            "book_valuer_per_share_4q_avg": 5.35,
            "equity": 258412,
            "current_ratio": 358.2,
            "debt_ratio": 27.95,
            "inventory_turnover_ratio": 4.73,
            "account_receivable_turnover_ratio": 3.52,
            "reinvestment_rate": null,
            "research_to_sale_ratio": null,
            "price_fair": 0,
            "eps_avg_yearly": 0,
            "eps_latest_yearly": 0,
            "eps_growth_yearly": 0
        },
        "20223": {
            "year_quarter": 20223,
            "year": 2022,
            "quarter": 3,
            "eps": 0.04,
            "eps_growth_year": null,
            "eps_4q": -0.22,
            "eps_4q_growth_year": null,
            "roe": 1.25,
            "roe_4q": -2.14,
            "gross_profit": 23468,
            "gross_margin": 40.52,
            "gross_margin_4q_avg": 38.19,
            "net_income": 3247,
            "revenue": 57915,
            "common_shares": 494373,
            "book_valuer_per_share": 4.93,
            "book_valuer_per_share_4q_avg": 5.19,
            "equity": 260166,
            "current_ratio": 326.93,
            "debt_ratio": 28.92,
            "inventory_turnover_ratio": 4.55,
            "account_receivable_turnover_ratio": 4.93,
            "reinvestment_rate": null,
            "research_to_sale_ratio": null,
            "price_fair": 0,
            "eps_avg_yearly": 0,
            "eps_latest_yearly": 0,
            "eps_growth_yearly": 0
        },
        "20224": {
            "year_quarter": 20224,
            "year": 2022,
            "quarter": 4,
            "eps": -0.09,
            "eps_growth_year": null,
            "eps_4q": -0.27,
            "eps_4q_growth_year": null,
            "roe": -1.54,
            "roe_4q": -3.22,
            "gross_profit": 14798,
            "gross_margin": 30.36,
            "gross_margin_4q_avg": 36.89,
            "net_income": -3945,
            "revenue": 48749,
            "common_shares": 494373,
            "book_valuer_per_share": 4.74,
            "book_valuer_per_share_4q_avg": 5,
            "equity": 251443,
            "current_ratio": 365.83,
            "debt_ratio": 26.58,
            "inventory_turnover_ratio": 4.16,
            "account_receivable_turnover_ratio": 4.5,
            "reinvestment_rate": null,
            "research_to_sale_ratio": null,
            "price_fair": 0,
            "eps_avg_yearly": 0,
            "eps_latest_yearly": 0,
            "eps_growth_yearly": 0
        },
        "20231": {
            "year_quarter": 20231,
            "year": 2023,
            "quarter": 1,
            "eps": -0.19,
            "eps_growth_year": null,
            "eps_4q": -0.37,
            "eps_4q_growth_year": null,
            "roe": -3.29,
            "roe_4q": -5.390000000000001,
            "gross_profit": 12167,
            "gross_margin": 29.71,
            "gross_margin_4q_avg": 34.32,
            "net_income": -8148,
            "revenue": 40958,
            "common_shares": 494373,
            "book_valuer_per_share": 4.55,
            "book_valuer_per_share_4q_avg": 4.79,
            "equity": 243344,
            "current_ratio": 379.14,
            "debt_ratio": 25.86,
            "inventory_turnover_ratio": 3.16,
            "account_receivable_turnover_ratio": 3.82,
            "reinvestment_rate": null,
            "research_to_sale_ratio": null,
            "price_fair": 0,
            "eps_avg_yearly": 0,
            "eps_latest_yearly": 0,
            "eps_growth_yearly": 0
        },
        "20232": {
            "year_quarter": 20232,
            "year": 2023,
            "quarter": 2,
            "eps": -0.27,
            "eps_growth_year": null,
            "eps_4q": -0.51,
            "eps_4q_growth_year": null,
            "roe": -5.17,
            "roe_4q": -8.75,
            "gross_profit": 13462,
            "gross_margin": 32.01,
            "gross_margin_4q_avg": 33.15,
            "net_income": -12156,
            "revenue": 42052,
            "common_shares": 494373,
            "book_valuer_per_share": 4.28,
            "book_valuer_per_share_4q_avg": 4.63,
            "equity": 226963,
            "current_ratio": 279.48,
            "debt_ratio": 30.02,
            "inventory_turnover_ratio": 2.86,
            "account_receivable_turnover_ratio": 4.69,
            "reinvestment_rate": null,
            "research_to_sale_ratio": null,
            "price_fair": 0,
            "eps_avg_yearly": 0,
            "eps_latest_yearly": 0,
            "eps_growth_yearly": 0
        }
    },
    "months": {
        "2001-06": {
            "month": "2001-06",
            "price": "29.72",
            "revenue": 117171
        },
        "2001-07": {
            "month": "2001-07",
            "price": "38.28",
            "revenue": 87029
        },
        "2001-08": {
            "month": "2001-08",
            "price": "41.72",
            "revenue": 88135
        },
        "2001-09": {
            "month": "2001-09",
            "price": "38.41",
            "revenue": 54526
        },
        "2001-10": {
            "month": "2001-10",
            "price": "33.72",
            "revenue": 69478
        },
        "2001-11": {
            "month": "2001-11",
            "price": "32.72",
            "revenue": 45987
        },
        "2001-12": {
            "month": "2001-12",
            "price": "43.20",
            "revenue": 107986
        },
        "2002-01": {
            "month": "2002-01",
            "price": "60.36",
            "revenue": 34143
        },
        "2002-02": {
            "month": "2002-02",
            "price": "60.38",
            "revenue": 58192
        },
        "2002-03": {
            "month": "2002-03",
            "price": "54.88",
            "revenue": 54566
        },
        "2002-04": {
            "month": "2002-04",
            "price": "52.62",
            "revenue": 54215
        },
        "2002-05": {
            "month": "2002-05",
            "price": "49.85",
            "revenue": 113630
        },
        "2002-06": {
            "month": "2002-06",
            "price": "52.06",
            "revenue": 115109
        },
        "2002-07": {
            "month": "2002-07",
            "price": "47.44",
            "revenue": 101368
        },
        "2002-08": {
            "month": "2002-08",
            "price": "41.31",
            "revenue": 143904
        },
        "2002-09": {
            "month": "2002-09",
            "price": "27.04",
            "revenue": 283446
        },
        "2002-10": {
            "month": "2002-10",
            "price": "19.02",
            "revenue": 233339
        },
        "2002-11": {
            "month": "2002-11",
            "price": "31.87",
            "revenue": 253764
        },
        "2002-12": {
            "month": "2002-12",
            "price": "44.44",
            "revenue": 179536
        },
        "2003-01": {
            "month": "2003-01",
            "price": "38.31",
            "revenue": 188275
        },
        "2003-02": {
            "month": "2003-02",
            "price": "33.71",
            "revenue": 107370
        },
        "2003-03": {
            "month": "2003-03",
            "price": "32.39",
            "revenue": 114384
        },
        "2003-04": {
            "month": "2003-04",
            "price": "30.56",
            "revenue": 127135
        },
        "2003-05": {
            "month": "2003-05",
            "price": "23.82",
            "revenue": 136602
        },
        "2003-06": {
            "month": "2003-06",
            "price": "24.63",
            "revenue": 126761
        },
        "2003-07": {
            "month": "2003-07",
            "price": "21.73",
            "revenue": 203082
        },
        "2003-08": {
            "month": "2003-08",
            "price": "18.52",
            "revenue": 248672
        },
        "2003-09": {
            "month": "2003-09",
            "price": "17.08",
            "revenue": 279132
        },
        "2003-10": {
            "month": "2003-10",
            "price": "17.67",
            "revenue": 280722
        },
        "2003-11": {
            "month": "2003-11",
            "price": "19.34",
            "revenue": 228189
        },
        "2003-12": {
            "month": "2003-12",
            "price": "21.18",
            "revenue": 216513
        },
        "2004-01": {
            "month": "2004-01",
            "price": "21.10",
            "revenue": 114784
        },
        "2004-02": {
            "month": "2004-02",
            "price": "21.38",
            "revenue": 161735
        },
        "2004-03": {
            "month": "2004-03",
            "price": "20.19",
            "revenue": 202380
        },
        "2004-04": {
            "month": "2004-04",
            "price": "18.25",
            "revenue": 142043
        },
        "2004-05": {
            "month": "2004-05",
            "price": "12.99",
            "revenue": 146448
        },
        "2004-06": {
            "month": "2004-06",
            "price": "13.10",
            "revenue": 142069
        },
        "2004-07": {
            "month": "2004-07",
            "price": "12.09",
            "revenue": 116630
        },
        "2004-08": {
            "month": "2004-08",
            "price": "10.06",
            "revenue": 106730
        },
        "2004-09": {
            "month": "2004-09",
            "price": "7.28",
            "revenue": 151298
        },
        "2004-10": {
            "month": "2004-10",
            "price": "9.11",
            "revenue": 124767
        },
        "2004-11": {
            "month": "2004-11",
            "price": "9.37",
            "revenue": 136136
        },
        "2004-12": {
            "month": "2004-12",
            "price": "8.59",
            "revenue": 74989
        },
        "2005-01": {
            "month": "2005-01",
            "price": "7.85",
            "revenue": 61246
        },
        "2005-02": {
            "month": "2005-02",
            "price": "6.62",
            "revenue": 41360
        },
        "2005-03": {
            "month": "2005-03",
            "price": "6.39",
            "revenue": 70033
        },
        "2005-04": {
            "month": "2005-04",
            "price": "6.13",
            "revenue": 66520
        },
        "2005-05": {
            "month": "2005-05",
            "price": "5.67",
            "revenue": 64158
        },
        "2005-06": {
            "month": "2005-06",
            "price": "5.98",
            "revenue": 60948
        },
        "2005-07": {
            "month": "2005-07",
            "price": "6.33",
            "revenue": 72436
        },
        "2005-08": {
            "month": "2005-08",
            "price": "6.13",
            "revenue": 70671
        },
        "2005-09": {
            "month": "2005-09",
            "price": "6.06",
            "revenue": 74660
        },
        "2005-10": {
            "month": "2005-10",
            "price": "5.85",
            "revenue": 25625
        },
        "2005-11": {
            "month": "2005-11",
            "price": "5.95",
            "revenue": 47541
        },
        "2005-12": {
            "month": "2005-12",
            "price": "5.93",
            "revenue": 70752
        },
        "2006-01": {
            "month": "2006-01",
            "price": "6.64",
            "revenue": 33795
        },
        "2006-02": {
            "month": "2006-02",
            "price": "8.56",
            "revenue": 43135
        },
        "2006-03": {
            "month": "2006-03",
            "price": "8.50",
            "revenue": 74317
        },
        "2006-04": {
            "month": "2006-04",
            "price": "9.71",
            "revenue": 52383
        },
        "2006-05": {
            "month": "2006-05",
            "price": "10.54",
            "revenue": 36930
        },
        "2006-06": {
            "month": "2006-06",
            "price": "9.40",
            "revenue": 75430
        },
        "2006-07": {
            "month": "2006-07",
            "price": "9.40",
            "revenue": 54757
        },
        "2006-08": {
            "month": "2006-08",
            "price": "9.78",
            "revenue": 41702
        },
        "2006-09": {
            "month": "2006-09",
            "price": "8.94",
            "revenue": 14236
        },
        "2006-10": {
            "month": "2006-10",
            "price": "9.00",
            "revenue": 50613
        },
        "2006-11": {
            "month": "2006-11",
            "price": "8.93",
            "revenue": 43292
        },
        "2006-12": {
            "month": "2006-12",
            "price": "9.44",
            "revenue": 28866
        },
        "2007-01": {
            "month": "2007-01",
            "price": "9.14",
            "revenue": 32842
        },
        "2007-02": {
            "month": "2007-02",
            "price": "8.35",
            "revenue": 33636
        },
        "2007-03": {
            "month": "2007-03",
            "price": "8.58",
            "revenue": 42448
        },
        "2007-04": {
            "month": "2007-04",
            "price": "8.99",
            "revenue": 28468
        },
        "2007-05": {
            "month": "2007-05",
            "price": "8.52",
            "revenue": 33670
        },
        "2007-06": {
            "month": "2007-06",
            "price": "8.99",
            "revenue": 26765
        },
        "2007-07": {
            "month": "2007-07",
            "price": "13.35",
            "revenue": 37095
        },
        "2007-08": {
            "month": "2007-08",
            "price": "12.86",
            "revenue": 39020
        },
        "2007-09": {
            "month": "2007-09",
            "price": "13.89",
            "revenue": 36467
        },
        "2007-10": {
            "month": "2007-10",
            "price": "15.35",
            "revenue": 50879
        },
        "2007-11": {
            "month": "2007-11",
            "price": "20.96",
            "revenue": 38692
        },
        "2007-12": {
            "month": "2007-12",
            "price": "21.57",
            "revenue": 44515
        },
        "2008-01": {
            "month": "2008-01",
            "price": "18.70",
            "revenue": 33971
        },
        "2008-02": {
            "month": "2008-02",
            "price": "17.85",
            "revenue": 142190
        },
        "2008-03": {
            "month": "2008-03",
            "price": "22.06",
            "revenue": 232447
        },
        "2008-04": {
            "month": "2008-04",
            "price": "22.06",
            "revenue": 144603
        },
        "2008-05": {
            "month": "2008-05",
            "price": "17.94",
            "revenue": 153801
        },
        "2008-06": {
            "month": "2008-06",
            "price": "14.30",
            "revenue": 152326
        },
        "2008-07": {
            "month": "2008-07",
            "price": "11.07",
            "revenue": 156413
        },
        "2008-08": {
            "month": "2008-08",
            "price": "9.08",
            "revenue": 164475
        },
        "2008-09": {
            "month": "2008-09",
            "price": "8.42",
            "revenue": 169528
        },
        "2008-10": {
            "month": "2008-10",
            "price": "8.24",
            "revenue": 192493
        },
        "2008-11": {
            "month": "2008-11",
            "price": "7.45",
            "revenue": 166496
        },
        "2008-12": {
            "month": "2008-12",
            "price": "5.83",
            "revenue": 136717
        },
        "2009-01": {
            "month": "2009-01",
            "price": "5.15",
            "revenue": 77473
        },
        "2009-02": {
            "month": "2009-02",
            "price": "4.73",
            "revenue": 61168
        },
        "2009-03": {
            "month": "2009-03",
            "price": "6.95",
            "revenue": 128695
        },
        "2009-04": {
            "month": "2009-04",
            "price": "9.19",
            "revenue": 98325
        },
        "2009-05": {
            "month": "2009-05",
            "price": "10.50",
            "revenue": 103276
        },
        "2009-06": {
            "month": "2009-06",
            "price": "11.65",
            "revenue": 98923
        },
        "2009-07": {
            "month": "2009-07",
            "price": "12.84",
            "revenue": 82871
        },
        "2009-08": {
            "month": "2009-08",
            "price": "10.00",
            "revenue": 119259
        },
        "2009-09": {
            "month": "2009-09",
            "price": "10.55",
            "revenue": 149671
        },
        "2009-10": {
            "month": "2009-10",
            "price": "10.70",
            "revenue": 98120
        },
        "2009-11": {
            "month": "2009-11",
            "price": "9.84",
            "revenue": 104122
        },
        "2009-12": {
            "month": "2009-12",
            "price": "10.85",
            "revenue": 110246
        },
        "2010-01": {
            "month": "2010-01",
            "price": "10.47",
            "revenue": 77167
        },
        "2010-02": {
            "month": "2010-02",
            "price": "7.80",
            "revenue": 80286
        },
        "2010-03": {
            "month": "2010-03",
            "price": "8.72",
            "revenue": 99421
        },
        "2010-04": {
            "month": "2010-04",
            "price": "8.95",
            "revenue": 109110
        },
        "2010-05": {
            "month": "2010-05",
            "price": "8.01",
            "revenue": 101812
        },
        "2010-06": {
            "month": "2010-06",
            "price": "7.97",
            "revenue": 113334
        },
        "2010-07": {
            "month": "2010-07",
            "price": "7.85",
            "revenue": 67506
        },
        "2010-08": {
            "month": "2010-08",
            "price": "7.99",
            "revenue": 97434
        },
        "2010-09": {
            "month": "2010-09",
            "price": "7.86",
            "revenue": 90236
        },
        "2010-10": {
            "month": "2010-10",
            "price": "7.17",
            "revenue": 63935
        },
        "2010-11": {
            "month": "2010-11",
            "price": "5.17",
            "revenue": 81546
        },
        "2010-12": {
            "month": "2010-12",
            "price": "6.38",
            "revenue": 68148
        },
        "2011-01": {
            "month": "2011-01",
            "price": "6.46",
            "revenue": 71906
        },
        "2011-02": {
            "month": "2011-02",
            "price": "6.39",
            "revenue": 27757
        },
        "2011-03": {
            "month": "2011-03",
            "price": "6.16",
            "revenue": 40027
        },
        "2011-04": {
            "month": "2011-04",
            "price": "5.51",
            "revenue": 48619
        },
        "2011-05": {
            "month": "2011-05",
            "price": "5.04",
            "revenue": 45464
        },
        "2011-06": {
            "month": "2011-06",
            "price": "4.86",
            "revenue": 40687
        },
        "2011-07": {
            "month": "2011-07",
            "price": "4.31",
            "revenue": 31865
        },
        "2011-08": {
            "month": "2011-08",
            "price": "4.81",
            "revenue": 46413
        },
        "2011-09": {
            "month": "2011-09",
            "price": "4.38",
            "revenue": 48777
        },
        "2011-10": {
            "month": "2011-10",
            "price": "4.11",
            "revenue": 59023
        },
        "2011-11": {
            "month": "2011-11",
            "price": "4.70",
            "revenue": 63778
        },
        "2011-12": {
            "month": "2011-12",
            "price": "4.19",
            "revenue": 55796
        },
        "2012-01": {
            "month": "2012-01",
            "price": "3.58",
            "revenue": 39759
        },
        "2012-02": {
            "month": "2012-02",
            "price": "4.25",
            "revenue": 40921
        },
        "2012-03": {
            "month": "2012-03",
            "price": "3.90",
            "revenue": 47851
        },
        "2012-04": {
            "month": "2012-04",
            "price": "3.44",
            "revenue": 42537
        },
        "2012-05": {
            "month": "2012-05",
            "price": "3.42",
            "revenue": 50746
        },
        "2012-06": {
            "month": "2012-06",
            "price": "3.18",
            "revenue": 32982
        },
        "2012-07": {
            "month": "2012-07",
            "price": "2.78",
            "revenue": 32039
        },
        "2012-08": {
            "month": "2012-08",
            "price": "2.49",
            "revenue": 36234
        },
        "2012-09": {
            "month": "2012-09",
            "price": "3.14",
            "revenue": 8725
        },
        "2012-10": {
            "month": "2012-10",
            "price": "3.27",
            "revenue": 16580
        },
        "2012-11": {
            "month": "2012-11",
            "price": "3.21",
            "revenue": 21134
        },
        "2012-12": {
            "month": "2012-12",
            "price": "3.08",
            "revenue": 10607
        },
        "2013-01": {
            "month": "2013-01",
            "price": "3.09",
            "revenue": 18815
        },
        "2013-02": {
            "month": "2013-02",
            "price": "3.02",
            "revenue": 15808
        },
        "2013-03": {
            "month": "2013-03",
            "price": "3.01",
            "revenue": 13691
        },
        "2013-04": {
            "month": "2013-04",
            "price": "2.38",
            "revenue": 9684
        },
        "2013-05": {
            "month": "2013-05",
            "price": "2.53",
            "revenue": 18073
        },
        "2013-06": {
            "month": "2013-06",
            "price": "2.49",
            "revenue": 10589
        },
        "2013-07": {
            "month": "2013-07",
            "price": "2.02",
            "revenue": 21775
        },
        "2013-08": {
            "month": "2013-08",
            "price": "1.97",
            "revenue": 13804
        },
        "2013-09": {
            "month": "2013-09",
            "price": "2.11",
            "revenue": 7659
        },
        "2013-10": {
            "month": "2013-10",
            "price": "2.16",
            "revenue": 7006
        },
        "2013-11": {
            "month": "2013-11",
            "price": "2.04",
            "revenue": 6956
        },
        "2013-12": {
            "month": "2013-12",
            "price": "4.96",
            "revenue": 17397
        },
        "2014-01": {
            "month": "2014-01",
            "price": "7.66",
            "revenue": 5726
        },
        "2014-02": {
            "month": "2014-02",
            "price": "7.63",
            "revenue": 4085
        },
        "2014-03": {
            "month": "2014-03",
            "price": "7.05",
            "revenue": 1482
        },
        "2014-04": {
            "month": "2014-04",
            "price": "6.11",
            "revenue": 10283
        },
        "2014-05": {
            "month": "2014-05",
            "price": "6.07",
            "revenue": 7243
        },
        "2014-06": {
            "month": "2014-06",
            "price": "6.15",
            "revenue": 4838
        },
        "2014-07": {
            "month": "2014-07",
            "price": "6.43",
            "revenue": 3060
        },
        "2014-08": {
            "month": "2014-08",
            "price": "5.77",
            "revenue": 12394
        },
        "2014-09": {
            "month": "2014-09",
            "price": "5.27",
            "revenue": 4186
        },
        "2014-10": {
            "month": "2014-10",
            "price": "4.98",
            "revenue": 5660
        },
        "2014-11": {
            "month": "2014-11",
            "price": "4.20",
            "revenue": 5074
        },
        "2014-12": {
            "month": "2014-12",
            "price": "4.26",
            "revenue": 7265
        },
        "2015-01": {
            "month": "2015-01",
            "price": "4.19",
            "revenue": 3609
        },
        "2015-02": {
            "month": "2015-02",
            "price": "4.42",
            "revenue": 5568
        },
        "2015-03": {
            "month": "2015-03",
            "price": "4.47",
            "revenue": 6211
        },
        "2015-04": {
            "month": "2015-04",
            "price": "4.91",
            "revenue": 4946
        },
        "2015-05": {
            "month": "2015-05",
            "price": "4.75",
            "revenue": 6745
        },
        "2015-06": {
            "month": "2015-06",
            "price": "4.87",
            "revenue": 6782
        },
        "2015-07": {
            "month": "2015-07",
            "price": "4.86",
            "revenue": 6990
        },
        "2015-08": {
            "month": "2015-08",
            "price": "3.89",
            "revenue": 7538
        },
        "2015-09": {
            "month": "2015-09",
            "price": "3.98",
            "revenue": 3495
        },
        "2015-10": {
            "month": "2015-10",
            "price": "4.21",
            "revenue": 1536
        },
        "2015-11": {
            "month": "2015-11",
            "price": "4.40",
            "revenue": 6137
        },
        "2015-12": {
            "month": "2015-12",
            "price": "4.77",
            "revenue": 7804
        },
        "2016-01": {
            "month": "2016-01",
            "price": "4.52",
            "revenue": 893
        },
        "2016-02": {
            "month": "2016-02",
            "price": "4.64",
            "revenue": 0
        },
        "2016-03": {
            "month": "2016-03",
            "price": "4.57",
            "revenue": 5424
        },
        "2016-04": {
            "month": "2016-04",
            "price": "4.17",
            "revenue": 1264
        },
        "2016-05": {
            "month": "2016-05",
            "price": "4.10",
            "revenue": 2091
        },
        "2016-06": {
            "month": "2016-06",
            "price": "3.93",
            "revenue": 2988
        },
        "2016-07": {
            "month": "2016-07",
            "price": "4.28",
            "revenue": 2538
        },
        "2016-08": {
            "month": "2016-08",
            "price": "3.68",
            "revenue": 2697
        },
        "2016-09": {
            "month": "2016-09",
            "price": "3.51",
            "revenue": 3102
        },
        "2016-10": {
            "month": "2016-10",
            "price": "3.60",
            "revenue": 3136
        },
        "2016-11": {
            "month": "2016-11",
            "price": "5.18",
            "revenue": 3293
        },
        "2016-12": {
            "month": "2016-12",
            "price": "6.27",
            "revenue": 3314
        },
        "2017-01": {
            "month": "2017-01",
            "price": "6.01",
            "revenue": 2821
        },
        "2017-02": {
            "month": "2017-02",
            "price": "9.73",
            "revenue": 3241
        },
        "2017-03": {
            "month": "2017-03",
            "price": "11.22",
            "revenue": 3208
        },
        "2017-04": {
            "month": "2017-04",
            "price": "10.24",
            "revenue": 2384
        },
        "2017-05": {
            "month": "2017-05",
            "price": "9.55",
            "revenue": 2028
        },
        "2017-06": {
            "month": "2017-06",
            "price": "9.69",
            "revenue": 7404
        },
        "2017-07": {
            "month": "2017-07",
            "price": "9.76",
            "revenue": 14090
        },
        "2017-08": {
            "month": "2017-08",
            "price": "9.23",
            "revenue": 17962
        },
        "2017-09": {
            "month": "2017-09",
            "price": "9.48",
            "revenue": 15615
        },
        "2017-10": {
            "month": "2017-10",
            "price": "9.21",
            "revenue": 4459
        },
        "2017-11": {
            "month": "2017-11",
            "price": "9.30",
            "revenue": 6109
        },
        "2017-12": {
            "month": "2017-12",
            "price": "8.02",
            "revenue": 5911
        },
        "2018-01": {
            "month": "2018-01",
            "price": "7.56",
            "revenue": 5052
        },
        "2018-02": {
            "month": "2018-02",
            "price": "6.91",
            "revenue": 5443
        },
        "2018-03": {
            "month": "2018-03",
            "price": "7.58",
            "revenue": 5085
        },
        "2018-04": {
            "month": "2018-04",
            "price": "7.56",
            "revenue": 4497
        },
        "2018-05": {
            "month": "2018-05",
            "price": "7.21",
            "revenue": 1957
        },
        "2018-06": {
            "month": "2018-06",
            "price": "7.32",
            "revenue": 2527
        },
        "2018-07": {
            "month": "2018-07",
            "price": "6.76",
            "revenue": 2470
        },
        "2018-08": {
            "month": "2018-08",
            "price": "6.31",
            "revenue": 2926
        },
        "2018-09": {
            "month": "2018-09",
            "price": "6.16",
            "revenue": 1574
        },
        "2018-10": {
            "month": "2018-10",
            "price": "5.41",
            "revenue": 1976
        },
        "2018-11": {
            "month": "2018-11",
            "price": "5.52",
            "revenue": 1520
        },
        "2018-12": {
            "month": "2018-12",
            "price": "5.32",
            "revenue": 1520
        },
        "2019-01": {
            "month": "2019-01",
            "price": "5.25",
            "revenue": 1216
        },
        "2019-02": {
            "month": "2019-02",
            "price": "5.66",
            "revenue": 1020
        },
        "2019-03": {
            "month": "2019-03",
            "price": "5.54",
            "revenue": 1280
        },
        "2019-04": {
            "month": "2019-04",
            "price": "5.75",
            "revenue": 2233
        },
        "2019-05": {
            "month": "2019-05",
            "price": "6.18",
            "revenue": 2271
        },
        "2019-06": {
            "month": "2019-06",
            "price": "6.80",
            "revenue": 2748
        },
        "2019-07": {
            "month": "2019-07",
            "price": "7.04",
            "revenue": 2844
        },
        "2019-08": {
            "month": "2019-08",
            "price": "7.20",
            "revenue": 2840
        },
        "2019-09": {
            "month": "2019-09",
            "price": "7.33",
            "revenue": 2623
        },
        "2019-10": {
            "month": "2019-10",
            "price": "9.60",
            "revenue": 2663
        },
        "2019-11": {
            "month": "2019-11",
            "price": "9.56",
            "revenue": 3355
        },
        "2019-12": {
            "month": "2019-12",
            "price": "8.56",
            "revenue": 3184
        },
        "2020-01": {
            "month": "2020-01",
            "price": "9.04",
            "revenue": 3225
        },
        "2020-02": {
            "month": "2020-02",
            "price": "10.32",
            "revenue": 3317
        },
        "2020-03": {
            "month": "2020-03",
            "price": "10.63",
            "revenue": 3282
        },
        "2020-04": {
            "month": "2020-04",
            "price": "10.88",
            "revenue": 3609
        },
        "2020-05": {
            "month": "2020-05",
            "price": "10.92",
            "revenue": 3730
        },
        "2020-06": {
            "month": "2020-06",
            "price": "10.87",
            "revenue": 3180
        },
        "2020-07": {
            "month": "2020-07",
            "price": "10.99",
            "revenue": 3219
        },
        "2020-08": {
            "month": "2020-08",
            "price": "10.70",
            "revenue": 2454
        },
        "2020-09": {
            "month": "2020-09",
            "price": "10.13",
            "revenue": 2584
        },
        "2020-10": {
            "month": "2020-10",
            "price": "12.58",
            "revenue": 2990
        },
        "2020-11": {
            "month": "2020-11",
            "price": "12.95",
            "revenue": 2228
        },
        "2020-12": {
            "month": "2020-12",
            "price": "17.70",
            "revenue": 3655
        },
        "2021-01": {
            "month": "2021-01",
            "price": "13.98",
            "revenue": 12468
        },
        "2021-02": {
            "month": "2021-02",
            "price": "15.36",
            "revenue": 12781
        },
        "2021-03": {
            "month": "2021-03",
            "price": "14.00",
            "revenue": 16373
        },
        "2021-04": {
            "month": "2021-04",
            "price": "12.48",
            "revenue": 17268
        },
        "2021-05": {
            "month": "2021-05",
            "price": "10.05",
            "revenue": 12148
        },
        "2021-06": {
            "month": "2021-06",
            "price": "9.30",
            "revenue": 7426
        },
        "2021-07": {
            "month": "2021-07",
            "price": "9.54",
            "revenue": 8111
        },
        "2021-08": {
            "month": "2021-08",
            "price": "8.68",
            "revenue": 11214
        },
        "2021-09": {
            "month": "2021-09",
            "price": "7.94",
            "revenue": 14891
        },
        "2021-10": {
            "month": "2021-10",
            "price": "7.67",
            "revenue": 15215
        },
        "2021-11": {
            "month": "2021-11",
            "price": "8.95",
            "revenue": 16761
        },
        "2021-12": {
            "month": "2021-12",
            "price": "10.08",
            "revenue": 13721
        },
        "2022-01": {
            "month": "2022-01",
            "price": "9.52",
            "revenue": 14556
        },
        "2022-02": {
            "month": "2022-02",
            "price": "9.11",
            "revenue": 12729
        },
        "2022-03": {
            "month": "2022-03",
            "price": "9.02",
            "revenue": 14932
        },
        "2022-04": {
            "month": "2022-04",
            "price": "8.77",
            "revenue": 17080
        },
        "2022-05": {
            "month": "2022-05",
            "price": "8.17",
            "revenue": 13830
        },
        "2022-06": {
            "month": "2022-06",
            "price": "7.95",
            "revenue": 16866
        },
        "2022-07": {
            "month": "2022-07",
            "price": "7.57",
            "revenue": 20313
        },
        "2022-08": {
            "month": "2022-08",
            "price": "7.62",
            "revenue": 20239
        },
        "2022-09": {
            "month": "2022-09",
            "price": "6.84",
            "revenue": 17086
        },
        "2022-10": {
            "month": "2022-10",
            "price": "6.64",
            "revenue": 14701
        },
        "2022-11": {
            "month": "2022-11",
            "price": "6.82",
            "revenue": 14154
        },
        "2022-12": {
            "month": "2022-12",
            "price": "6.43",
            "revenue": 22328
        },
        "2023-01": {
            "month": "2023-01",
            "price": "7.15",
            "revenue": 13088
        },
        "2023-02": {
            "month": "2023-02",
            "price": "7.02",
            "revenue": 13637
        },
        "2023-03": {
            "month": "2023-03",
            "price": "6.79",
            "revenue": 14222
        },
        "2023-04": {
            "month": "2023-04",
            "price": "6.77",
            "revenue": 13950
        },
        "2023-05": {
            "month": "2023-05",
            "price": "6.92",
            "revenue": 14564
        },
        "2023-06": {
            "month": "2023-06",
            "price": "6.94",
            "revenue": 13536
        },
        "2023-07": {
            "month": "2023-07",
            "price": "6.91",
            "revenue": 13705
        },
        "2023-08": {
            "month": "2023-08",
            "price": "6.41",
            "revenue": 12398
        }
    }
}
