{
    "summary": {
        "stock_name": "瑞智",
        "stock_id": "4532",
        "category": "電機機械",
        "main_business": "其他機械製造業(壓縮機、機械零組件)<br>發電、輸電、配電機械製造業<br>電器製造業、製造輸出業",
        "website_url": "http://www.rechi.com",
        "ceo": "馮明法",
        "pe_ratio": 15,
        "report_year_from": 2001,
        "report_year_to": 2023,
        "age": 22,
        "eps_negative_percentage": 9,
        "eps_growth_avg": {
            "last_all": -0.66,
            "last_2y": 4.2,
            "last_4y": -4.67,
            "last_8y": -0.34,
            "last_12y": 5.68,
            "last_16y": -3.91,
            "last_20y": -0.66,
            "at_2006_last_3y": 1.18,
            "at_2007_last_3y": 12.59,
            "at_2008_last_3y": -37.41,
            "at_2009_last_3y": -42.24,
            "at_2010_last_3y": -30.38,
            "at_2011_last_3y": -15.13,
            "at_2012_last_3y": 40.07,
            "at_2013_last_3y": 23.73,
            "at_2014_last_3y": 21.37,
            "at_2015_last_3y": -1.03,
            "at_2016_last_3y": 9.14,
            "at_2017_last_3y": 5.07,
            "at_2018_last_3y": 2.8,
            "at_2019_last_3y": -2.53,
            "at_2020_last_3y": -13.38,
            "at_2021_last_3y": -12.78,
            "at_2022_last_3y": -7.14,
            "at_2023_last_3y": -7.14,
            "at_2006_last_all": -3.99,
            "at_2007_last_all": 3.21,
            "at_2008_last_all": -11.53,
            "at_2009_last_all": -11.53,
            "at_2010_last_all": -11.53,
            "at_2011_last_all": -1.37,
            "at_2012_last_all": -0.07,
            "at_2013_last_all": -0.96,
            "at_2014_last_all": 0.43,
            "at_2015_last_all": -1.26,
            "at_2016_last_all": 2.77,
            "at_2017_last_all": 0.77,
            "at_2018_last_all": 1.06,
            "at_2019_last_all": -1.58,
            "at_2020_last_all": -1.03,
            "at_2021_last_all": -2.24,
            "at_2022_last_all": -0.66,
            "at_2023_last_all": -0.66
        },
        "latest_eps": 1.29,
        "latest_price": 18.9,
        "latest_roe": 6.36,
        "latest_gross_margin": 14.22,
        "latest_equity": 10600886,
        "latest_revenue": 4510740,
        "latest_gross_profit": 641239,
        "latest_net_income": 268590,
        "latest_debt_ratio": 54.71,
        "latest_current_ratio": 176.9,
        "latest_account_receivable_turnover_ratio": 0.67,
        "latest_inventory_turnover_ratio": 2.13,
        "latest_reinvestment_rate": -84.57,
        "latest_research_to_sale_ratio": 3.07
    },
    "eps_dividends": {
        "2001": {
            "cash": 0,
            "stock": 0.13,
            "eps": 1.66
        },
        "2002": {
            "cash": 0.25,
            "stock": 1,
            "eps": 1.25
        },
        "2003": {
            "cash": 0.4,
            "stock": 0.4,
            "eps": 1.17
        },
        "2004": {
            "cash": 0,
            "stock": 0,
            "eps": 3.01
        },
        "2005": {
            "cash": 0.6,
            "stock": 1,
            "eps": 2.32
        },
        "2006": {
            "cash": 0.6,
            "stock": 1,
            "eps": 0.79
        },
        "2007": {
            "cash": 0.3,
            "stock": 0.3,
            "eps": 1.1
        },
        "2008": {
            "cash": 0.3,
            "stock": 0.5,
            "eps": -0.48
        },
        "2009": {
            "cash": 0,
            "stock": 0,
            "eps": -0.63
        },
        "2010": {
            "cash": 0,
            "stock": 0,
            "eps": 1.19
        },
        "2011": {
            "cash": 1.7999999999999998,
            "stock": 0.6,
            "eps": 2.02
        },
        "2012": {
            "cash": 0,
            "stock": 0,
            "eps": 2.23
        },
        "2013": {
            "cash": 1.5,
            "stock": 0.3,
            "eps": 2.03
        },
        "2014": {
            "cash": 1.5,
            "stock": 0.3,
            "eps": 2.32
        },
        "2015": {
            "cash": 2,
            "stock": 0,
            "eps": 1.86
        },
        "2016": {
            "cash": 1.6,
            "stock": 0,
            "eps": 2.81
        },
        "2017": {
            "cash": 2.3,
            "stock": 0,
            "eps": 2.1
        },
        "2018": {
            "cash": 1.8,
            "stock": 0,
            "eps": 2.21
        },
        "2019": {
            "cash": 1.2,
            "stock": 0,
            "eps": 1.3
        },
        "2020": {
            "cash": 0.5,
            "stock": 0,
            "eps": 1.4
        },
        "2021": {
            "cash": 0.7,
            "stock": 0,
            "eps": 1.08
        },
        "2022": {
            "cash": 0.7,
            "stock": 0,
            "eps": 1.38
        },
        "2023": {
            "cash": 0.9,
            "stock": 0,
            "eps": 0.75
        }
    },
    "dividends": {
        "2001-04-10": {
            "cash": 0,
            "stock": 0.13
        },
        "2002-06-27": {
            "cash": 0.25,
            "stock": 1
        },
        "2003-04-29": {
            "cash": 0.4,
            "stock": 0.4
        },
        "2005-06-07": {
            "cash": 0.6,
            "stock": 1
        },
        "2006-04-25": {
            "cash": 0.6,
            "stock": 1
        },
        "2007-06-13": {
            "cash": 0.3,
            "stock": 0.3
        },
        "2008-04-29": {
            "cash": 0.3,
            "stock": 0.5
        },
        "2011-01-01": {
            "cash": 1.2,
            "stock": 0.3
        },
        "2011-04-28": {
            "cash": 0.6,
            "stock": 0.3
        },
        "2013-03-22": {
            "cash": 1.5,
            "stock": 0.3
        },
        "2014-08-27": {
            "cash": 1.5,
            "stock": 0.3
        },
        "2015-08-06": {
            "cash": 2,
            "stock": 0
        },
        "2016-07-22": {
            "cash": 1.6,
            "stock": 0
        },
        "2017-08-17": {
            "cash": 2.3,
            "stock": 0
        },
        "2018-08-16": {
            "cash": 1.8,
            "stock": 0
        },
        "2019-07-23": {
            "cash": 1.2,
            "stock": 0
        },
        "2020-07-24": {
            "cash": 0.5,
            "stock": 0
        },
        "2021-10-05": {
            "cash": 0.7,
            "stock": 0
        },
        "2022-07-21": {
            "cash": 0.7,
            "stock": 0
        },
        "2023-05-05": {
            "cash": 0.9,
            "stock": 0
        }
    },
    "prices": {
        "200101": "無",
        "200102": "無",
        "200103": "無",
        "200104": "無",
        "200105": "無",
        "200106": "無",
        "200107": "無",
        "200108": "無",
        "200109": "無",
        "200110": "無",
        "200111": "無",
        "200112": "無",
        "200201": "無",
        "200202": "19.13",
        "200203": "31.76",
        "200204": "32.68",
        "200205": "29.37",
        "200206": "26.42",
        "200207": "21.43",
        "200208": "20.80",
        "200209": "19.12",
        "200210": "17.72",
        "200211": "19.67",
        "200212": "19.80",
        "200301": "21.02",
        "200302": "17.86",
        "200303": "14.27",
        "200304": "14.39",
        "200305": "14.33",
        "200306": "14.66",
        "200307": "15.02",
        "200308": "16.61",
        "200309": "15.50",
        "200310": "16.86",
        "200311": "18.16",
        "200312": "17.75",
        "200401": "18.39",
        "200402": "20.72",
        "200403": "19.91",
        "200404": "20.04",
        "200405": "19.11",
        "200406": "22.53",
        "200407": "21.67",
        "200408": "23.20",
        "200409": "25.04",
        "200410": "25.74",
        "200411": "27.02",
        "200412": "29.21",
        "200501": "28.71",
        "200502": "30.95",
        "200503": "34.68",
        "200504": "33.11",
        "200505": "31.40",
        "200506": "27.25",
        "200507": "25.69",
        "200508": "25.38",
        "200509": "23.55",
        "200510": "無",
        "200511": "21.95",
        "200512": "25.30",
        "200601": "24.66",
        "200602": "23.88",
        "200603": "21.23",
        "200604": "20.81",
        "200605": "20.16",
        "200606": "19.43",
        "200607": "18.79",
        "200608": "16.07",
        "200609": "13.78",
        "200610": "14.94",
        "200611": "14.68",
        "200612": "16.29",
        "200701": "16.59",
        "200702": "15.76",
        "200703": "15.20",
        "200704": "16.29",
        "200705": "15.87",
        "200706": "16.05",
        "200707": "17.14",
        "200708": "15.30",
        "200709": "14.90",
        "200710": "15.28",
        "200711": "15.68",
        "200712": "15.22",
        "200801": "14.02",
        "200802": "13.52",
        "200803": "14.08",
        "200804": "14.67",
        "200805": "14.12",
        "200806": "12.56",
        "200807": "9.94",
        "200808": "8.79",
        "200809": "6.25",
        "200810": "6.10",
        "200811": "4.70",
        "200812": "4.55",
        "200901": "4.60",
        "200902": "4.68",
        "200903": "5.65",
        "200904": "8.15",
        "200905": "8.36",
        "200906": "8.45",
        "200907": "8.57",
        "200908": "8.50",
        "200909": "8.22",
        "200910": "9.97",
        "200911": "11.01",
        "200912": "11.40",
        "201001": "11.59",
        "201002": "10.30",
        "201003": "12.88",
        "201004": "14.82",
        "201005": "13.23",
        "201006": "13.33",
        "201007": "14.86",
        "201008": "15.55",
        "201009": "14.80",
        "201010": "15.51",
        "201011": "15.57",
        "201012": "17.07",
        "201101": "17.18",
        "201102": "17.65",
        "201103": "18.02",
        "201104": "20.67",
        "201105": "22.39",
        "201106": "20.91",
        "201107": "21.35",
        "201108": "24.54",
        "201109": "24.11",
        "201110": "22.00",
        "201111": "24.38",
        "201112": "23.78",
        "201201": "23.05",
        "201202": "25.55",
        "201203": "29.32",
        "201204": "27.88",
        "201205": "26.80",
        "201206": "26.29",
        "201207": "26.17",
        "201208": "24.81",
        "201209": "22.96",
        "201210": "21.97",
        "201211": "22.43",
        "201212": "24.25",
        "201301": "25.43",
        "201302": "26.15",
        "201303": "25.64",
        "201304": "28.21",
        "201305": "28.38",
        "201306": "27.24",
        "201307": "26.52",
        "201308": "25.49",
        "201309": "25.05",
        "201310": "28.56",
        "201311": "28.56",
        "201312": "30.25",
        "201401": "31.38",
        "201402": "34.44",
        "201403": "33.45",
        "201404": "33.09",
        "201405": "32.20",
        "201406": "32.47",
        "201407": "31.57",
        "201408": "31.26",
        "201409": "32.31",
        "201410": "30.12",
        "201411": "30.41",
        "201412": "31.66",
        "201501": "32.08",
        "201502": "31.70",
        "201503": "31.09",
        "201504": "32.49",
        "201505": "31.41",
        "201506": "29.81",
        "201507": "26.40",
        "201508": "22.25",
        "201509": "22.54",
        "201510": "23.68",
        "201511": "23.04",
        "201512": "24.48",
        "201601": "23.70",
        "201602": "25.39",
        "201603": "26.81",
        "201604": "25.59",
        "201605": "24.61",
        "201606": "26.00",
        "201607": "26.64",
        "201608": "32.04",
        "201609": "35.93",
        "201610": "36.75",
        "201611": "33.50",
        "201612": "30.87",
        "201701": "32.62",
        "201702": "32.51",
        "201703": "33.98",
        "201704": "32.61",
        "201705": "32.88",
        "201706": "33.95",
        "201707": "34.69",
        "201708": "30.45",
        "201709": "30.40",
        "201710": "31.24",
        "201711": "30.56",
        "201712": "28.62",
        "201801": "29.52",
        "201802": "29.43",
        "201803": "29.76",
        "201804": "31.50",
        "201805": "31.25",
        "201806": "31.64",
        "201807": "31.40",
        "201808": "30.13",
        "201809": "28.09",
        "201810": "23.75",
        "201811": "23.59",
        "201812": "24.17",
        "201901": "25.80",
        "201902": "26.71",
        "201903": "26.62",
        "201904": "25.70",
        "201905": "25.48",
        "201906": "25.59",
        "201907": "24.86",
        "201908": "23.36",
        "201909": "23.35",
        "201910": "23.55",
        "201911": "23.23",
        "201912": "22.93",
        "202001": "22.80",
        "202002": "21.33",
        "202003": "17.30",
        "202004": "16.03",
        "202005": "17.11",
        "202006": "17.23",
        "202007": "19.18",
        "202008": "19.65",
        "202009": "20.08",
        "202010": "19.59",
        "202011": "20.29",
        "202012": "20.65",
        "202101": "20.63",
        "202102": "20.28",
        "202103": "21.70",
        "202104": "23.30",
        "202105": "20.75",
        "202106": "20.38",
        "202107": "20.55",
        "202108": "19.51",
        "202109": "19.06",
        "202110": "18.41",
        "202111": "19.01",
        "202112": "18.95",
        "202201": "18.72",
        "202202": "18.70",
        "202203": "18.18",
        "202204": "17.58",
        "202205": "17.12",
        "202206": "17.38",
        "202207": "16.14",
        "202208": "17.45",
        "202209": "18.24",
        "202210": "16.28",
        "202211": "16.18",
        "202212": "16.38",
        "202301": "16.46",
        "202302": "17.14",
        "202303": "18.12",
        "202304": "18.15",
        "202305": "18.08",
        "202306": "18.24",
        "202307": "23.83",
        "202308": "21.53",
        "202309": "19.63",
        "202310": "19.28"
    },
    "quarters": {
        "20011": {
            "year_quarter": 20011,
            "year": 2001,
            "quarter": 1,
            "eps": 0.85,
            "eps_growth_year": null,
            "eps_4q": null,
            "eps_4q_growth_year": null,
            "roe": 6.6,
            "roe_4q": 6.6,
            "gross_profit": 168077,
            "gross_margin": 19.94,
            "gross_margin_4q_avg": 19.94,
            "net_income": 127628,
            "net_income_4q": null,
            "revenue": 842991,
            "revenue_4q": null,
            "common_shares": 1500000,
            "book_valuer_per_share": 13.31,
            "book_valuer_per_share_4q_avg": 13.31,
            "equity": 1996763,
            "current_ratio": 269.27,
            "debt_ratio": 21.72,
            "inventory_turnover_ratio": 1.72,
            "account_receivable_turnover_ratio": null,
            "reinvestment_rate": null,
            "research_to_sale_ratio": null,
            "price_fair": 0,
            "eps_avg_yearly": 0,
            "eps_latest_yearly": 0,
            "eps_growth_yearly": 0
        },
        "20012": {
            "year_quarter": 20012,
            "year": 2001,
            "quarter": 2,
            "eps": 0.37,
            "eps_growth_year": null,
            "eps_4q": null,
            "eps_4q_growth_year": null,
            "roe": 3.14,
            "roe_4q": 9.74,
            "gross_profit": 109358,
            "gross_margin": 17.22,
            "gross_margin_4q_avg": 18.58,
            "net_income": 63823,
            "net_income_4q": null,
            "revenue": 634986,
            "revenue_4q": null,
            "common_shares": 1702185,
            "book_valuer_per_share": 12.12,
            "book_valuer_per_share_4q_avg": 12.72,
            "equity": 2062367,
            "current_ratio": 207.92,
            "debt_ratio": 23.45,
            "inventory_turnover_ratio": 1.71,
            "account_receivable_turnover_ratio": null,
            "reinvestment_rate": null,
            "research_to_sale_ratio": null,
            "price_fair": 0,
            "eps_avg_yearly": 0,
            "eps_latest_yearly": 0,
            "eps_growth_yearly": 0
        },
        "20013": {
            "year_quarter": 20013,
            "year": 2001,
            "quarter": 3,
            "eps": 0.06,
            "eps_growth_year": null,
            "eps_4q": null,
            "eps_4q_growth_year": null,
            "roe": 0.51,
            "roe_4q": 10.25,
            "gross_profit": 44395,
            "gross_margin": 12.26,
            "gross_margin_4q_avg": 16.47,
            "net_income": 10531,
            "net_income_4q": null,
            "revenue": 362085,
            "revenue_4q": null,
            "common_shares": 1702185,
            "book_valuer_per_share": 12.18,
            "book_valuer_per_share_4q_avg": 12.54,
            "equity": 2073358,
            "current_ratio": 195.09,
            "debt_ratio": 24.43,
            "inventory_turnover_ratio": 0.79,
            "account_receivable_turnover_ratio": null,
            "reinvestment_rate": null,
            "research_to_sale_ratio": null,
            "price_fair": 0,
            "eps_avg_yearly": 0,
            "eps_latest_yearly": 0,
            "eps_growth_yearly": 0
        },
        "20014": {
            "year_quarter": 20014,
            "year": 2001,
            "quarter": 4,
            "eps": 0.38,
            "eps_growth_year": null,
            "eps_4q": 1.55,
            "eps_4q_growth_year": null,
            "roe": 2.96,
            "roe_4q": 13.209999999999999,
            "gross_profit": 130983,
            "gross_margin": 20.95,
            "gross_margin_4q_avg": 17.59,
            "net_income": 65436,
            "net_income_4q": null,
            "revenue": 625217,
            "revenue_4q": null,
            "common_shares": 1702185,
            "book_valuer_per_share": 12.67,
            "book_valuer_per_share_4q_avg": 12.57,
            "equity": 2345096,
            "current_ratio": 168.45,
            "debt_ratio": 26.28,
            "inventory_turnover_ratio": 0.93,
            "account_receivable_turnover_ratio": null,
            "reinvestment_rate": null,
            "research_to_sale_ratio": null,
            "price_fair": 0,
            "eps_avg_yearly": 0,
            "eps_latest_yearly": 0,
            "eps_growth_yearly": 0
        },
        "20021": {
            "year_quarter": 20021,
            "year": 2002,
            "quarter": 1,
            "eps": 0.88,
            "eps_growth_year": 3.53,
            "eps_4q": 1.7,
            "eps_4q_growth_year": null,
            "roe": 6.46,
            "roe_4q": 13.07,
            "gross_profit": 240437,
            "gross_margin": 24.29,
            "gross_margin_4q_avg": 18.68,
            "net_income": 150291,
            "net_income_4q": null,
            "revenue": 989814,
            "revenue_4q": null,
            "common_shares": 1702185,
            "book_valuer_per_share": 13.55,
            "book_valuer_per_share_4q_avg": 12.63,
            "equity": 2306453,
            "current_ratio": 157.35,
            "debt_ratio": 33.14,
            "inventory_turnover_ratio": 1.54,
            "account_receivable_turnover_ratio": null,
            "reinvestment_rate": null,
            "research_to_sale_ratio": null,
            "price_fair": 123.2,
            "eps_avg_yearly": 3.52,
            "eps_latest_yearly": 3.52,
            "eps_growth_yearly": 526.32
        },
        "20022": {
            "year_quarter": 20022,
            "year": 2002,
            "quarter": 2,
            "eps": 0.3,
            "eps_growth_year": -18.92,
            "eps_4q": 1.64,
            "eps_4q_growth_year": null,
            "roe": 2.19,
            "roe_4q": 12.12,
            "gross_profit": 159096,
            "gross_margin": 22.14,
            "gross_margin_4q_avg": 19.91,
            "net_income": 50477,
            "net_income_4q": null,
            "revenue": 718484,
            "revenue_4q": null,
            "common_shares": 1702185,
            "book_valuer_per_share": 13.48,
            "book_valuer_per_share_4q_avg": 12.97,
            "equity": 2294642,
            "current_ratio": 145.74,
            "debt_ratio": 34.45,
            "inventory_turnover_ratio": 1.32,
            "account_receivable_turnover_ratio": null,
            "reinvestment_rate": null,
            "research_to_sale_ratio": null,
            "price_fair": 82.6,
            "eps_avg_yearly": 2.36,
            "eps_latest_yearly": 1.2,
            "eps_growth_yearly": 131.34
        },
        "20023": {
            "year_quarter": 20023,
            "year": 2002,
            "quarter": 3,
            "eps": -0.06,
            "eps_growth_year": -200,
            "eps_4q": 1.35,
            "eps_4q_growth_year": null,
            "roe": -0.47,
            "roe_4q": 11.14,
            "gross_profit": 51221,
            "gross_margin": 13.09,
            "gross_margin_4q_avg": 20.12,
            "net_income": -10783,
            "net_income_4q": null,
            "revenue": 391315,
            "revenue_4q": null,
            "common_shares": 1891658,
            "book_valuer_per_share": 12.13,
            "book_valuer_per_share_4q_avg": 12.96,
            "equity": 2295227,
            "current_ratio": 356.78,
            "debt_ratio": 40.02,
            "inventory_turnover_ratio": 0.75,
            "account_receivable_turnover_ratio": null,
            "reinvestment_rate": null,
            "research_to_sale_ratio": null,
            "price_fair": 82.6,
            "eps_avg_yearly": 2.36,
            "eps_latest_yearly": 1.2,
            "eps_growth_yearly": 131.34
        },
        "20024": {
            "year_quarter": 20024,
            "year": 2002,
            "quarter": 4,
            "eps": 0.13,
            "eps_growth_year": -65.79,
            "eps_4q": 1.11,
            "eps_4q_growth_year": -28.46,
            "roe": 1,
            "roe_4q": 9.18,
            "gross_profit": 121763,
            "gross_margin": 15.68,
            "gross_margin_4q_avg": 18.8,
            "net_income": 25176,
            "net_income_4q": null,
            "revenue": 776409,
            "revenue_4q": null,
            "common_shares": 1891658,
            "book_valuer_per_share": 12.23,
            "book_valuer_per_share_4q_avg": 12.85,
            "equity": 2722295,
            "current_ratio": 160.04,
            "debt_ratio": 48.87,
            "inventory_turnover_ratio": 1.08,
            "account_receivable_turnover_ratio": null,
            "reinvestment_rate": null,
            "research_to_sale_ratio": null,
            "price_fair": 82.6,
            "eps_avg_yearly": 2.36,
            "eps_latest_yearly": 1.2,
            "eps_growth_yearly": 131.34
        },
        "20031": {
            "year_quarter": 20031,
            "year": 2003,
            "quarter": 1,
            "eps": 0.55,
            "eps_growth_year": -37.5,
            "eps_4q": 0.89,
            "eps_4q_growth_year": -47.85,
            "roe": 4.08,
            "roe_4q": 6.800000000000001,
            "gross_profit": 192264,
            "gross_margin": 22.04,
            "gross_margin_4q_avg": 18.24,
            "net_income": 106240,
            "net_income_4q": null,
            "revenue": 872224,
            "revenue_4q": null,
            "common_shares": 1926657,
            "book_valuer_per_share": 12.9,
            "book_valuer_per_share_4q_avg": 12.69,
            "equity": 2484573,
            "current_ratio": 224.07,
            "debt_ratio": 44.85,
            "inventory_turnover_ratio": 1.2,
            "account_receivable_turnover_ratio": null,
            "reinvestment_rate": null,
            "research_to_sale_ratio": null,
            "price_fair": 80.73,
            "eps_avg_yearly": 2.31,
            "eps_latest_yearly": 2.2,
            "eps_growth_yearly": 518.33
        },
        "20032": {
            "year_quarter": 20032,
            "year": 2003,
            "quarter": 2,
            "eps": 0.42,
            "eps_growth_year": 40,
            "eps_4q": 1.02,
            "eps_4q_growth_year": -37.91,
            "roe": 3.43,
            "roe_4q": 8.04,
            "gross_profit": 154737,
            "gross_margin": 18.91,
            "gross_margin_4q_avg": 17.43,
            "net_income": 84270,
            "net_income_4q": null,
            "revenue": 818100,
            "revenue_4q": null,
            "common_shares": 1926657,
            "book_valuer_per_share": 12.57,
            "book_valuer_per_share_4q_avg": 12.46,
            "equity": 2422249,
            "current_ratio": 213.28,
            "debt_ratio": 43.87,
            "inventory_turnover_ratio": 1.86,
            "account_receivable_turnover_ratio": null,
            "reinvestment_rate": null,
            "research_to_sale_ratio": null,
            "price_fair": 75.25,
            "eps_avg_yearly": 2.15,
            "eps_latest_yearly": 1.68,
            "eps_growth_yearly": 365.11
        },
        "20033": {
            "year_quarter": 20033,
            "year": 2003,
            "quarter": 3,
            "eps": -0.01,
            "eps_growth_year": null,
            "eps_4q": 1.05,
            "eps_4q_growth_year": -21.87,
            "roe": -0.11,
            "roe_4q": 8.4,
            "gross_profit": 77986,
            "gross_margin": 13.83,
            "gross_margin_4q_avg": 17.62,
            "net_income": -2704,
            "net_income_4q": null,
            "revenue": 563737,
            "revenue_4q": null,
            "common_shares": 2018965,
            "book_valuer_per_share": 11.89,
            "book_valuer_per_share_4q_avg": 12.4,
            "equity": 2400986,
            "current_ratio": 355.11,
            "debt_ratio": 44.95,
            "inventory_turnover_ratio": 1.29,
            "account_receivable_turnover_ratio": null,
            "reinvestment_rate": null,
            "research_to_sale_ratio": null,
            "price_fair": 75.25,
            "eps_avg_yearly": 2.15,
            "eps_latest_yearly": 1.68,
            "eps_growth_yearly": 365.11
        },
        "20034": {
            "year_quarter": 20034,
            "year": 2003,
            "quarter": 4,
            "eps": 0.21,
            "eps_growth_year": 61.54,
            "eps_4q": 1.15,
            "eps_4q_growth_year": 3.7,
            "roe": 1.59,
            "roe_4q": 8.99,
            "gross_profit": 120028,
            "gross_margin": 16.05,
            "gross_margin_4q_avg": 17.71,
            "net_income": 41864,
            "net_income_4q": null,
            "revenue": 748040,
            "revenue_4q": null,
            "common_shares": 2074320,
            "book_valuer_per_share": 12.23,
            "book_valuer_per_share_4q_avg": 12.4,
            "equity": 2861170,
            "current_ratio": 134.04,
            "debt_ratio": 58.21,
            "inventory_turnover_ratio": 0.92,
            "account_receivable_turnover_ratio": null,
            "reinvestment_rate": null,
            "research_to_sale_ratio": null,
            "price_fair": 75.25,
            "eps_avg_yearly": 2.15,
            "eps_latest_yearly": 1.68,
            "eps_growth_yearly": 365.11
        },
        "20041": {
            "year_quarter": 20041,
            "year": 2004,
            "quarter": 1,
            "eps": 0.68,
            "eps_growth_year": 23.64,
            "eps_4q": 1.27,
            "eps_4q_growth_year": 43.41,
            "roe": 4.98,
            "roe_4q": 9.89,
            "gross_profit": 164438,
            "gross_margin": 17.41,
            "gross_margin_4q_avg": 16.55,
            "net_income": 142161,
            "net_income_4q": null,
            "revenue": 944283,
            "revenue_4q": null,
            "common_shares": 2182125,
            "book_valuer_per_share": 13.05,
            "book_valuer_per_share_4q_avg": 12.44,
            "equity": 2847619,
            "current_ratio": 220.9,
            "debt_ratio": 42.49,
            "inventory_turnover_ratio": 1.16,
            "account_receivable_turnover_ratio": null,
            "reinvestment_rate": null,
            "research_to_sale_ratio": null,
            "price_fair": 79.24,
            "eps_avg_yearly": 2.26,
            "eps_latest_yearly": 2.72,
            "eps_growth_yearly": 471.14
        },
        "20042": {
            "year_quarter": 20042,
            "year": 2004,
            "quarter": 2,
            "eps": 0.94,
            "eps_growth_year": 123.81,
            "eps_4q": 1.79,
            "eps_4q_growth_year": 75.74,
            "roe": 6.67,
            "roe_4q": 13.13,
            "gross_profit": 180333,
            "gross_margin": 18.31,
            "gross_margin_4q_avg": 16.4,
            "net_income": 199402,
            "net_income_4q": null,
            "revenue": 985056,
            "revenue_4q": null,
            "common_shares": 2381157,
            "book_valuer_per_share": 13.17,
            "book_valuer_per_share_4q_avg": 12.59,
            "equity": 3135613,
            "current_ratio": 178.19,
            "debt_ratio": 40.45,
            "inventory_turnover_ratio": 2.01,
            "account_receivable_turnover_ratio": null,
            "reinvestment_rate": null,
            "research_to_sale_ratio": null,
            "price_fair": 87.97,
            "eps_avg_yearly": 2.51,
            "eps_latest_yearly": 3.76,
            "eps_growth_yearly": 418.1
        },
        "20043": {
            "year_quarter": 20043,
            "year": 2004,
            "quarter": 3,
            "eps": 0.74,
            "eps_growth_year": null,
            "eps_4q": 2.41,
            "eps_4q_growth_year": 128.14,
            "roe": 5.15,
            "roe_4q": 18.39,
            "gross_profit": 102393,
            "gross_margin": 14.75,
            "gross_margin_4q_avg": 16.63,
            "net_income": 170243,
            "net_income_4q": null,
            "revenue": 694108,
            "revenue_4q": null,
            "common_shares": 2608789,
            "book_valuer_per_share": 13.32,
            "book_valuer_per_share_4q_avg": 12.94,
            "equity": 3473613,
            "current_ratio": 166.17,
            "debt_ratio": 35.51,
            "inventory_turnover_ratio": 1.41,
            "account_receivable_turnover_ratio": null,
            "reinvestment_rate": null,
            "research_to_sale_ratio": null,
            "price_fair": 90.2,
            "eps_avg_yearly": 2.58,
            "eps_latest_yearly": 2.96,
            "eps_growth_yearly": 346.22
        },
        "20044": {
            "year_quarter": 20044,
            "year": 2004,
            "quarter": 4,
            "eps": 0.65,
            "eps_growth_year": 209.52,
            "eps_4q": 2.81,
            "eps_4q_growth_year": 143.51,
            "roe": 3.94,
            "roe_4q": 20.740000000000002,
            "gross_profit": 114522,
            "gross_margin": 15.35,
            "gross_margin_4q_avg": 16.46,
            "net_income": 154341,
            "net_income_4q": null,
            "revenue": 746086,
            "revenue_4q": null,
            "common_shares": 2715326,
            "book_valuer_per_share": 14.48,
            "book_valuer_per_share_4q_avg": 13.51,
            "equity": 4368173,
            "current_ratio": 107.69,
            "debt_ratio": 57.69,
            "inventory_turnover_ratio": 0.73,
            "account_receivable_turnover_ratio": null,
            "reinvestment_rate": 184.43,
            "research_to_sale_ratio": null,
            "price_fair": 90.3,
            "eps_avg_yearly": 2.58,
            "eps_latest_yearly": 2.6,
            "eps_growth_yearly": 296.86
        },
        "20051": {
            "year_quarter": 20051,
            "year": 2005,
            "quarter": 1,
            "eps": 1.12,
            "eps_growth_year": 64.71,
            "eps_4q": 3.04,
            "eps_4q_growth_year": 138.94,
            "roe": 7.09,
            "roe_4q": 22.85,
            "gross_profit": 145040,
            "gross_margin": 15.93,
            "gross_margin_4q_avg": 16.09,
            "net_income": 306374,
            "net_income_4q": null,
            "revenue": 910644,
            "revenue_4q": null,
            "common_shares": 2747639,
            "book_valuer_per_share": 15.58,
            "book_valuer_per_share_4q_avg": 14.14,
            "equity": 4280122,
            "current_ratio": 174.29,
            "debt_ratio": 27.47,
            "inventory_turnover_ratio": 0.84,
            "account_receivable_turnover_ratio": null,
            "reinvestment_rate": 37.49,
            "research_to_sale_ratio": null,
            "price_fair": 97.69,
            "eps_avg_yearly": 2.79,
            "eps_latest_yearly": 4.48,
            "eps_growth_yearly": 296.01
        },
        "20052": {
            "year_quarter": 20052,
            "year": 2005,
            "quarter": 2,
            "eps": 0.98,
            "eps_growth_year": 4.26,
            "eps_4q": 3.27,
            "eps_4q_growth_year": 82.46,
            "roe": 6.22,
            "roe_4q": 22.4,
            "gross_profit": 154947,
            "gross_margin": 18.41,
            "gross_margin_4q_avg": 16.11,
            "net_income": 269454,
            "net_income_4q": null,
            "revenue": 841676,
            "revenue_4q": null,
            "common_shares": 2756142,
            "book_valuer_per_share": 15.89,
            "book_valuer_per_share_4q_avg": 14.82,
            "equity": 4379220,
            "current_ratio": 155.43,
            "debt_ratio": 28.3,
            "inventory_turnover_ratio": 1.32,
            "account_receivable_turnover_ratio": null,
            "reinvestment_rate": 27.97,
            "research_to_sale_ratio": null,
            "price_fair": 101.64,
            "eps_avg_yearly": 2.9,
            "eps_latest_yearly": 3.92,
            "eps_growth_yearly": 261.41
        },
        "20053": {
            "year_quarter": 20053,
            "year": 2005,
            "quarter": 3,
            "eps": -0.01,
            "eps_growth_year": -101.35,
            "eps_4q": 2.64,
            "eps_4q_growth_year": 9.77,
            "roe": -0.05,
            "roe_4q": 17.2,
            "gross_profit": 26790,
            "gross_margin": 5.94,
            "gross_margin_4q_avg": 13.91,
            "net_income": -2081,
            "net_income_4q": null,
            "revenue": 450630,
            "revenue_4q": null,
            "common_shares": 2756142,
            "book_valuer_per_share": 16.28,
            "book_valuer_per_share_4q_avg": 15.56,
            "equity": 4487825,
            "current_ratio": 188.63,
            "debt_ratio": 26.9,
            "inventory_turnover_ratio": 0.79,
            "account_receivable_turnover_ratio": null,
            "reinvestment_rate": 26.46,
            "research_to_sale_ratio": null,
            "price_fair": 101.64,
            "eps_avg_yearly": 2.9,
            "eps_latest_yearly": 3.92,
            "eps_growth_yearly": 261.41
        },
        "20054": {
            "year_quarter": 20054,
            "year": 2005,
            "quarter": 4,
            "eps": 0.23,
            "eps_growth_year": -64.62,
            "eps_4q": 2.35,
            "eps_4q_growth_year": -16.18,
            "roe": 1.31,
            "roe_4q": 14.57,
            "gross_profit": 57734,
            "gross_margin": 9.26,
            "gross_margin_4q_avg": 12.39,
            "net_income": 62205,
            "net_income_4q": null,
            "revenue": 623210,
            "revenue_4q": null,
            "common_shares": 2761142,
            "book_valuer_per_share": 16.42,
            "book_valuer_per_share_4q_avg": 16.04,
            "equity": 4986329,
            "current_ratio": 135.72,
            "debt_ratio": 55.73,
            "inventory_turnover_ratio": 0.41,
            "account_receivable_turnover_ratio": null,
            "reinvestment_rate": 141.54,
            "research_to_sale_ratio": null,
            "price_fair": 101.64,
            "eps_avg_yearly": 2.9,
            "eps_latest_yearly": 3.92,
            "eps_growth_yearly": 261.41
        },
        "20061": {
            "year_quarter": 20061,
            "year": 2006,
            "quarter": 1,
            "eps": 0.63,
            "eps_growth_year": -43.75,
            "eps_4q": 1.82,
            "eps_4q_growth_year": -39.88,
            "roe": 3.59,
            "roe_4q": 11.07,
            "gross_profit": 131676,
            "gross_margin": 17.65,
            "gross_margin_4q_avg": 12.82,
            "net_income": 173775,
            "net_income_4q": null,
            "revenue": 746120,
            "revenue_4q": null,
            "common_shares": 2761278,
            "book_valuer_per_share": 17,
            "book_valuer_per_share_4q_avg": 16.4,
            "equity": 4694579,
            "current_ratio": 200.33,
            "debt_ratio": 25.25,
            "inventory_turnover_ratio": 0.48,
            "account_receivable_turnover_ratio": null,
            "reinvestment_rate": 22.08,
            "research_to_sale_ratio": null,
            "price_fair": 98.14,
            "eps_avg_yearly": 2.8,
            "eps_latest_yearly": 2.52,
            "eps_growth_yearly": 278.34
        },
        "20062": {
            "year_quarter": 20062,
            "year": 2006,
            "quarter": 2,
            "eps": 0.31,
            "eps_growth_year": -68.37,
            "eps_4q": 1.08,
            "eps_4q_growth_year": -67.06,
            "roe": 2.03,
            "roe_4q": 6.88,
            "gross_profit": 74160,
            "gross_margin": 14.81,
            "gross_margin_4q_avg": 11.92,
            "net_income": 94341,
            "net_income_4q": null,
            "revenue": 500673,
            "revenue_4q": null,
            "common_shares": 3079915,
            "book_valuer_per_share": 14.95,
            "book_valuer_per_share_4q_avg": 16.16,
            "equity": 4604485,
            "current_ratio": 151.94,
            "debt_ratio": 26.44,
            "inventory_turnover_ratio": 1.48,
            "account_receivable_turnover_ratio": null,
            "reinvestment_rate": 17.15,
            "research_to_sale_ratio": null,
            "price_fair": 98.28,
            "eps_avg_yearly": 2.81,
            "eps_latest_yearly": 1.24,
            "eps_growth_yearly": 284.39
        },
        "20063": {
            "year_quarter": 20063,
            "year": 2006,
            "quarter": 3,
            "eps": -0.16,
            "eps_growth_year": null,
            "eps_4q": 0.81,
            "eps_4q_growth_year": -69.38,
            "roe": -1.16,
            "roe_4q": 5.77,
            "gross_profit": 28457,
            "gross_margin": 8.76,
            "gross_margin_4q_avg": 12.62,
            "net_income": -53655,
            "net_income_4q": null,
            "revenue": 324861,
            "revenue_4q": null,
            "common_shares": 3420620,
            "book_valuer_per_share": 13.56,
            "book_valuer_per_share_4q_avg": 15.48,
            "equity": 4639098,
            "current_ratio": 157.7,
            "debt_ratio": 24.94,
            "inventory_turnover_ratio": 1.27,
            "account_receivable_turnover_ratio": null,
            "reinvestment_rate": -5.98,
            "research_to_sale_ratio": null,
            "price_fair": 98.28,
            "eps_avg_yearly": 2.81,
            "eps_latest_yearly": 1.24,
            "eps_growth_yearly": 284.39
        },
        "20064": {
            "year_quarter": 20064,
            "year": 2006,
            "quarter": 4,
            "eps": 0.01,
            "eps_growth_year": -95.65,
            "eps_4q": 0.61,
            "eps_4q_growth_year": -74.01,
            "roe": 0.07,
            "roe_4q": 4.529999999999999,
            "gross_profit": 82719,
            "gross_margin": 18.6,
            "gross_margin_4q_avg": 14.96,
            "net_income": 3559,
            "net_income_4q": null,
            "revenue": 444725,
            "revenue_4q": null,
            "common_shares": 3452746,
            "book_valuer_per_share": 13.6,
            "book_valuer_per_share_4q_avg": 14.78,
            "equity": 5139805,
            "current_ratio": 126.18,
            "debt_ratio": 56.37,
            "inventory_turnover_ratio": 0.41,
            "account_receivable_turnover_ratio": null,
            "reinvestment_rate": 112.13,
            "research_to_sale_ratio": null,
            "price_fair": 98.28,
            "eps_avg_yearly": 2.81,
            "eps_latest_yearly": 1.24,
            "eps_growth_yearly": 284.39
        },
        "20071": {
            "year_quarter": 20071,
            "year": 2007,
            "quarter": 1,
            "eps": 0.19,
            "eps_growth_year": -69.84,
            "eps_4q": 0.32,
            "eps_4q_growth_year": -82.61,
            "roe": 1.33,
            "roe_4q": 2.27,
            "gross_profit": 111069,
            "gross_margin": 18.4,
            "gross_margin_4q_avg": 15.14,
            "net_income": 66046,
            "net_income_4q": null,
            "revenue": 603676,
            "revenue_4q": null,
            "common_shares": 3462216,
            "book_valuer_per_share": 13.87,
            "book_valuer_per_share_4q_avg": 14,
            "equity": 4802731,
            "current_ratio": 180.92,
            "debt_ratio": 20.64,
            "inventory_turnover_ratio": 0.55,
            "account_receivable_turnover_ratio": null,
            "reinvestment_rate": -26.39,
            "research_to_sale_ratio": null,
            "price_fair": 93.24,
            "eps_avg_yearly": 2.66,
            "eps_latest_yearly": 0.76,
            "eps_growth_yearly": 875.16
        },
        "20072": {
            "year_quarter": 20072,
            "year": 2007,
            "quarter": 2,
            "eps": 0.21,
            "eps_growth_year": -32.26,
            "eps_4q": 0.26,
            "eps_4q_growth_year": -76.2,
            "roe": 1.49,
            "roe_4q": 1.7300000000000002,
            "gross_profit": 83995,
            "gross_margin": 16.9,
            "gross_margin_4q_avg": 15.67,
            "net_income": 71657,
            "net_income_4q": null,
            "revenue": 496940,
            "revenue_4q": null,
            "common_shares": 3481964,
            "book_valuer_per_share": 13.82,
            "book_valuer_per_share_4q_avg": 13.71,
            "equity": 4812798,
            "current_ratio": 264.13,
            "debt_ratio": 15.05,
            "inventory_turnover_ratio": 1.59,
            "account_receivable_turnover_ratio": null,
            "reinvestment_rate": -26.97,
            "research_to_sale_ratio": null,
            "price_fair": 90.3,
            "eps_avg_yearly": 2.58,
            "eps_latest_yearly": 0.84,
            "eps_growth_yearly": 888.82
        },
        "20073": {
            "year_quarter": 20073,
            "year": 2007,
            "quarter": 3,
            "eps": 0.9,
            "eps_growth_year": null,
            "eps_4q": 1.3,
            "eps_4q_growth_year": 60.75,
            "roe": 6.41,
            "roe_4q": 9.3,
            "gross_profit": 42870,
            "gross_margin": 14.04,
            "gross_margin_4q_avg": 16.99,
            "net_income": 317730,
            "net_income_4q": null,
            "revenue": 305316,
            "revenue_4q": null,
            "common_shares": 3645960,
            "book_valuer_per_share": 13.98,
            "book_valuer_per_share_4q_avg": 13.82,
            "equity": 5097042,
            "current_ratio": 283.51,
            "debt_ratio": 12.34,
            "inventory_turnover_ratio": 0.97,
            "account_receivable_turnover_ratio": null,
            "reinvestment_rate": -20.01,
            "research_to_sale_ratio": null,
            "price_fair": 93.55,
            "eps_avg_yearly": 2.67,
            "eps_latest_yearly": 3.6,
            "eps_growth_yearly": 927.5
        },
        "20074": {
            "year_quarter": 20074,
            "year": 2007,
            "quarter": 4,
            "eps": -0.2,
            "eps_growth_year": -2100,
            "eps_4q": 0.96,
            "eps_4q_growth_year": 57.1,
            "roe": -1.34,
            "roe_4q": 7.890000000000001,
            "gross_profit": 108191,
            "gross_margin": 20,
            "gross_margin_4q_avg": 17.34,
            "net_income": -71216,
            "net_income_4q": null,
            "revenue": 540936,
            "revenue_4q": null,
            "common_shares": 3645960,
            "book_valuer_per_share": 13.78,
            "book_valuer_per_share_4q_avg": 13.86,
            "equity": 5544532,
            "current_ratio": 130.29,
            "debt_ratio": 56.25,
            "inventory_turnover_ratio": 0.3,
            "account_receivable_turnover_ratio": null,
            "reinvestment_rate": 93.01,
            "research_to_sale_ratio": null,
            "price_fair": 93.55,
            "eps_avg_yearly": 2.67,
            "eps_latest_yearly": 3.6,
            "eps_growth_yearly": 927.5
        },
        "20081": {
            "year_quarter": 20081,
            "year": 2008,
            "quarter": 1,
            "eps": 0.08,
            "eps_growth_year": -57.89,
            "eps_4q": 0.42,
            "eps_4q_growth_year": 32.53,
            "roe": 1.19,
            "roe_4q": 7.75,
            "gross_profit": 302321,
            "gross_margin": 12.84,
            "gross_margin_4q_avg": 15.95,
            "net_income": 65969,
            "net_income_4q": null,
            "revenue": 2353826,
            "revenue_4q": null,
            "common_shares": 3645960,
            "book_valuer_per_share": 13.68,
            "book_valuer_per_share_4q_avg": 13.82,
            "equity": 5540263,
            "current_ratio": 128.77,
            "debt_ratio": 59.19,
            "inventory_turnover_ratio": 0.69,
            "account_receivable_turnover_ratio": null,
            "reinvestment_rate": 151.76,
            "research_to_sale_ratio": null,
            "price_fair": 93.38,
            "eps_avg_yearly": 2.67,
            "eps_latest_yearly": 3.6,
            "eps_growth_yearly": 930.73
        },
        "20082": {
            "year_quarter": 20082,
            "year": 2008,
            "quarter": 2,
            "eps": -0.02,
            "eps_growth_year": -109.52,
            "eps_4q": 0.73,
            "eps_4q_growth_year": 184.46,
            "roe": 0.1,
            "roe_4q": 6.36,
            "gross_profit": 350512,
            "gross_margin": 8.81,
            "gross_margin_4q_avg": 13.92,
            "net_income": 5600,
            "net_income_4q": null,
            "revenue": 3978588,
            "revenue_4q": null,
            "common_shares": 3645960,
            "book_valuer_per_share": 13.5,
            "book_valuer_per_share_4q_avg": 13.74,
            "equity": 5504962,
            "current_ratio": 120.39,
            "debt_ratio": 60.9,
            "inventory_turnover_ratio": 1.27,
            "account_receivable_turnover_ratio": null,
            "reinvestment_rate": 173.2,
            "research_to_sale_ratio": null,
            "price_fair": 89.13,
            "eps_avg_yearly": 2.55,
            "eps_latest_yearly": 3.6,
            "eps_growth_yearly": 1017.15
        },
        "20083": {
            "year_quarter": 20083,
            "year": 2008,
            "quarter": 3,
            "eps": 0,
            "eps_growth_year": -100,
            "eps_4q": -0.14,
            "eps_4q_growth_year": -110.64,
            "roe": -0.08,
            "roe_4q": -0.13000000000000012,
            "gross_profit": 22151,
            "gross_margin": 1.55,
            "gross_margin_4q_avg": 10.8,
            "net_income": -4549,
            "net_income_4q": null,
            "revenue": 1431054,
            "revenue_4q": null,
            "common_shares": 3830383,
            "book_valuer_per_share": 13.22,
            "book_valuer_per_share_4q_avg": 13.55,
            "equity": 5680136,
            "current_ratio": 122.88,
            "debt_ratio": 58.29,
            "inventory_turnover_ratio": 0.51,
            "account_receivable_turnover_ratio": null,
            "reinvestment_rate": 209.98,
            "research_to_sale_ratio": null,
            "price_fair": 87.33,
            "eps_avg_yearly": 2.5,
            "eps_latest_yearly": 3.6,
            "eps_growth_yearly": 1154.93
        },
        "20084": {
            "year_quarter": 20084,
            "year": 2008,
            "quarter": 4,
            "eps": -0.54,
            "eps_growth_year": null,
            "eps_4q": -0.45,
            "eps_4q_growth_year": -147.31,
            "roe": -4.78,
            "roe_4q": -3.5700000000000007,
            "gross_profit": -87165,
            "gross_margin": -5.04,
            "gross_margin_4q_avg": 4.54,
            "net_income": -264361,
            "net_income_4q": null,
            "revenue": 1729164,
            "revenue_4q": null,
            "common_shares": 3830383,
            "book_valuer_per_share": 12.6,
            "book_valuer_per_share_4q_avg": 13.25,
            "equity": 5388780,
            "current_ratio": 113.3,
            "debt_ratio": 52.29,
            "inventory_turnover_ratio": 0.68,
            "account_receivable_turnover_ratio": 2.4,
            "reinvestment_rate": 99.57,
            "research_to_sale_ratio": null,
            "price_fair": 86.8,
            "eps_avg_yearly": 2.48,
            "eps_latest_yearly": 3.6,
            "eps_growth_yearly": 1326.87
        },
        "20091": {
            "year_quarter": 20091,
            "year": 2009,
            "quarter": 1,
            "eps": -0.13,
            "eps_growth_year": -262.5,
            "eps_4q": -0.68,
            "eps_4q_growth_year": -260.98,
            "roe": -1.14,
            "roe_4q": -5.9,
            "gross_profit": 50782,
            "gross_margin": 2.53,
            "gross_margin_4q_avg": 1.96,
            "net_income": -61887,
            "net_income_4q": null,
            "revenue": 2004187,
            "revenue_4q": null,
            "common_shares": 3830383,
            "book_valuer_per_share": 12.78,
            "book_valuer_per_share_4q_avg": 13.03,
            "equity": 5459541,
            "current_ratio": 113.72,
            "debt_ratio": 52.63,
            "inventory_turnover_ratio": 0.99,
            "account_receivable_turnover_ratio": 1.31,
            "reinvestment_rate": 450.48,
            "research_to_sale_ratio": null,
            "price_fair": 75.13,
            "eps_avg_yearly": 2.15,
            "eps_latest_yearly": 3.6,
            "eps_growth_yearly": 1499.81
        },
        "20092": {
            "year_quarter": 20092,
            "year": 2009,
            "quarter": 2,
            "eps": -0.32,
            "eps_growth_year": null,
            "eps_4q": -0.96,
            "eps_4q_growth_year": -231.8,
            "roe": -2.74,
            "roe_4q": -8.74,
            "gross_profit": 72844,
            "gross_margin": 4.11,
            "gross_margin_4q_avg": 0.79,
            "net_income": -146202,
            "net_income_4q": null,
            "revenue": 1771055,
            "revenue_4q": null,
            "common_shares": 3830383,
            "book_valuer_per_share": 12.3,
            "book_valuer_per_share_4q_avg": 12.73,
            "equity": 5230388,
            "current_ratio": 125.2,
            "debt_ratio": 47.32,
            "inventory_turnover_ratio": 1.22,
            "account_receivable_turnover_ratio": 1.21,
            "reinvestment_rate": 1027.76,
            "research_to_sale_ratio": null,
            "price_fair": 62.72,
            "eps_avg_yearly": 1.79,
            "eps_latest_yearly": 3.6,
            "eps_growth_yearly": 1809.77
        },
        "20093": {
            "year_quarter": 20093,
            "year": 2009,
            "quarter": 3,
            "eps": -0.29,
            "eps_growth_year": null,
            "eps_4q": -1.24,
            "eps_4q_growth_year": null,
            "roe": -2.19,
            "roe_4q": -10.85,
            "gross_profit": 65532,
            "gross_margin": 6.59,
            "gross_margin_4q_avg": 2.05,
            "net_income": -113782,
            "net_income_4q": null,
            "revenue": 994520,
            "revenue_4q": null,
            "common_shares": 3830383,
            "book_valuer_per_share": 12.12,
            "book_valuer_per_share_4q_avg": 12.45,
            "equity": 5144315,
            "current_ratio": 130.23,
            "debt_ratio": 46.13,
            "inventory_turnover_ratio": 0.75,
            "account_receivable_turnover_ratio": 0.82,
            "reinvestment_rate": 1404.84,
            "research_to_sale_ratio": null,
            "price_fair": 62.72,
            "eps_avg_yearly": 1.79,
            "eps_latest_yearly": 3.6,
            "eps_growth_yearly": 1809.77
        },
        "20094": {
            "year_quarter": 20094,
            "year": 2009,
            "quarter": 4,
            "eps": 0.11,
            "eps_growth_year": null,
            "eps_4q": -0.63,
            "eps_4q_growth_year": null,
            "roe": 0.59,
            "roe_4q": -5.4799999999999995,
            "gross_profit": 187626,
            "gross_margin": 8.72,
            "gross_margin_4q_avg": 5.49,
            "net_income": 30126,
            "net_income_4q": null,
            "revenue": 2151745,
            "revenue_4q": null,
            "common_shares": 3830383,
            "book_valuer_per_share": 12.5,
            "book_valuer_per_share_4q_avg": 12.43,
            "equity": 5151924,
            "current_ratio": 121.38,
            "debt_ratio": 50.19,
            "inventory_turnover_ratio": 1.26,
            "account_receivable_turnover_ratio": 3.21,
            "reinvestment_rate": 2021.32,
            "research_to_sale_ratio": null,
            "price_fair": 62.72,
            "eps_avg_yearly": 1.79,
            "eps_latest_yearly": 3.6,
            "eps_growth_yearly": 1809.77
        },
        "20101": {
            "year_quarter": 20101,
            "year": 2010,
            "quarter": 1,
            "eps": 0.21,
            "eps_growth_year": null,
            "eps_4q": -0.29,
            "eps_4q_growth_year": null,
            "roe": 1.85,
            "roe_4q": -2.49,
            "gross_profit": 293166,
            "gross_margin": 10.3,
            "gross_margin_4q_avg": 7.43,
            "net_income": 96147,
            "net_income_4q": null,
            "revenue": 2845202,
            "revenue_4q": null,
            "common_shares": 3830383,
            "book_valuer_per_share": 12.66,
            "book_valuer_per_share_4q_avg": 12.4,
            "equity": 5228070,
            "current_ratio": 118.76,
            "debt_ratio": 53.09,
            "inventory_turnover_ratio": 1.42,
            "account_receivable_turnover_ratio": 1.74,
            "reinvestment_rate": 7503.76,
            "research_to_sale_ratio": 0.86,
            "price_fair": 50.96,
            "eps_avg_yearly": 1.46,
            "eps_latest_yearly": 0.84,
            "eps_growth_yearly": 1743.37
        },
        "20102": {
            "year_quarter": 20102,
            "year": 2010,
            "quarter": 2,
            "eps": 0.34,
            "eps_growth_year": null,
            "eps_4q": 0.37,
            "eps_4q_growth_year": null,
            "roe": 2.94,
            "roe_4q": 3.19,
            "gross_profit": 494144,
            "gross_margin": 14.57,
            "gross_margin_4q_avg": 10.05,
            "net_income": 156944,
            "net_income_4q": null,
            "revenue": 3391995,
            "revenue_4q": null,
            "common_shares": 3830383,
            "book_valuer_per_share": 13.15,
            "book_valuer_per_share_4q_avg": 12.61,
            "equity": 5452422,
            "current_ratio": 143.23,
            "debt_ratio": 56.5,
            "inventory_turnover_ratio": 1.59,
            "account_receivable_turnover_ratio": 1.54,
            "reinvestment_rate": 5561.78,
            "research_to_sale_ratio": 0.88,
            "price_fair": 51.8,
            "eps_avg_yearly": 1.48,
            "eps_latest_yearly": 1.36,
            "eps_growth_yearly": 1833.53
        },
        "20103": {
            "year_quarter": 20103,
            "year": 2010,
            "quarter": 3,
            "eps": 0.41,
            "eps_growth_year": null,
            "eps_4q": 1.03,
            "eps_4q_growth_year": null,
            "roe": 3.32,
            "roe_4q": 8.7,
            "gross_profit": 440069,
            "gross_margin": 14.41,
            "gross_margin_4q_avg": 12,
            "net_income": 187575,
            "net_income_4q": null,
            "revenue": 3054046,
            "revenue_4q": null,
            "common_shares": 4034753,
            "book_valuer_per_share": 13.44,
            "book_valuer_per_share_4q_avg": 12.94,
            "equity": 5855338,
            "current_ratio": 152.03,
            "debt_ratio": 55.07,
            "inventory_turnover_ratio": 1.33,
            "account_receivable_turnover_ratio": 1.31,
            "reinvestment_rate": 838.37,
            "research_to_sale_ratio": 0.94,
            "price_fair": 52.73,
            "eps_avg_yearly": 1.51,
            "eps_latest_yearly": 1.64,
            "eps_growth_yearly": 1541.67
        },
        "20104": {
            "year_quarter": 20104,
            "year": 2010,
            "quarter": 4,
            "eps": 0.23,
            "eps_growth_year": 104.77,
            "eps_4q": 1.15,
            "eps_4q_growth_year": null,
            "roe": 1.82,
            "roe_4q": 9.93,
            "gross_profit": 405495,
            "gross_margin": 12.3,
            "gross_margin_4q_avg": 12.9,
            "net_income": 105811,
            "net_income_4q": null,
            "revenue": 3296161,
            "revenue_4q": null,
            "common_shares": 3934923,
            "book_valuer_per_share": 13.21,
            "book_valuer_per_share_4q_avg": 13.12,
            "equity": 5751880,
            "current_ratio": 147.84,
            "debt_ratio": 55,
            "inventory_turnover_ratio": 1.32,
            "account_receivable_turnover_ratio": 1.49,
            "reinvestment_rate": 764.59,
            "research_to_sale_ratio": 1.04,
            "price_fair": 49.8,
            "eps_avg_yearly": 1.42,
            "eps_latest_yearly": 0.92,
            "eps_growth_yearly": 1296.34
        },
        "20111": {
            "year_quarter": 20111,
            "year": 2011,
            "quarter": 1,
            "eps": 0.37,
            "eps_growth_year": 76.19,
            "eps_4q": 1.32,
            "eps_4q_growth_year": null,
            "roe": 2.83,
            "roe_4q": 10.91,
            "gross_profit": 481187,
            "gross_margin": 12.39,
            "gross_margin_4q_avg": 13.42,
            "net_income": 166291,
            "net_income_4q": null,
            "revenue": 3884447,
            "revenue_4q": null,
            "common_shares": 3934923,
            "book_valuer_per_share": 13.71,
            "book_valuer_per_share_4q_avg": 13.38,
            "equity": 5980047,
            "current_ratio": 138.53,
            "debt_ratio": 57.76,
            "inventory_turnover_ratio": 1.43,
            "account_receivable_turnover_ratio": 1.46,
            "reinvestment_rate": 1451.48,
            "research_to_sale_ratio": 0.77,
            "price_fair": 53.4,
            "eps_avg_yearly": 1.53,
            "eps_latest_yearly": 1.48,
            "eps_growth_yearly": 302.55
        },
        "20112": {
            "year_quarter": 20112,
            "year": 2011,
            "quarter": 2,
            "eps": 0.62,
            "eps_growth_year": 84.23,
            "eps_4q": 1.54,
            "eps_4q_growth_year": 320.32,
            "roe": 5.19,
            "roe_4q": 13.16,
            "gross_profit": 682341,
            "gross_margin": 14.79,
            "gross_margin_4q_avg": 13.47,
            "net_income": 320065,
            "net_income_4q": null,
            "revenue": 4612564,
            "revenue_4q": null,
            "common_shares": 4161713,
            "book_valuer_per_share": 13.73,
            "book_valuer_per_share_4q_avg": 13.52,
            "equity": 6348738,
            "current_ratio": 137.53,
            "debt_ratio": 56.97,
            "inventory_turnover_ratio": 1.74,
            "account_receivable_turnover_ratio": 1.53,
            "reinvestment_rate": 1087.25,
            "research_to_sale_ratio": 0.84,
            "price_fair": 61.6,
            "eps_avg_yearly": 1.76,
            "eps_latest_yearly": 2.48,
            "eps_growth_yearly": 335.15
        },
        "20113": {
            "year_quarter": 20113,
            "year": 2011,
            "quarter": 3,
            "eps": 0.56,
            "eps_growth_year": 36.98,
            "eps_4q": 1.72,
            "eps_4q_growth_year": 67.52,
            "roe": 3.99,
            "roe_4q": 13.83,
            "gross_profit": 590494,
            "gross_margin": 14.45,
            "gross_margin_4q_avg": 13.48,
            "net_income": 266108,
            "net_income_4q": null,
            "revenue": 4086675,
            "revenue_4q": null,
            "common_shares": 4286564,
            "book_valuer_per_share": 14.66,
            "book_valuer_per_share_4q_avg": 13.83,
            "equity": 7000988,
            "current_ratio": 145.55,
            "debt_ratio": 53.69,
            "inventory_turnover_ratio": 1.7,
            "account_receivable_turnover_ratio": 1.22,
            "reinvestment_rate": 577.14,
            "research_to_sale_ratio": 1.05,
            "price_fair": 54.8,
            "eps_avg_yearly": 1.57,
            "eps_latest_yearly": 2.24,
            "eps_growth_yearly": 141.86
        },
        "20114": {
            "year_quarter": 20114,
            "year": 2011,
            "quarter": 4,
            "eps": 0.47,
            "eps_growth_year": 107.4,
            "eps_4q": 1.98,
            "eps_4q_growth_year": 71.96,
            "roe": 3.06,
            "roe_4q": 15.070000000000002,
            "gross_profit": 631074,
            "gross_margin": 14.99,
            "gross_margin_4q_avg": 14.16,
            "net_income": 223164,
            "net_income_4q": null,
            "revenue": 4209904,
            "revenue_4q": null,
            "common_shares": 4286564,
            "book_valuer_per_share": 15.31,
            "book_valuer_per_share_4q_avg": 14.35,
            "equity": 7581920,
            "current_ratio": 148.4,
            "debt_ratio": 53.48,
            "inventory_turnover_ratio": 1.8,
            "account_receivable_turnover_ratio": 1.19,
            "reinvestment_rate": 716.27,
            "research_to_sale_ratio": 1.05,
            "price_fair": 56.18,
            "eps_avg_yearly": 1.61,
            "eps_latest_yearly": 1.88,
            "eps_growth_yearly": 116.09
        },
        "20121": {
            "year_quarter": 20121,
            "year": 2012,
            "quarter": 1,
            "eps": 0.61,
            "eps_growth_year": 64.86,
            "eps_4q": 2.26,
            "eps_4q_growth_year": 70.99,
            "roe": 3.85,
            "roe_4q": 16.09,
            "gross_profit": 732042,
            "gross_margin": 17.25,
            "gross_margin_4q_avg": 15.37,
            "net_income": 294927,
            "net_income_4q": null,
            "revenue": 4244254,
            "revenue_4q": null,
            "common_shares": 4286564,
            "book_valuer_per_share": 15.63,
            "book_valuer_per_share_4q_avg": 14.83,
            "equity": 7723807,
            "current_ratio": 168.71,
            "debt_ratio": 53.52,
            "inventory_turnover_ratio": 1.86,
            "account_receivable_turnover_ratio": 1.22,
            "reinvestment_rate": 648.19,
            "research_to_sale_ratio": 0.88,
            "price_fair": 59.42,
            "eps_avg_yearly": 1.7,
            "eps_latest_yearly": 2.44,
            "eps_growth_yearly": 116.43
        },
        "20122": {
            "year_quarter": 20122,
            "year": 2012,
            "quarter": 2,
            "eps": 0.62,
            "eps_growth_year": -0.21,
            "eps_4q": 2.21,
            "eps_4q_growth_year": 43.59,
            "roe": 4.08,
            "roe_4q": 14.98,
            "gross_profit": 803562,
            "gross_margin": 17.42,
            "gross_margin_4q_avg": 16.03,
            "net_income": 311932,
            "net_income_4q": null,
            "revenue": 4613370,
            "revenue_4q": null,
            "common_shares": 4286564,
            "book_valuer_per_share": 15.13,
            "book_valuer_per_share_4q_avg": 15.18,
            "equity": 7559890,
            "current_ratio": 141.27,
            "debt_ratio": 54.9,
            "inventory_turnover_ratio": 2.26,
            "account_receivable_turnover_ratio": 1.31,
            "reinvestment_rate": 574.59,
            "research_to_sale_ratio": 1.03,
            "price_fair": 62.16,
            "eps_avg_yearly": 1.78,
            "eps_latest_yearly": 2.48,
            "eps_growth_yearly": 105.45
        },
        "20123": {
            "year_quarter": 20123,
            "year": 2012,
            "quarter": 3,
            "eps": 0.5,
            "eps_growth_year": -11.53,
            "eps_4q": 2.16,
            "eps_4q_growth_year": 25.37,
            "roe": 3.35,
            "roe_4q": 14.34,
            "gross_profit": 491826,
            "gross_margin": 16.94,
            "gross_margin_4q_avg": 16.65,
            "net_income": 255180,
            "net_income_4q": null,
            "revenue": 2903738,
            "revenue_4q": null,
            "common_shares": 4415161,
            "book_valuer_per_share": 14.89,
            "book_valuer_per_share_4q_avg": 15.24,
            "equity": 7658714,
            "current_ratio": 147.84,
            "debt_ratio": 53.75,
            "inventory_turnover_ratio": 1.66,
            "account_receivable_turnover_ratio": 0.86,
            "reinvestment_rate": 476.32,
            "research_to_sale_ratio": 1.56,
            "price_fair": 62.87,
            "eps_avg_yearly": 1.8,
            "eps_latest_yearly": 2,
            "eps_growth_yearly": 88.82
        },
        "20124": {
            "year_quarter": 20124,
            "year": 2012,
            "quarter": 4,
            "eps": 0.5,
            "eps_growth_year": 7.9,
            "eps_4q": 2.21,
            "eps_4q_growth_year": 11.47,
            "roe": 3.58,
            "roe_4q": 14.86,
            "gross_profit": 587883,
            "gross_margin": 16.68,
            "gross_margin_4q_avg": 17.07,
            "net_income": 278042,
            "net_income_4q": null,
            "revenue": 3524112,
            "revenue_4q": null,
            "common_shares": 4415161,
            "book_valuer_per_share": 15.28,
            "book_valuer_per_share_4q_avg": 15.23,
            "equity": 7886794,
            "current_ratio": 151.77,
            "debt_ratio": 53.24,
            "inventory_turnover_ratio": 2.04,
            "account_receivable_turnover_ratio": 1.01,
            "reinvestment_rate": 60.46,
            "research_to_sale_ratio": 2.01,
            "price_fair": 63.47,
            "eps_avg_yearly": 1.81,
            "eps_latest_yearly": 2,
            "eps_growth_yearly": 81.42
        },
        "20131": {
            "year_quarter": 20131,
            "year": 2013,
            "quarter": 1,
            "eps": 0.41,
            "eps_growth_year": -32.79,
            "eps_4q": 2.02,
            "eps_4q_growth_year": -10.4,
            "roe": 2.76,
            "roe_4q": 13.77,
            "gross_profit": 644422,
            "gross_margin": 16.27,
            "gross_margin_4q_avg": 16.83,
            "net_income": 222508,
            "net_income_4q": null,
            "revenue": 3960108,
            "revenue_4q": null,
            "common_shares": 4415161,
            "book_valuer_per_share": 15.93,
            "book_valuer_per_share_4q_avg": 15.31,
            "equity": 8241559,
            "current_ratio": 150.03,
            "debt_ratio": 54.67,
            "inventory_turnover_ratio": 2.05,
            "account_receivable_turnover_ratio": 1.07,
            "reinvestment_rate": 57.4,
            "research_to_sale_ratio": 1.48,
            "price_fair": 63,
            "eps_avg_yearly": 1.8,
            "eps_latest_yearly": 1.64,
            "eps_growth_yearly": 69.62
        },
        "20132": {
            "year_quarter": 20132,
            "year": 2013,
            "quarter": 2,
            "eps": 0.62,
            "eps_growth_year": 0.47,
            "eps_4q": 1.99,
            "eps_4q_growth_year": -10.18,
            "roe": 3.9,
            "roe_4q": 13.59,
            "gross_profit": 828648,
            "gross_margin": 17.91,
            "gross_margin_4q_avg": 16.95,
            "net_income": 323242,
            "net_income_4q": null,
            "revenue": 4627436,
            "revenue_4q": null,
            "common_shares": 4415161,
            "book_valuer_per_share": 15.37,
            "book_valuer_per_share_4q_avg": 15.37,
            "equity": 8315203,
            "current_ratio": 140.44,
            "debt_ratio": 59.3,
            "inventory_turnover_ratio": 2.15,
            "account_receivable_turnover_ratio": 1.11,
            "reinvestment_rate": 57.86,
            "research_to_sale_ratio": 1.46,
            "price_fair": 64.7,
            "eps_avg_yearly": 1.85,
            "eps_latest_yearly": 2.48,
            "eps_growth_yearly": 79.28
        },
        "20133": {
            "year_quarter": 20133,
            "year": 2013,
            "quarter": 3,
            "eps": 0.47,
            "eps_growth_year": -5.34,
            "eps_4q": 1.97,
            "eps_4q_growth_year": -8.81,
            "roe": 2.88,
            "roe_4q": 13.12,
            "gross_profit": 603505,
            "gross_margin": 16.23,
            "gross_margin_4q_avg": 16.77,
            "net_income": 244011,
            "net_income_4q": null,
            "revenue": 3717526,
            "revenue_4q": null,
            "common_shares": 4547616,
            "book_valuer_per_share": 15.31,
            "book_valuer_per_share_4q_avg": 15.47,
            "equity": 8605790,
            "current_ratio": 150.5,
            "debt_ratio": 56.29,
            "inventory_turnover_ratio": 1.73,
            "account_receivable_turnover_ratio": 0.85,
            "reinvestment_rate": 51.32,
            "research_to_sale_ratio": 2,
            "price_fair": 64.77,
            "eps_avg_yearly": 1.85,
            "eps_latest_yearly": 1.88,
            "eps_growth_yearly": 67.54
        },
        "20134": {
            "year_quarter": 20134,
            "year": 2013,
            "quarter": 4,
            "eps": 0.53,
            "eps_growth_year": 5.79,
            "eps_4q": 2.02,
            "eps_4q_growth_year": -8.91,
            "roe": 3.04,
            "roe_4q": 12.58,
            "gross_profit": 639217,
            "gross_margin": 15.34,
            "gross_margin_4q_avg": 16.44,
            "net_income": 267729,
            "net_income_4q": null,
            "revenue": 4168317,
            "revenue_4q": null,
            "common_shares": 4547616,
            "book_valuer_per_share": 16.04,
            "book_valuer_per_share_4q_avg": 15.66,
            "equity": 8983778,
            "current_ratio": 151.18,
            "debt_ratio": 54.66,
            "inventory_turnover_ratio": 1.86,
            "account_receivable_turnover_ratio": 1.02,
            "reinvestment_rate": -46.29,
            "research_to_sale_ratio": 2.21,
            "price_fair": 65.36,
            "eps_avg_yearly": 1.87,
            "eps_latest_yearly": 2.12,
            "eps_growth_yearly": 66.51
        },
        "20141": {
            "year_quarter": 20141,
            "year": 2014,
            "quarter": 1,
            "eps": 0.59,
            "eps_growth_year": 43.9,
            "eps_4q": 2.21,
            "eps_4q_growth_year": 8.96,
            "roe": 3.45,
            "roe_4q": 13.270000000000001,
            "gross_profit": 817926,
            "gross_margin": 16.02,
            "gross_margin_4q_avg": 16.38,
            "net_income": 317184,
            "net_income_4q": null,
            "revenue": 5105461,
            "revenue_4q": null,
            "common_shares": 4547616,
            "book_valuer_per_share": 16.76,
            "book_valuer_per_share_4q_avg": 15.87,
            "equity": 9380692,
            "current_ratio": 150.97,
            "debt_ratio": 55.6,
            "inventory_turnover_ratio": 2.16,
            "account_receivable_turnover_ratio": 1.2,
            "reinvestment_rate": -40.41,
            "research_to_sale_ratio": 1.81,
            "price_fair": 68.69,
            "eps_avg_yearly": 1.96,
            "eps_latest_yearly": 2.36,
            "eps_growth_yearly": 46.62
        },
        "20142": {
            "year_quarter": 20142,
            "year": 2014,
            "quarter": 2,
            "eps": 0.64,
            "eps_growth_year": 3.23,
            "eps_4q": 2.18,
            "eps_4q_growth_year": 10.06,
            "roe": 3.72,
            "roe_4q": 13.09,
            "gross_profit": 915720,
            "gross_margin": 18.52,
            "gross_margin_4q_avg": 16.53,
            "net_income": 340059,
            "net_income_4q": null,
            "revenue": 4945164,
            "revenue_4q": null,
            "common_shares": 4547616,
            "book_valuer_per_share": 15.65,
            "book_valuer_per_share_4q_avg": 15.94,
            "equity": 8884211,
            "current_ratio": 146.18,
            "debt_ratio": 56.28,
            "inventory_turnover_ratio": 2.04,
            "account_receivable_turnover_ratio": 1.03,
            "reinvestment_rate": -41.52,
            "research_to_sale_ratio": 2.42,
            "price_fair": 71.31,
            "eps_avg_yearly": 2.04,
            "eps_latest_yearly": 2.56,
            "eps_growth_yearly": 33.26
        },
        "20143": {
            "year_quarter": 20143,
            "year": 2014,
            "quarter": 3,
            "eps": 0.68,
            "eps_growth_year": 44.68,
            "eps_4q": 2.41,
            "eps_4q_growth_year": 22.47,
            "roe": 3.65,
            "roe_4q": 13.86,
            "gross_profit": 784187,
            "gross_margin": 18.3,
            "gross_margin_4q_avg": 17.05,
            "net_income": 337990,
            "net_income_4q": null,
            "revenue": 4285220,
            "revenue_4q": null,
            "common_shares": 4684044,
            "book_valuer_per_share": 16.13,
            "book_valuer_per_share_4q_avg": 16.15,
            "equity": 9628322,
            "current_ratio": 157.75,
            "debt_ratio": 52.99,
            "inventory_turnover_ratio": 1.88,
            "account_receivable_turnover_ratio": 0.81,
            "reinvestment_rate": 56.57,
            "research_to_sale_ratio": 2.24,
            "price_fair": 73.68,
            "eps_avg_yearly": 2.11,
            "eps_latest_yearly": 2.72,
            "eps_growth_yearly": 29.67
        },
        "20144": {
            "year_quarter": 20144,
            "year": 2014,
            "quarter": 4,
            "eps": 0.41,
            "eps_growth_year": -23.64,
            "eps_4q": 2.3,
            "eps_4q_growth_year": 14.32,
            "roe": 2.18,
            "roe_4q": 13,
            "gross_profit": 636412,
            "gross_margin": 16.79,
            "gross_margin_4q_avg": 17.41,
            "net_income": 217444,
            "net_income_4q": null,
            "revenue": 3790721,
            "revenue_4q": null,
            "common_shares": 4684044,
            "book_valuer_per_share": 17.2,
            "book_valuer_per_share_4q_avg": 16.44,
            "equity": 10309146,
            "current_ratio": 156.7,
            "debt_ratio": 51.8,
            "inventory_turnover_ratio": 1.62,
            "account_receivable_turnover_ratio": 0.66,
            "reinvestment_rate": -34.08,
            "research_to_sale_ratio": 2.95,
            "price_fair": 75.25,
            "eps_avg_yearly": 2.15,
            "eps_latest_yearly": 1.64,
            "eps_growth_yearly": 30.72
        },
        "20151": {
            "year_quarter": 20151,
            "year": 2015,
            "quarter": 1,
            "eps": 0.51,
            "eps_growth_year": -13.56,
            "eps_4q": 2.24,
            "eps_4q_growth_year": 1.78,
            "roe": 2.66,
            "roe_4q": 12.21,
            "gross_profit": 753998,
            "gross_margin": 17.79,
            "gross_margin_4q_avg": 17.85,
            "net_income": 275689,
            "net_income_4q": null,
            "revenue": 4237391,
            "revenue_4q": null,
            "common_shares": 4684044,
            "book_valuer_per_share": 17.45,
            "book_valuer_per_share_4q_avg": 16.61,
            "equity": 10437819,
            "current_ratio": 156.3,
            "debt_ratio": 52.54,
            "inventory_turnover_ratio": 1.52,
            "account_receivable_turnover_ratio": 0.74,
            "reinvestment_rate": -54.39,
            "research_to_sale_ratio": 2.46,
            "price_fair": 69.05,
            "eps_avg_yearly": 2.19,
            "eps_latest_yearly": 2.04,
            "eps_growth_yearly": 21.6
        },
        "20152": {
            "year_quarter": 20152,
            "year": 2015,
            "quarter": 2,
            "eps": 0.62,
            "eps_growth_year": -3.12,
            "eps_4q": 2.22,
            "eps_4q_growth_year": 1.39,
            "roe": 3.04,
            "roe_4q": 11.530000000000001,
            "gross_profit": 793978,
            "gross_margin": 17.06,
            "gross_margin_4q_avg": 17.49,
            "net_income": 302477,
            "net_income_4q": null,
            "revenue": 4654024,
            "revenue_4q": null,
            "common_shares": 4684044,
            "book_valuer_per_share": 15.9,
            "book_valuer_per_share_4q_avg": 16.67,
            "equity": 9485770,
            "current_ratio": 141.25,
            "debt_ratio": 57.54,
            "inventory_turnover_ratio": 1.81,
            "account_receivable_turnover_ratio": 0.8,
            "reinvestment_rate": -64.16,
            "research_to_sale_ratio": 2.52,
            "price_fair": 43.93,
            "eps_avg_yearly": 2.19,
            "eps_latest_yearly": 2.48,
            "eps_growth_yearly": 10.1
        },
        "20153": {
            "year_quarter": 20153,
            "year": 2015,
            "quarter": 3,
            "eps": 0.5,
            "eps_growth_year": -26.47,
            "eps_4q": 2.04,
            "eps_4q_growth_year": -15.69,
            "roe": 2.43,
            "roe_4q": 10.31,
            "gross_profit": 565677,
            "gross_margin": 17.11,
            "gross_margin_4q_avg": 17.19,
            "net_income": 235707,
            "net_income_4q": null,
            "revenue": 3306495,
            "revenue_4q": null,
            "common_shares": 4684044,
            "book_valuer_per_share": 16.75,
            "book_valuer_per_share_4q_avg": 16.83,
            "equity": 9922143,
            "current_ratio": 162.85,
            "debt_ratio": 53.94,
            "inventory_turnover_ratio": 1.55,
            "account_receivable_turnover_ratio": 0.56,
            "reinvestment_rate": 42.22,
            "research_to_sale_ratio": 3.59,
            "price_fair": 38.37,
            "eps_avg_yearly": 2.17,
            "eps_latest_yearly": 2,
            "eps_growth_yearly": 7.68
        },
        "20154": {
            "year_quarter": 20154,
            "year": 2015,
            "quarter": 4,
            "eps": 0.23,
            "eps_growth_year": -43.99,
            "eps_4q": 1.86,
            "eps_4q_growth_year": -19.43,
            "roe": 1.06,
            "roe_4q": 9.190000000000001,
            "gross_profit": 555531,
            "gross_margin": 16.19,
            "gross_margin_4q_avg": 17.04,
            "net_income": 105323,
            "net_income_4q": null,
            "revenue": 3432137,
            "revenue_4q": null,
            "common_shares": 4684044,
            "book_valuer_per_share": 16.56,
            "book_valuer_per_share_4q_avg": 16.67,
            "equity": 9946527,
            "current_ratio": 149.87,
            "debt_ratio": 53.48,
            "inventory_turnover_ratio": 1.64,
            "account_receivable_turnover_ratio": 0.64,
            "reinvestment_rate": -117.28,
            "research_to_sale_ratio": 3.54,
            "price_fair": 6.33,
            "eps_avg_yearly": 2.11,
            "eps_latest_yearly": 0.92,
            "eps_growth_yearly": -1.8
        },
        "20161": {
            "year_quarter": 20161,
            "year": 2016,
            "quarter": 1,
            "eps": 0.65,
            "eps_growth_year": 27.45,
            "eps_4q": 1.99,
            "eps_4q_growth_year": -11.24,
            "roe": 3.37,
            "roe_4q": 9.899999999999999,
            "gross_profit": 943133,
            "gross_margin": 21.5,
            "gross_margin_4q_avg": 17.97,
            "net_income": 339061,
            "net_income_4q": null,
            "revenue": 4386745,
            "revenue_4q": null,
            "common_shares": 4684044,
            "book_valuer_per_share": 17.03,
            "book_valuer_per_share_4q_avg": 16.56,
            "equity": 10178416,
            "current_ratio": 150.7,
            "debt_ratio": 52.95,
            "inventory_turnover_ratio": 1.92,
            "account_receivable_turnover_ratio": 0.9,
            "reinvestment_rate": -127.15,
            "research_to_sale_ratio": 2.3,
            "price_fair": 74.2,
            "eps_avg_yearly": 2.12,
            "eps_latest_yearly": 2.6,
            "eps_growth_yearly": 36.41
        },
        "20162": {
            "year_quarter": 20162,
            "year": 2016,
            "quarter": 2,
            "eps": 1.1,
            "eps_growth_year": 77.42,
            "eps_4q": 2.48,
            "eps_4q_growth_year": 11.82,
            "roe": 5.74,
            "roe_4q": 12.6,
            "gross_profit": 1234791,
            "gross_margin": 24.36,
            "gross_margin_4q_avg": 19.79,
            "net_income": 551619,
            "net_income_4q": null,
            "revenue": 5068960,
            "revenue_4q": null,
            "common_shares": 4684044,
            "book_valuer_per_share": 15.82,
            "book_valuer_per_share_4q_avg": 16.54,
            "equity": 9033556,
            "current_ratio": 137.75,
            "debt_ratio": 57.16,
            "inventory_turnover_ratio": 2.14,
            "account_receivable_turnover_ratio": 0.97,
            "reinvestment_rate": -140.89,
            "research_to_sale_ratio": 2.07,
            "price_fair": 78.4,
            "eps_avg_yearly": 2.24,
            "eps_latest_yearly": 4.4,
            "eps_growth_yearly": 53.31
        },
        "20163": {
            "year_quarter": 20163,
            "year": 2016,
            "quarter": 3,
            "eps": 0.58,
            "eps_growth_year": 16,
            "eps_4q": 2.48,
            "eps_4q_growth_year": 21.97,
            "roe": 3,
            "roe_4q": 13.17,
            "gross_profit": 798114,
            "gross_margin": 20.99,
            "gross_margin_4q_avg": 20.76,
            "net_income": 276841,
            "net_income_4q": null,
            "revenue": 3802313,
            "revenue_4q": null,
            "common_shares": 4684044,
            "book_valuer_per_share": 16.19,
            "book_valuer_per_share_4q_avg": 16.4,
            "equity": 9411776,
            "current_ratio": 142.35,
            "debt_ratio": 54.73,
            "inventory_turnover_ratio": 1.57,
            "account_receivable_turnover_ratio": 0.65,
            "reinvestment_rate": -142.9,
            "research_to_sale_ratio": 2.77,
            "price_fair": 79.1,
            "eps_avg_yearly": 2.26,
            "eps_latest_yearly": 2.32,
            "eps_growth_yearly": 46.33
        },
        "20164": {
            "year_quarter": 20164,
            "year": 2016,
            "quarter": 4,
            "eps": 0.48,
            "eps_growth_year": 109.63,
            "eps_4q": 2.74,
            "eps_4q_growth_year": 47.62,
            "roe": 2.4,
            "roe_4q": 14.510000000000002,
            "gross_profit": 698171,
            "gross_margin": 15.81,
            "gross_margin_4q_avg": 20.67,
            "net_income": 227212,
            "net_income_4q": null,
            "revenue": 4416237,
            "revenue_4q": null,
            "common_shares": 4838821,
            "book_valuer_per_share": 16.38,
            "book_valuer_per_share_4q_avg": 16.36,
            "equity": 9486056,
            "current_ratio": 142.33,
            "debt_ratio": 56.13,
            "inventory_turnover_ratio": 1.74,
            "account_receivable_turnover_ratio": 0.71,
            "reinvestment_rate": 3.01,
            "research_to_sale_ratio": 2.78,
            "price_fair": 78.93,
            "eps_avg_yearly": 2.26,
            "eps_latest_yearly": 1.92,
            "eps_growth_yearly": 42.02
        },
        "20171": {
            "year_quarter": 20171,
            "year": 2017,
            "quarter": 1,
            "eps": 0.52,
            "eps_growth_year": -20,
            "eps_4q": 2.62,
            "eps_4q_growth_year": 31.68,
            "roe": 2.61,
            "roe_4q": 13.75,
            "gross_profit": 725927,
            "gross_margin": 15.72,
            "gross_margin_4q_avg": 19.22,
            "net_income": 244908,
            "net_income_4q": null,
            "revenue": 4619315,
            "revenue_4q": null,
            "common_shares": 4860623,
            "book_valuer_per_share": 16.02,
            "book_valuer_per_share_4q_avg": 16.1,
            "equity": 9276042,
            "current_ratio": 162.88,
            "debt_ratio": 54.74,
            "inventory_turnover_ratio": 1.74,
            "account_receivable_turnover_ratio": 0.7,
            "reinvestment_rate": -4.12,
            "research_to_sale_ratio": 2.15,
            "price_fair": 79.89,
            "eps_avg_yearly": 2.28,
            "eps_latest_yearly": 2.08,
            "eps_growth_yearly": 48.6
        },
        "20172": {
            "year_quarter": 20172,
            "year": 2017,
            "quarter": 2,
            "eps": 0.7,
            "eps_growth_year": -36.36,
            "eps_4q": 2.25,
            "eps_4q_growth_year": -9.15,
            "roe": 3.92,
            "roe_4q": 11.93,
            "gross_profit": 862235,
            "gross_margin": 15.92,
            "gross_margin_4q_avg": 17.11,
            "net_income": 352870,
            "net_income_4q": null,
            "revenue": 5416461,
            "revenue_4q": null,
            "common_shares": 4879372,
            "book_valuer_per_share": 14.81,
            "book_valuer_per_share_4q_avg": 15.85,
            "equity": 8704963,
            "current_ratio": 143.55,
            "debt_ratio": 59.72,
            "inventory_turnover_ratio": 2.13,
            "account_receivable_turnover_ratio": 0.74,
            "reinvestment_rate": -2.05,
            "research_to_sale_ratio": 1.98,
            "price_fair": 80.59,
            "eps_avg_yearly": 2.3,
            "eps_latest_yearly": 2.8,
            "eps_growth_yearly": 44.45
        },
        "20173": {
            "year_quarter": 20173,
            "year": 2017,
            "quarter": 3,
            "eps": 0.35,
            "eps_growth_year": -39.66,
            "eps_4q": 2.02,
            "eps_4q_growth_year": -18.5,
            "roe": 1.9,
            "roe_4q": 10.83,
            "gross_profit": 609723,
            "gross_margin": 13.25,
            "gross_margin_4q_avg": 15.18,
            "net_income": 169029,
            "net_income_4q": null,
            "revenue": 4601504,
            "revenue_4q": null,
            "common_shares": 4901578,
            "book_valuer_per_share": 15.51,
            "book_valuer_per_share_4q_avg": 15.68,
            "equity": 9122180,
            "current_ratio": 139.28,
            "debt_ratio": 59.53,
            "inventory_turnover_ratio": 1.9,
            "account_receivable_turnover_ratio": 0.56,
            "reinvestment_rate": 10.47,
            "research_to_sale_ratio": 2.41,
            "price_fair": 79.54,
            "eps_avg_yearly": 2.27,
            "eps_latest_yearly": 1.4,
            "eps_growth_yearly": 38
        },
        "20174": {
            "year_quarter": 20174,
            "year": 2017,
            "quarter": 4,
            "eps": 0.53,
            "eps_growth_year": 10.64,
            "eps_4q": 2.08,
            "eps_4q_growth_year": -24.12,
            "roe": 2.96,
            "roe_4q": 11.389999999999999,
            "gross_profit": 799099,
            "gross_margin": 15.4,
            "gross_margin_4q_avg": 15.07,
            "net_income": 274034,
            "net_income_4q": null,
            "revenue": 5189609,
            "revenue_4q": null,
            "common_shares": 4921784,
            "book_valuer_per_share": 16.03,
            "book_valuer_per_share_4q_avg": 15.59,
            "equity": 9403600,
            "current_ratio": 137.86,
            "debt_ratio": 60.92,
            "inventory_turnover_ratio": 1.88,
            "account_receivable_turnover_ratio": 0.59,
            "reinvestment_rate": 10.55,
            "research_to_sale_ratio": 2.09,
            "price_fair": 79.54,
            "eps_avg_yearly": 2.27,
            "eps_latest_yearly": 2.12,
            "eps_growth_yearly": 47.66
        },
        "20181": {
            "year_quarter": 20181,
            "year": 2018,
            "quarter": 1,
            "eps": 0.52,
            "eps_growth_year": 0,
            "eps_4q": 2.07,
            "eps_4q_growth_year": -20.98,
            "roe": 2.87,
            "roe_4q": 11.65,
            "gross_profit": 860945,
            "gross_margin": 14.52,
            "gross_margin_4q_avg": 14.77,
            "net_income": 276885,
            "net_income_4q": null,
            "revenue": 5929114,
            "revenue_4q": null,
            "common_shares": 4926627,
            "book_valuer_per_share": 16.9,
            "book_valuer_per_share_4q_avg": 15.81,
            "equity": 9895423,
            "current_ratio": 149.54,
            "debt_ratio": 60.39,
            "inventory_turnover_ratio": 2.08,
            "account_receivable_turnover_ratio": 0.62,
            "reinvestment_rate": 14.61,
            "research_to_sale_ratio": 1.76,
            "price_fair": 78.93,
            "eps_avg_yearly": 2.26,
            "eps_latest_yearly": 2.08,
            "eps_growth_yearly": 44.36
        },
        "20182": {
            "year_quarter": 20182,
            "year": 2018,
            "quarter": 2,
            "eps": 0.84,
            "eps_growth_year": 20,
            "eps_4q": 2.21,
            "eps_4q_growth_year": -1.63,
            "roe": 4.6,
            "roe_4q": 12.33,
            "gross_profit": 1099840,
            "gross_margin": 16.53,
            "gross_margin_4q_avg": 14.93,
            "net_income": 445452,
            "net_income_4q": null,
            "revenue": 6653245,
            "revenue_4q": null,
            "common_shares": 4956863,
            "book_valuer_per_share": 15.9,
            "book_valuer_per_share_4q_avg": 16.09,
            "equity": 9483656,
            "current_ratio": 136.66,
            "debt_ratio": 65.4,
            "inventory_turnover_ratio": 2.48,
            "account_receivable_turnover_ratio": 0.64,
            "reinvestment_rate": 16.51,
            "research_to_sale_ratio": 1.99,
            "price_fair": 80.68,
            "eps_avg_yearly": 2.31,
            "eps_latest_yearly": 3.36,
            "eps_growth_yearly": 57.63
        },
        "20183": {
            "year_quarter": 20183,
            "year": 2018,
            "quarter": 3,
            "eps": 0.39,
            "eps_growth_year": 11.43,
            "eps_4q": 2.24,
            "eps_4q_growth_year": 10.54,
            "roe": 2.13,
            "roe_4q": 12.559999999999999,
            "gross_profit": 668795,
            "gross_margin": 15.64,
            "gross_margin_4q_avg": 15.52,
            "net_income": 202385,
            "net_income_4q": null,
            "revenue": 4275260,
            "revenue_4q": null,
            "common_shares": 5060131,
            "book_valuer_per_share": 15.82,
            "book_valuer_per_share_4q_avg": 16.16,
            "equity": 9510728,
            "current_ratio": 141.81,
            "debt_ratio": 64.58,
            "inventory_turnover_ratio": 1.46,
            "account_receivable_turnover_ratio": 0.44,
            "reinvestment_rate": 17.78,
            "research_to_sale_ratio": 2.67,
            "price_fair": 78.14,
            "eps_avg_yearly": 2.23,
            "eps_latest_yearly": 1.56,
            "eps_growth_yearly": 42.67
        },
        "20184": {
            "year_quarter": 20184,
            "year": 2018,
            "quarter": 4,
            "eps": 0.46,
            "eps_growth_year": -13.13,
            "eps_4q": 2.18,
            "eps_4q_growth_year": 4.92,
            "roe": 2.36,
            "roe_4q": 11.96,
            "gross_profit": 925857,
            "gross_margin": 16.47,
            "gross_margin_4q_avg": 15.79,
            "net_income": 227007,
            "net_income_4q": null,
            "revenue": 5621676,
            "revenue_4q": null,
            "common_shares": 5060131,
            "book_valuer_per_share": 16.24,
            "book_valuer_per_share_4q_avg": 16.22,
            "equity": 9727175,
            "current_ratio": 137.03,
            "debt_ratio": 63.43,
            "inventory_turnover_ratio": 1.71,
            "account_receivable_turnover_ratio": 0.66,
            "reinvestment_rate": 20.88,
            "research_to_sale_ratio": 2.35,
            "price_fair": 78.58,
            "eps_avg_yearly": 2.25,
            "eps_latest_yearly": 1.84,
            "eps_growth_yearly": 57.08
        },
        "20191": {
            "year_quarter": 20191,
            "year": 2019,
            "quarter": 1,
            "eps": 0.47,
            "eps_growth_year": -9.62,
            "eps_4q": 2.15,
            "eps_4q_growth_year": 3.73,
            "roe": 2.4,
            "roe_4q": 11.489999999999998,
            "gross_profit": 859561,
            "gross_margin": 16.13,
            "gross_margin_4q_avg": 16.19,
            "net_income": 239388,
            "net_income_4q": null,
            "revenue": 5328068,
            "revenue_4q": null,
            "common_shares": 5060131,
            "book_valuer_per_share": 17.2,
            "book_valuer_per_share_4q_avg": 16.29,
            "equity": 10241691,
            "current_ratio": 132.87,
            "debt_ratio": 63.85,
            "inventory_turnover_ratio": 1.63,
            "account_receivable_turnover_ratio": 0.6,
            "reinvestment_rate": 33.16,
            "research_to_sale_ratio": 2.34,
            "price_fair": 78.23,
            "eps_avg_yearly": 2.24,
            "eps_latest_yearly": 1.88,
            "eps_growth_yearly": 51.53
        },
        "20192": {
            "year_quarter": 20192,
            "year": 2019,
            "quarter": 2,
            "eps": 0.39,
            "eps_growth_year": -53.57,
            "eps_4q": 1.72,
            "eps_4q_growth_year": -22.38,
            "roe": 2,
            "roe_4q": 8.89,
            "gross_profit": 852717,
            "gross_margin": 13.79,
            "gross_margin_4q_avg": 15.51,
            "net_income": 198590,
            "net_income_4q": null,
            "revenue": 6182708,
            "revenue_4q": null,
            "common_shares": 5060131,
            "book_valuer_per_share": 16.14,
            "book_valuer_per_share_4q_avg": 16.35,
            "equity": 9652512,
            "current_ratio": 127.45,
            "debt_ratio": 66.77,
            "inventory_turnover_ratio": 2.01,
            "account_receivable_turnover_ratio": 0.62,
            "reinvestment_rate": 42.81,
            "research_to_sale_ratio": 2.14,
            "price_fair": 76.21,
            "eps_avg_yearly": 2.18,
            "eps_latest_yearly": 1.56,
            "eps_growth_yearly": 41.88
        },
        "20193": {
            "year_quarter": 20193,
            "year": 2019,
            "quarter": 3,
            "eps": 0.25,
            "eps_growth_year": -35.9,
            "eps_4q": 1.57,
            "eps_4q_growth_year": -29.7,
            "roe": 1.15,
            "roe_4q": 7.91,
            "gross_profit": 550858,
            "gross_margin": 13.94,
            "gross_margin_4q_avg": 15.08,
            "net_income": 110209,
            "net_income_4q": null,
            "revenue": 3951803,
            "revenue_4q": null,
            "common_shares": 5060131,
            "book_valuer_per_share": 15.89,
            "book_valuer_per_share_4q_avg": 16.37,
            "equity": 9571233,
            "current_ratio": 146.94,
            "debt_ratio": 65.21,
            "inventory_turnover_ratio": 1.49,
            "account_receivable_turnover_ratio": 0.41,
            "reinvestment_rate": 38.56,
            "research_to_sale_ratio": 2.9,
            "price_fair": 74.03,
            "eps_avg_yearly": 2.12,
            "eps_latest_yearly": 1,
            "eps_growth_yearly": 37.75
        },
        "20194": {
            "year_quarter": 20194,
            "year": 2019,
            "quarter": 4,
            "eps": 0.19,
            "eps_growth_year": -59.43,
            "eps_4q": 1.3,
            "eps_4q_growth_year": -40.44,
            "roe": 1.04,
            "roe_4q": 6.59,
            "gross_profit": 476750,
            "gross_margin": 10.21,
            "gross_margin_4q_avg": 13.52,
            "net_income": 98662,
            "net_income_4q": null,
            "revenue": 4670365,
            "revenue_4q": null,
            "common_shares": 5060131,
            "book_valuer_per_share": 15.7,
            "book_valuer_per_share_4q_avg": 16.23,
            "equity": 9449584,
            "current_ratio": 157.56,
            "debt_ratio": 64.59,
            "inventory_turnover_ratio": 1.85,
            "account_receivable_turnover_ratio": 0.56,
            "reinvestment_rate": 37.46,
            "research_to_sale_ratio": 2.37,
            "price_fair": 73.68,
            "eps_avg_yearly": 2.11,
            "eps_latest_yearly": 0.76,
            "eps_growth_yearly": 45.25
        },
        "20201": {
            "year_quarter": 20201,
            "year": 2020,
            "quarter": 1,
            "eps": 0.27,
            "eps_growth_year": -42.55,
            "eps_4q": 1.1,
            "eps_4q_growth_year": -48.82,
            "roe": 1.5,
            "roe_4q": 5.6899999999999995,
            "gross_profit": 542543,
            "gross_margin": 12.8,
            "gross_margin_4q_avg": 12.69,
            "net_income": 141063,
            "net_income_4q": null,
            "revenue": 4239579,
            "revenue_4q": null,
            "common_shares": 5049151,
            "book_valuer_per_share": 15.46,
            "book_valuer_per_share_4q_avg": 15.8,
            "equity": 9325594,
            "current_ratio": 141.11,
            "debt_ratio": 65.17,
            "inventory_turnover_ratio": 1.5,
            "account_receivable_turnover_ratio": 0.54,
            "reinvestment_rate": 37.28,
            "research_to_sale_ratio": 2.31,
            "price_fair": 40.44,
            "eps_avg_yearly": 2.01,
            "eps_latest_yearly": 1.08,
            "eps_growth_yearly": 10.12
        },
        "20202": {
            "year_quarter": 20202,
            "year": 2020,
            "quarter": 2,
            "eps": 0.42,
            "eps_growth_year": 7.69,
            "eps_4q": 1.13,
            "eps_4q_growth_year": -34.28,
            "roe": 2.48,
            "roe_4q": 6.17,
            "gross_profit": 633272,
            "gross_margin": 12.08,
            "gross_margin_4q_avg": 12.26,
            "net_income": 226881,
            "net_income_4q": null,
            "revenue": 5240203,
            "revenue_4q": null,
            "common_shares": 5049151,
            "book_valuer_per_share": 15.05,
            "book_valuer_per_share_4q_avg": 15.53,
            "equity": 8995279,
            "current_ratio": 152.18,
            "debt_ratio": 66.02,
            "inventory_turnover_ratio": 2.15,
            "account_receivable_turnover_ratio": 0.64,
            "reinvestment_rate": 40.01,
            "research_to_sale_ratio": 2.01,
            "price_fair": 30.73,
            "eps_avg_yearly": 1.84,
            "eps_latest_yearly": 1.68,
            "eps_growth_yearly": 6.7
        },
        "20203": {
            "year_quarter": 20203,
            "year": 2020,
            "quarter": 3,
            "eps": 0.43,
            "eps_growth_year": 72,
            "eps_4q": 1.31,
            "eps_4q_growth_year": -16.55,
            "roe": 2.35,
            "roe_4q": 7.37,
            "gross_profit": 551192,
            "gross_margin": 11.84,
            "gross_margin_4q_avg": 11.73,
            "net_income": 216760,
            "net_income_4q": null,
            "revenue": 4655471,
            "revenue_4q": null,
            "common_shares": 5049151,
            "book_valuer_per_share": 15.97,
            "book_valuer_per_share_4q_avg": 15.55,
            "equity": 9483505,
            "current_ratio": 153.57,
            "debt_ratio": 65.32,
            "inventory_turnover_ratio": 2.14,
            "account_receivable_turnover_ratio": 0.54,
            "reinvestment_rate": 52.14,
            "research_to_sale_ratio": 2.34,
            "price_fair": 52.48,
            "eps_avg_yearly": 1.8,
            "eps_latest_yearly": 1.72,
            "eps_growth_yearly": 19.12
        },
        "20204": {
            "year_quarter": 20204,
            "year": 2020,
            "quarter": 4,
            "eps": 0.28,
            "eps_growth_year": 50.06,
            "eps_4q": 1.41,
            "eps_4q_growth_year": 8.16,
            "roe": 1.4,
            "roe_4q": 7.73,
            "gross_profit": 573068,
            "gross_margin": 11.05,
            "gross_margin_4q_avg": 11.94,
            "net_income": 137940,
            "net_income_4q": null,
            "revenue": 5184709,
            "revenue_4q": null,
            "common_shares": 5049151,
            "book_valuer_per_share": 17.51,
            "book_valuer_per_share_4q_avg": 16,
            "equity": 10279807,
            "current_ratio": 149.59,
            "debt_ratio": 65.06,
            "inventory_turnover_ratio": 2.15,
            "account_receivable_turnover_ratio": 0.6,
            "reinvestment_rate": 51.26,
            "research_to_sale_ratio": 2.37,
            "price_fair": 43.3,
            "eps_avg_yearly": 1.75,
            "eps_latest_yearly": 1.12,
            "eps_growth_yearly": 14.7
        },
        "20211": {
            "year_quarter": 20211,
            "year": 2021,
            "quarter": 1,
            "eps": 0.27,
            "eps_growth_year": 0,
            "eps_4q": 1.4,
            "eps_4q_growth_year": 27.47,
            "roe": 1.4,
            "roe_4q": 7.630000000000001,
            "gross_profit": 617266,
            "gross_margin": 10.59,
            "gross_margin_4q_avg": 11.39,
            "net_income": 145658,
            "net_income_4q": null,
            "revenue": 5830124,
            "revenue_4q": null,
            "common_shares": 5049151,
            "book_valuer_per_share": 18,
            "book_valuer_per_share_4q_avg": 16.63,
            "equity": 10532590,
            "current_ratio": 147.99,
            "debt_ratio": 64.11,
            "inventory_turnover_ratio": 2.13,
            "account_receivable_turnover_ratio": 0.68,
            "reinvestment_rate": 59.73,
            "research_to_sale_ratio": 1.8,
            "price_fair": 36.72,
            "eps_avg_yearly": 1.69,
            "eps_latest_yearly": 1.08,
            "eps_growth_yearly": 11.73
        },
        "20212": {
            "year_quarter": 20212,
            "year": 2021,
            "quarter": 2,
            "eps": 0.41,
            "eps_growth_year": -2.38,
            "eps_4q": 1.39,
            "eps_4q_growth_year": 22.98,
            "roe": 1.86,
            "roe_4q": 7.01,
            "gross_profit": 751367,
            "gross_margin": 11.96,
            "gross_margin_4q_avg": 11.36,
            "net_income": 197342,
            "net_income_4q": null,
            "revenue": 6281919,
            "revenue_4q": null,
            "common_shares": 5049151,
            "book_valuer_per_share": 18.24,
            "book_valuer_per_share_4q_avg": 17.43,
            "equity": 10634857,
            "current_ratio": 139.33,
            "debt_ratio": 64.6,
            "inventory_turnover_ratio": 2,
            "account_receivable_turnover_ratio": 0.69,
            "reinvestment_rate": 53.16,
            "research_to_sale_ratio": 1.86,
            "price_fair": 42.12,
            "eps_avg_yearly": 1.62,
            "eps_latest_yearly": 1.64,
            "eps_growth_yearly": 16.04
        },
        "20213": {
            "year_quarter": 20213,
            "year": 2021,
            "quarter": 3,
            "eps": 0.37,
            "eps_growth_year": -13.95,
            "eps_4q": 1.33,
            "eps_4q_growth_year": 1.19,
            "roe": 1.64,
            "roe_4q": 6.300000000000001,
            "gross_profit": 503093,
            "gross_margin": 9.75,
            "gross_margin_4q_avg": 10.84,
            "net_income": 172201,
            "net_income_4q": null,
            "revenue": 5157752,
            "revenue_4q": null,
            "common_shares": 5049151,
            "book_valuer_per_share": 17.81,
            "book_valuer_per_share_4q_avg": 17.89,
            "equity": 10398403,
            "current_ratio": 142.7,
            "debt_ratio": 63.19,
            "inventory_turnover_ratio": 1.72,
            "account_receivable_turnover_ratio": 0.58,
            "reinvestment_rate": 36.09,
            "research_to_sale_ratio": 2.29,
            "price_fair": 56.79,
            "eps_avg_yearly": 1.62,
            "eps_latest_yearly": 1.48,
            "eps_growth_yearly": 26.1
        },
        "20214": {
            "year_quarter": 20214,
            "year": 2021,
            "quarter": 4,
            "eps": 0.03,
            "eps_growth_year": -90.06,
            "eps_4q": 1.09,
            "eps_4q_growth_year": -22.71,
            "roe": 0.03,
            "roe_4q": 4.93,
            "gross_profit": 480752,
            "gross_margin": 9.02,
            "gross_margin_4q_avg": 10.33,
            "net_income": 2913,
            "net_income_4q": null,
            "revenue": 5331806,
            "revenue_4q": null,
            "common_shares": 5049151,
            "book_valuer_per_share": 18.01,
            "book_valuer_per_share_4q_avg": 18.02,
            "equity": 10412940,
            "current_ratio": 149.07,
            "debt_ratio": 60.83,
            "inventory_turnover_ratio": 1.81,
            "account_receivable_turnover_ratio": 0.73,
            "reinvestment_rate": 34.84,
            "research_to_sale_ratio": 2.33,
            "price_fair": 4.49,
            "eps_avg_yearly": 1.5,
            "eps_latest_yearly": 0.12,
            "eps_growth_yearly": -9.73
        },
        "20221": {
            "year_quarter": 20221,
            "year": 2022,
            "quarter": 1,
            "eps": 0.29,
            "eps_growth_year": 7.41,
            "eps_4q": 1.1,
            "eps_4q_growth_year": -21.71,
            "roe": 1.31,
            "roe_4q": 4.84,
            "gross_profit": 603347,
            "gross_margin": 10.83,
            "gross_margin_4q_avg": 10.39,
            "net_income": 139895,
            "net_income_4q": null,
            "revenue": 5571914,
            "revenue_4q": null,
            "common_shares": 5049151,
            "book_valuer_per_share": 19.03,
            "book_valuer_per_share_4q_avg": 18.27,
            "equity": 10969942,
            "current_ratio": 153.25,
            "debt_ratio": 59.46,
            "inventory_turnover_ratio": 1.83,
            "account_receivable_turnover_ratio": 0.82,
            "reinvestment_rate": 30.59,
            "research_to_sale_ratio": 2.09,
            "price_fair": 50.4,
            "eps_avg_yearly": 1.44,
            "eps_latest_yearly": 1.16,
            "eps_growth_yearly": 207.41
        },
        "20222": {
            "year_quarter": 20222,
            "year": 2022,
            "quarter": 2,
            "eps": 0.54,
            "eps_growth_year": 31.71,
            "eps_4q": 1.23,
            "eps_4q_growth_year": -11.56,
            "roe": 2.57,
            "roe_4q": 5.55,
            "gross_profit": 692403,
            "gross_margin": 12.63,
            "gross_margin_4q_avg": 10.56,
            "net_income": 278189,
            "net_income_4q": null,
            "revenue": 5482227,
            "revenue_4q": null,
            "common_shares": 5049151,
            "book_valuer_per_share": 18.52,
            "book_valuer_per_share_4q_avg": 18.34,
            "equity": 10682868,
            "current_ratio": 152.36,
            "debt_ratio": 60.07,
            "inventory_turnover_ratio": 1.96,
            "account_receivable_turnover_ratio": 0.75,
            "reinvestment_rate": 18.02,
            "research_to_sale_ratio": 2.32,
            "price_fair": 47.78,
            "eps_avg_yearly": 1.37,
            "eps_latest_yearly": 2.16,
            "eps_growth_yearly": 213.57
        },
        "20223": {
            "year_quarter": 20223,
            "year": 2022,
            "quarter": 3,
            "eps": 0.32,
            "eps_growth_year": -13.51,
            "eps_4q": 1.17,
            "eps_4q_growth_year": -11.54,
            "roe": 1.32,
            "roe_4q": 5.2299999999999995,
            "gross_profit": 433291,
            "gross_margin": 11.38,
            "gross_margin_4q_avg": 10.97,
            "net_income": 142975,
            "net_income_4q": null,
            "revenue": 3807062,
            "revenue_4q": null,
            "common_shares": 5049151,
            "book_valuer_per_share": 19.04,
            "book_valuer_per_share_4q_avg": 18.65,
            "equity": 10938841,
            "current_ratio": 161.53,
            "debt_ratio": 57.13,
            "inventory_turnover_ratio": 1.52,
            "account_receivable_turnover_ratio": 0.54,
            "reinvestment_rate": -2.71,
            "research_to_sale_ratio": 3.22,
            "price_fair": 47.16,
            "eps_avg_yearly": 1.35,
            "eps_latest_yearly": 1.28,
            "eps_growth_yearly": 216.78
        },
        "20224": {
            "year_quarter": 20224,
            "year": 2022,
            "quarter": 4,
            "eps": 0.23,
            "eps_growth_year": 727.49,
            "eps_4q": 1.38,
            "eps_4q_growth_year": 26.75,
            "roe": 1.3,
            "roe_4q": 6.5,
            "gross_profit": 516651,
            "gross_margin": 14.72,
            "gross_margin_4q_avg": 12.39,
            "net_income": 141323,
            "net_income_4q": null,
            "revenue": 3509787,
            "revenue_4q": null,
            "common_shares": 5049151,
            "book_valuer_per_share": 18.98,
            "book_valuer_per_share_4q_avg": 18.89,
            "equity": 10871057,
            "current_ratio": 168.43,
            "debt_ratio": 54.59,
            "inventory_turnover_ratio": 1.44,
            "account_receivable_turnover_ratio": 0.57,
            "reinvestment_rate": -29.87,
            "research_to_sale_ratio": 3.96,
            "price_fair": 45.15,
            "eps_avg_yearly": 1.29,
            "eps_latest_yearly": 0.92,
            "eps_growth_yearly": 205.26
        },
        "20231": {
            "year_quarter": 20231,
            "year": 2023,
            "quarter": 1,
            "eps": 0.22,
            "eps_growth_year": -24.14,
            "eps_4q": 1.31,
            "eps_4q_growth_year": 18.97,
            "roe": 1.16,
            "roe_4q": 6.35,
            "gross_profit": 602182,
            "gross_margin": 15.51,
            "gross_margin_4q_avg": 13.56,
            "net_income": 124130,
            "net_income_4q": null,
            "revenue": 3882532,
            "revenue_4q": null,
            "common_shares": 5049151,
            "book_valuer_per_share": 18.37,
            "book_valuer_per_share_4q_avg": 18.73,
            "equity": 10588796,
            "current_ratio": 171.27,
            "debt_ratio": 53.98,
            "inventory_turnover_ratio": 1.59,
            "account_receivable_turnover_ratio": 0.65,
            "reinvestment_rate": -49.61,
            "research_to_sale_ratio": 3.15,
            "price_fair": 42.96,
            "eps_avg_yearly": 1.23,
            "eps_latest_yearly": 0.88,
            "eps_growth_yearly": 203.63
        },
        "20232": {
            "year_quarter": 20232,
            "year": 2023,
            "quarter": 2,
            "eps": 0.53,
            "eps_growth_year": -1.85,
            "eps_4q": 1.29,
            "eps_4q_growth_year": 5,
            "roe": 2.54,
            "roe_4q": 6.32,
            "gross_profit": 641239,
            "gross_margin": 14.22,
            "gross_margin_4q_avg": 13.96,
            "net_income": 268590,
            "net_income_4q": null,
            "revenue": 4510740,
            "revenue_4q": null,
            "common_shares": 5049151,
            "book_valuer_per_share": 18.45,
            "book_valuer_per_share_4q_avg": 18.71,
            "equity": 10600886,
            "current_ratio": 176.9,
            "debt_ratio": 54.71,
            "inventory_turnover_ratio": 2.13,
            "account_receivable_turnover_ratio": 0.67,
            "reinvestment_rate": -84.57,
            "research_to_sale_ratio": 3.07,
            "price_fair": 44.19,
            "eps_avg_yearly": 1.26,
            "eps_latest_yearly": 2.12,
            "eps_growth_yearly": 243.12
        }
    },
    "months": {
        "2002-02": {
            "month": "2002-02",
            "price": "19.13",
            "revenue": 290546
        },
        "2002-03": {
            "month": "2002-03",
            "price": "31.76",
            "revenue": 386341
        },
        "2002-04": {
            "month": "2002-04",
            "price": "32.68",
            "revenue": 329488
        },
        "2002-05": {
            "month": "2002-05",
            "price": "29.37",
            "revenue": 274064
        },
        "2002-06": {
            "month": "2002-06",
            "price": "26.42",
            "revenue": 114932
        },
        "2002-07": {
            "month": "2002-07",
            "price": "21.43",
            "revenue": 81245
        },
        "2002-08": {
            "month": "2002-08",
            "price": "20.80",
            "revenue": 133359
        },
        "2002-09": {
            "month": "2002-09",
            "price": "19.12",
            "revenue": 176711
        },
        "2002-10": {
            "month": "2002-10",
            "price": "17.72",
            "revenue": 233749
        },
        "2002-11": {
            "month": "2002-11",
            "price": "19.67",
            "revenue": 244273
        },
        "2002-12": {
            "month": "2002-12",
            "price": "19.80",
            "revenue": 332210
        },
        "2003-01": {
            "month": "2003-01",
            "price": "21.02",
            "revenue": 342218
        },
        "2003-02": {
            "month": "2003-02",
            "price": "17.86",
            "revenue": 273598
        },
        "2003-03": {
            "month": "2003-03",
            "price": "14.27",
            "revenue": 358624
        },
        "2003-04": {
            "month": "2003-04",
            "price": "14.39",
            "revenue": 349618
        },
        "2003-05": {
            "month": "2003-05",
            "price": "14.33",
            "revenue": 301541
        },
        "2003-06": {
            "month": "2003-06",
            "price": "14.66",
            "revenue": 243377
        },
        "2003-07": {
            "month": "2003-07",
            "price": "15.02",
            "revenue": 193641
        },
        "2003-08": {
            "month": "2003-08",
            "price": "16.61",
            "revenue": 167097
        },
        "2003-09": {
            "month": "2003-09",
            "price": "15.50",
            "revenue": 268781
        },
        "2003-10": {
            "month": "2003-10",
            "price": "16.86",
            "revenue": 282668
        },
        "2003-11": {
            "month": "2003-11",
            "price": "18.16",
            "revenue": 292333
        },
        "2003-12": {
            "month": "2003-12",
            "price": "17.75",
            "revenue": 307761
        },
        "2004-01": {
            "month": "2004-01",
            "price": "18.39",
            "revenue": 280782
        },
        "2004-02": {
            "month": "2004-02",
            "price": "20.72",
            "revenue": 297976
        },
        "2004-03": {
            "month": "2004-03",
            "price": "19.91",
            "revenue": 400483
        },
        "2004-04": {
            "month": "2004-04",
            "price": "20.04",
            "revenue": 316062
        },
        "2004-05": {
            "month": "2004-05",
            "price": "19.11",
            "revenue": 346340
        },
        "2004-06": {
            "month": "2004-06",
            "price": "22.53",
            "revenue": 341628
        },
        "2004-07": {
            "month": "2004-07",
            "price": "21.67",
            "revenue": 307531
        },
        "2004-08": {
            "month": "2004-08",
            "price": "23.20",
            "revenue": 187182
        },
        "2004-09": {
            "month": "2004-09",
            "price": "25.04",
            "revenue": 201065
        },
        "2004-10": {
            "month": "2004-10",
            "price": "25.74",
            "revenue": 217953
        },
        "2004-11": {
            "month": "2004-11",
            "price": "27.02",
            "revenue": 294862
        },
        "2004-12": {
            "month": "2004-12",
            "price": "29.21",
            "revenue": 264749
        },
        "2005-01": {
            "month": "2005-01",
            "price": "28.71",
            "revenue": 294694
        },
        "2005-02": {
            "month": "2005-02",
            "price": "30.95",
            "revenue": 288989
        },
        "2005-03": {
            "month": "2005-03",
            "price": "34.68",
            "revenue": 379374
        },
        "2005-04": {
            "month": "2005-04",
            "price": "33.11",
            "revenue": 367356
        },
        "2005-05": {
            "month": "2005-05",
            "price": "31.40",
            "revenue": 333428
        },
        "2005-06": {
            "month": "2005-06",
            "price": "27.25",
            "revenue": 188762
        },
        "2005-07": {
            "month": "2005-07",
            "price": "25.69",
            "revenue": 99461
        },
        "2005-08": {
            "month": "2005-08",
            "price": "25.38",
            "revenue": 141700
        },
        "2005-09": {
            "month": "2005-09",
            "price": "23.55",
            "revenue": 214507
        },
        "2005-11": {
            "month": "2005-11",
            "price": "21.95",
            "revenue": 205533
        },
        "2005-12": {
            "month": "2005-12",
            "price": "25.30",
            "revenue": 266209
        },
        "2006-01": {
            "month": "2006-01",
            "price": "24.66",
            "revenue": 238925
        },
        "2006-02": {
            "month": "2006-02",
            "price": "23.88",
            "revenue": 211040
        },
        "2006-03": {
            "month": "2006-03",
            "price": "21.23",
            "revenue": 325789
        },
        "2006-04": {
            "month": "2006-04",
            "price": "20.81",
            "revenue": 262330
        },
        "2006-05": {
            "month": "2006-05",
            "price": "20.16",
            "revenue": 220027
        },
        "2006-06": {
            "month": "2006-06",
            "price": "19.43",
            "revenue": 117692
        },
        "2006-07": {
            "month": "2006-07",
            "price": "18.79",
            "revenue": 130074
        },
        "2006-08": {
            "month": "2006-08",
            "price": "16.07",
            "revenue": 93899
        },
        "2006-09": {
            "month": "2006-09",
            "price": "13.78",
            "revenue": 148923
        },
        "2006-10": {
            "month": "2006-10",
            "price": "14.94",
            "revenue": 134160
        },
        "2006-11": {
            "month": "2006-11",
            "price": "14.68",
            "revenue": 148457
        },
        "2006-12": {
            "month": "2006-12",
            "price": "16.29",
            "revenue": 162108
        },
        "2007-01": {
            "month": "2007-01",
            "price": "16.59",
            "revenue": 218476
        },
        "2007-02": {
            "month": "2007-02",
            "price": "15.76",
            "revenue": 163815
        },
        "2007-03": {
            "month": "2007-03",
            "price": "15.20",
            "revenue": 221385
        },
        "2007-04": {
            "month": "2007-04",
            "price": "16.29",
            "revenue": 189874
        },
        "2007-05": {
            "month": "2007-05",
            "price": "15.87",
            "revenue": 181341
        },
        "2007-06": {
            "month": "2007-06",
            "price": "16.05",
            "revenue": 127146
        },
        "2007-07": {
            "month": "2007-07",
            "price": "17.14",
            "revenue": 94606
        },
        "2007-08": {
            "month": "2007-08",
            "price": "15.30",
            "revenue": 89607
        },
        "2007-09": {
            "month": "2007-09",
            "price": "14.90",
            "revenue": 122595
        },
        "2007-10": {
            "month": "2007-10",
            "price": "15.28",
            "revenue": 188409
        },
        "2007-11": {
            "month": "2007-11",
            "price": "15.68",
            "revenue": 186719
        },
        "2007-12": {
            "month": "2007-12",
            "price": "15.22",
            "revenue": 162896
        },
        "2008-01": {
            "month": "2008-01",
            "price": "14.02",
            "revenue": 160142
        },
        "2008-02": {
            "month": "2008-02",
            "price": "13.52",
            "revenue": 151507
        },
        "2008-03": {
            "month": "2008-03",
            "price": "14.08",
            "revenue": 187508
        },
        "2008-04": {
            "month": "2008-04",
            "price": "14.67",
            "revenue": 235838
        },
        "2008-05": {
            "month": "2008-05",
            "price": "14.12",
            "revenue": 240214
        },
        "2008-06": {
            "month": "2008-06",
            "price": "12.56",
            "revenue": 149517
        },
        "2008-07": {
            "month": "2008-07",
            "price": "9.94",
            "revenue": 101080
        },
        "2008-08": {
            "month": "2008-08",
            "price": "8.79",
            "revenue": 55593
        },
        "2008-09": {
            "month": "2008-09",
            "price": "6.25",
            "revenue": 83566
        },
        "2008-10": {
            "month": "2008-10",
            "price": "6.10",
            "revenue": 72619
        },
        "2008-11": {
            "month": "2008-11",
            "price": "4.70",
            "revenue": 59776
        },
        "2008-12": {
            "month": "2008-12",
            "price": "4.55",
            "revenue": 85009
        },
        "2009-01": {
            "month": "2009-01",
            "price": "4.60",
            "revenue": 60859
        },
        "2009-02": {
            "month": "2009-02",
            "price": "4.68",
            "revenue": 71396
        },
        "2009-03": {
            "month": "2009-03",
            "price": "5.65",
            "revenue": 138168
        },
        "2009-04": {
            "month": "2009-04",
            "price": "8.15",
            "revenue": 164803
        },
        "2009-05": {
            "month": "2009-05",
            "price": "8.36",
            "revenue": 179659
        },
        "2009-06": {
            "month": "2009-06",
            "price": "8.45",
            "revenue": 191515
        },
        "2009-07": {
            "month": "2009-07",
            "price": "8.57",
            "revenue": 148212
        },
        "2009-08": {
            "month": "2009-08",
            "price": "8.50",
            "revenue": 107247
        },
        "2009-09": {
            "month": "2009-09",
            "price": "8.22",
            "revenue": 176766
        },
        "2009-10": {
            "month": "2009-10",
            "price": "9.97",
            "revenue": 186643
        },
        "2009-11": {
            "month": "2009-11",
            "price": "11.01",
            "revenue": 272376
        },
        "2009-12": {
            "month": "2009-12",
            "price": "11.40",
            "revenue": 333172
        },
        "2010-01": {
            "month": "2010-01",
            "price": "11.59",
            "revenue": 344808
        },
        "2010-02": {
            "month": "2010-02",
            "price": "10.30",
            "revenue": 234842
        },
        "2010-03": {
            "month": "2010-03",
            "price": "12.88",
            "revenue": 471120
        },
        "2010-04": {
            "month": "2010-04",
            "price": "14.82",
            "revenue": 458399
        },
        "2010-05": {
            "month": "2010-05",
            "price": "13.23",
            "revenue": 518590
        },
        "2010-06": {
            "month": "2010-06",
            "price": "13.33",
            "revenue": 462212
        },
        "2010-07": {
            "month": "2010-07",
            "price": "14.86",
            "revenue": 493011
        },
        "2010-08": {
            "month": "2010-08",
            "price": "15.55",
            "revenue": 497245
        },
        "2010-09": {
            "month": "2010-09",
            "price": "14.80",
            "revenue": 362510
        },
        "2010-10": {
            "month": "2010-10",
            "price": "15.51",
            "revenue": 325370
        },
        "2010-11": {
            "month": "2010-11",
            "price": "15.57",
            "revenue": 309506
        },
        "2010-12": {
            "month": "2010-12",
            "price": "17.07",
            "revenue": 408308
        },
        "2011-01": {
            "month": "2011-01",
            "price": "17.18",
            "revenue": 423888
        },
        "2011-02": {
            "month": "2011-02",
            "price": "17.65",
            "revenue": 320857
        },
        "2011-03": {
            "month": "2011-03",
            "price": "18.02",
            "revenue": 446029
        },
        "2011-04": {
            "month": "2011-04",
            "price": "20.67",
            "revenue": 509939
        },
        "2011-05": {
            "month": "2011-05",
            "price": "22.39",
            "revenue": 493725
        },
        "2011-06": {
            "month": "2011-06",
            "price": "20.91",
            "revenue": 519947
        },
        "2011-07": {
            "month": "2011-07",
            "price": "21.35",
            "revenue": 592926
        },
        "2011-08": {
            "month": "2011-08",
            "price": "24.54",
            "revenue": 468510
        },
        "2011-09": {
            "month": "2011-09",
            "price": "24.11",
            "revenue": 1269390
        },
        "2011-10": {
            "month": "2011-10",
            "price": "22.00",
            "revenue": 1424382
        },
        "2011-11": {
            "month": "2011-11",
            "price": "24.38",
            "revenue": 1426544
        },
        "2011-12": {
            "month": "2011-12",
            "price": "23.78",
            "revenue": 1328641
        },
        "2012-01": {
            "month": "2012-01",
            "price": "23.05",
            "revenue": 1153559
        },
        "2012-02": {
            "month": "2012-02",
            "price": "25.55",
            "revenue": 1503509
        },
        "2012-03": {
            "month": "2012-03",
            "price": "29.32",
            "revenue": 1619959
        },
        "2012-04": {
            "month": "2012-04",
            "price": "27.88",
            "revenue": 1593700
        },
        "2012-05": {
            "month": "2012-05",
            "price": "26.80",
            "revenue": 1577971
        },
        "2012-06": {
            "month": "2012-06",
            "price": "26.29",
            "revenue": 1397247
        },
        "2012-07": {
            "month": "2012-07",
            "price": "26.17",
            "revenue": 1054203
        },
        "2012-08": {
            "month": "2012-08",
            "price": "24.81",
            "revenue": 828215
        },
        "2012-09": {
            "month": "2012-09",
            "price": "22.96",
            "revenue": 1015360
        },
        "2012-10": {
            "month": "2012-10",
            "price": "21.97",
            "revenue": 996652
        },
        "2012-11": {
            "month": "2012-11",
            "price": "22.43",
            "revenue": 1190681
        },
        "2012-12": {
            "month": "2012-12",
            "price": "24.25",
            "revenue": 1339144
        },
        "2013-01": {
            "month": "2013-01",
            "price": "25.43",
            "revenue": 1266872
        },
        "2013-02": {
            "month": "2013-02",
            "price": "26.15",
            "revenue": 1115311
        },
        "2013-03": {
            "month": "2013-03",
            "price": "25.64",
            "revenue": 1593082
        },
        "2013-04": {
            "month": "2013-04",
            "price": "28.21",
            "revenue": 1710726
        },
        "2013-05": {
            "month": "2013-05",
            "price": "28.38",
            "revenue": 1464572
        },
        "2013-06": {
            "month": "2013-06",
            "price": "27.24",
            "revenue": 1437929
        },
        "2013-07": {
            "month": "2013-07",
            "price": "26.52",
            "revenue": 1440843
        },
        "2013-08": {
            "month": "2013-08",
            "price": "25.49",
            "revenue": 1047040
        },
        "2013-09": {
            "month": "2013-09",
            "price": "25.05",
            "revenue": 1222382
        },
        "2013-10": {
            "month": "2013-10",
            "price": "28.56",
            "revenue": 1233798
        },
        "2013-11": {
            "month": "2013-11",
            "price": "28.56",
            "revenue": 1385469
        },
        "2013-12": {
            "month": "2013-12",
            "price": "30.25",
            "revenue": 1553614
        },
        "2014-01": {
            "month": "2014-01",
            "price": "31.38",
            "revenue": 1683820
        },
        "2014-02": {
            "month": "2014-02",
            "price": "34.44",
            "revenue": 1646655
        },
        "2014-03": {
            "month": "2014-03",
            "price": "33.45",
            "revenue": 1783676
        },
        "2014-04": {
            "month": "2014-04",
            "price": "33.09",
            "revenue": 1726418
        },
        "2014-05": {
            "month": "2014-05",
            "price": "32.20",
            "revenue": 1623051
        },
        "2014-06": {
            "month": "2014-06",
            "price": "32.47",
            "revenue": 1597666
        },
        "2014-07": {
            "month": "2014-07",
            "price": "31.57",
            "revenue": 1604437
        },
        "2014-08": {
            "month": "2014-08",
            "price": "31.26",
            "revenue": 1369155
        },
        "2014-09": {
            "month": "2014-09",
            "price": "32.31",
            "revenue": 1348287
        },
        "2014-10": {
            "month": "2014-10",
            "price": "30.12",
            "revenue": 1199102
        },
        "2014-11": {
            "month": "2014-11",
            "price": "30.41",
            "revenue": 1223872
        },
        "2014-12": {
            "month": "2014-12",
            "price": "31.66",
            "revenue": 1315819
        },
        "2015-01": {
            "month": "2015-01",
            "price": "32.08",
            "revenue": 1501139
        },
        "2015-02": {
            "month": "2015-02",
            "price": "31.70",
            "revenue": 1093901
        },
        "2015-03": {
            "month": "2015-03",
            "price": "31.09",
            "revenue": 1643400
        },
        "2015-04": {
            "month": "2015-04",
            "price": "32.49",
            "revenue": 1532976
        },
        "2015-05": {
            "month": "2015-05",
            "price": "31.41",
            "revenue": 1711604
        },
        "2015-06": {
            "month": "2015-06",
            "price": "29.81",
            "revenue": 1409258
        },
        "2015-07": {
            "month": "2015-07",
            "price": "26.40",
            "revenue": 1206226
        },
        "2015-08": {
            "month": "2015-08",
            "price": "22.25",
            "revenue": 969504
        },
        "2015-09": {
            "month": "2015-09",
            "price": "22.54",
            "revenue": 1119762
        },
        "2015-10": {
            "month": "2015-10",
            "price": "23.68",
            "revenue": 853618
        },
        "2015-11": {
            "month": "2015-11",
            "price": "23.04",
            "revenue": 1125373
        },
        "2015-12": {
            "month": "2015-12",
            "price": "24.48",
            "revenue": 1454677
        },
        "2016-01": {
            "month": "2016-01",
            "price": "23.70",
            "revenue": 1473949
        },
        "2016-02": {
            "month": "2016-02",
            "price": "25.39",
            "revenue": 1275189
        },
        "2016-03": {
            "month": "2016-03",
            "price": "26.81",
            "revenue": 1642828
        },
        "2016-04": {
            "month": "2016-04",
            "price": "25.59",
            "revenue": 1649216
        },
        "2016-05": {
            "month": "2016-05",
            "price": "24.61",
            "revenue": 1721729
        },
        "2016-06": {
            "month": "2016-06",
            "price": "26.00",
            "revenue": 1704254
        },
        "2016-07": {
            "month": "2016-07",
            "price": "26.64",
            "revenue": 1447273
        },
        "2016-08": {
            "month": "2016-08",
            "price": "32.04",
            "revenue": 1182372
        },
        "2016-09": {
            "month": "2016-09",
            "price": "35.93",
            "revenue": 1161650
        },
        "2016-10": {
            "month": "2016-10",
            "price": "36.75",
            "revenue": 1098018
        },
        "2016-11": {
            "month": "2016-11",
            "price": "33.50",
            "revenue": 1332877
        },
        "2016-12": {
            "month": "2016-12",
            "price": "30.87",
            "revenue": 2025412
        },
        "2017-01": {
            "month": "2017-01",
            "price": "32.62",
            "revenue": 1326971
        },
        "2017-02": {
            "month": "2017-02",
            "price": "32.51",
            "revenue": 1630095
        },
        "2017-03": {
            "month": "2017-03",
            "price": "33.98",
            "revenue": 1657140
        },
        "2017-04": {
            "month": "2017-04",
            "price": "32.61",
            "revenue": 1890409
        },
        "2017-05": {
            "month": "2017-05",
            "price": "32.88",
            "revenue": 1748198
        },
        "2017-06": {
            "month": "2017-06",
            "price": "33.95",
            "revenue": 1772734
        },
        "2017-07": {
            "month": "2017-07",
            "price": "34.69",
            "revenue": 1604927
        },
        "2017-08": {
            "month": "2017-08",
            "price": "30.45",
            "revenue": 1522960
        },
        "2017-09": {
            "month": "2017-09",
            "price": "30.40",
            "revenue": 1469638
        },
        "2017-10": {
            "month": "2017-10",
            "price": "31.24",
            "revenue": 1664719
        },
        "2017-11": {
            "month": "2017-11",
            "price": "30.56",
            "revenue": 1707947
        },
        "2017-12": {
            "month": "2017-12",
            "price": "28.62",
            "revenue": 1830604
        },
        "2018-01": {
            "month": "2018-01",
            "price": "29.52",
            "revenue": 2075590
        },
        "2018-02": {
            "month": "2018-02",
            "price": "29.43",
            "revenue": 1590008
        },
        "2018-03": {
            "month": "2018-03",
            "price": "29.76",
            "revenue": 2258859
        },
        "2018-04": {
            "month": "2018-04",
            "price": "31.50",
            "revenue": 2187252
        },
        "2018-05": {
            "month": "2018-05",
            "price": "31.25",
            "revenue": 2184992
        },
        "2018-06": {
            "month": "2018-06",
            "price": "31.64",
            "revenue": 2278714
        },
        "2018-07": {
            "month": "2018-07",
            "price": "31.40",
            "revenue": 1740727
        },
        "2018-08": {
            "month": "2018-08",
            "price": "30.13",
            "revenue": 1180382
        },
        "2018-09": {
            "month": "2018-09",
            "price": "28.09",
            "revenue": 1379446
        },
        "2018-10": {
            "month": "2018-10",
            "price": "23.75",
            "revenue": 1512093
        },
        "2018-11": {
            "month": "2018-11",
            "price": "23.59",
            "revenue": 1774390
        },
        "2018-12": {
            "month": "2018-12",
            "price": "24.17",
            "revenue": 2343944
        },
        "2019-01": {
            "month": "2019-01",
            "price": "25.80",
            "revenue": 1842090
        },
        "2019-02": {
            "month": "2019-02",
            "price": "26.71",
            "revenue": 1411145
        },
        "2019-03": {
            "month": "2019-03",
            "price": "26.62",
            "revenue": 2072428
        },
        "2019-04": {
            "month": "2019-04",
            "price": "25.70",
            "revenue": 2356716
        },
        "2019-05": {
            "month": "2019-05",
            "price": "25.48",
            "revenue": 1964157
        },
        "2019-06": {
            "month": "2019-06",
            "price": "25.59",
            "revenue": 1863687
        },
        "2019-07": {
            "month": "2019-07",
            "price": "24.86",
            "revenue": 1406817
        },
        "2019-08": {
            "month": "2019-08",
            "price": "23.36",
            "revenue": 1082625
        },
        "2019-09": {
            "month": "2019-09",
            "price": "23.35",
            "revenue": 1486109
        },
        "2019-10": {
            "month": "2019-10",
            "price": "23.55",
            "revenue": 1193844
        },
        "2019-11": {
            "month": "2019-11",
            "price": "23.23",
            "revenue": 1554843
        },
        "2019-12": {
            "month": "2019-12",
            "price": "22.93",
            "revenue": 1931176
        },
        "2020-01": {
            "month": "2020-01",
            "price": "22.80",
            "revenue": 1545582
        },
        "2020-02": {
            "month": "2020-02",
            "price": "21.33",
            "revenue": 993717
        },
        "2020-03": {
            "month": "2020-03",
            "price": "17.30",
            "revenue": 1698443
        },
        "2020-04": {
            "month": "2020-04",
            "price": "16.03",
            "revenue": 1675672
        },
        "2020-05": {
            "month": "2020-05",
            "price": "17.11",
            "revenue": 1590403
        },
        "2020-06": {
            "month": "2020-06",
            "price": "17.23",
            "revenue": 1956520
        },
        "2020-07": {
            "month": "2020-07",
            "price": "19.18",
            "revenue": 1773305
        },
        "2020-08": {
            "month": "2020-08",
            "price": "19.65",
            "revenue": 1439605
        },
        "2020-09": {
            "month": "2020-09",
            "price": "20.08",
            "revenue": 1436038
        },
        "2020-10": {
            "month": "2020-10",
            "price": "19.59",
            "revenue": 1555921
        },
        "2020-11": {
            "month": "2020-11",
            "price": "20.29",
            "revenue": 1670128
        },
        "2020-12": {
            "month": "2020-12",
            "price": "20.65",
            "revenue": 1977380
        },
        "2021-01": {
            "month": "2021-01",
            "price": "20.63",
            "revenue": 1891854
        },
        "2021-02": {
            "month": "2021-02",
            "price": "20.28",
            "revenue": 1703814
        },
        "2021-03": {
            "month": "2021-03",
            "price": "21.70",
            "revenue": 2232338
        },
        "2021-04": {
            "month": "2021-04",
            "price": "23.30",
            "revenue": 2222346
        },
        "2021-05": {
            "month": "2021-05",
            "price": "20.75",
            "revenue": 1970258
        },
        "2021-06": {
            "month": "2021-06",
            "price": "20.38",
            "revenue": 2087730
        },
        "2021-07": {
            "month": "2021-07",
            "price": "20.55",
            "revenue": 1996792
        },
        "2021-08": {
            "month": "2021-08",
            "price": "19.51",
            "revenue": 1540420
        },
        "2021-09": {
            "month": "2021-09",
            "price": "19.06",
            "revenue": 1633481
        },
        "2021-10": {
            "month": "2021-10",
            "price": "18.41",
            "revenue": 1653927
        },
        "2021-11": {
            "month": "2021-11",
            "price": "19.01",
            "revenue": 1898742
        },
        "2021-12": {
            "month": "2021-12",
            "price": "18.95",
            "revenue": 1778105
        },
        "2022-01": {
            "month": "2022-01",
            "price": "18.72",
            "revenue": 2092937
        },
        "2022-02": {
            "month": "2022-02",
            "price": "18.70",
            "revenue": 1529427
        },
        "2022-03": {
            "month": "2022-03",
            "price": "18.18",
            "revenue": 1948374
        },
        "2022-04": {
            "month": "2022-04",
            "price": "17.58",
            "revenue": 1832009
        },
        "2022-05": {
            "month": "2022-05",
            "price": "17.12",
            "revenue": 1793071
        },
        "2022-06": {
            "month": "2022-06",
            "price": "17.38",
            "revenue": 1856663
        },
        "2022-07": {
            "month": "2022-07",
            "price": "16.14",
            "revenue": 1519977
        },
        "2022-08": {
            "month": "2022-08",
            "price": "17.45",
            "revenue": 1250912
        },
        "2022-09": {
            "month": "2022-09",
            "price": "18.24",
            "revenue": 1033914
        },
        "2022-10": {
            "month": "2022-10",
            "price": "16.28",
            "revenue": 910184
        },
        "2022-11": {
            "month": "2022-11",
            "price": "16.18",
            "revenue": 1202587
        },
        "2022-12": {
            "month": "2022-12",
            "price": "16.38",
            "revenue": 1395219
        },
        "2023-01": {
            "month": "2023-01",
            "price": "16.46",
            "revenue": 1133263
        },
        "2023-02": {
            "month": "2023-02",
            "price": "17.14",
            "revenue": 1316562
        },
        "2023-03": {
            "month": "2023-03",
            "price": "18.12",
            "revenue": 1430681
        },
        "2023-04": {
            "month": "2023-04",
            "price": "18.15",
            "revenue": 1343882
        },
        "2023-05": {
            "month": "2023-05",
            "price": "18.08",
            "revenue": 1430154
        },
        "2023-06": {
            "month": "2023-06",
            "price": "18.24",
            "revenue": 1730210
        },
        "2023-07": {
            "month": "2023-07",
            "price": "23.83",
            "revenue": 1543904
        },
        "2023-08": {
            "month": "2023-08",
            "price": "21.53",
            "revenue": 1321686
        },
        "2023-09": {
            "month": "2023-09",
            "price": "19.63",
            "revenue": 1194250
        }
    }
}
