{
    "summary": {
        "stock_name": "協易機",
        "stock_id": "4533",
        "category": "電機機械",
        "main_business": "機械設備製造業、其他機械製造業<br>資訊軟體服務業、其它設計業<br>除許可業務外，得經營法令非禁止或限制之業務",
        "website_url": "http://www.seyi.com",
        "ceo": "郭挺鈞",
        "pe_ratio": 21,
        "report_year_from": 2001,
        "report_year_to": 2023,
        "age": 22,
        "eps_negative_percentage": 4,
        "eps_growth_avg": {
            "last_all": 4.9,
            "last_2y": 12.04,
            "last_4y": -3.06,
            "last_8y": -5.51,
            "last_12y": 2.97,
            "last_16y": -4.61,
            "last_20y": 4.9,
            "at_2006_last_3y": 25.73,
            "at_2007_last_3y": 46.99,
            "at_2008_last_3y": 6.03,
            "at_2009_last_3y": -27.36,
            "at_2010_last_3y": -43.18,
            "at_2011_last_3y": -36.93,
            "at_2012_last_3y": -25.85,
            "at_2013_last_3y": 28.41,
            "at_2014_last_3y": 19.34,
            "at_2015_last_3y": -7.88,
            "at_2016_last_3y": 21.27,
            "at_2017_last_3y": -8.58,
            "at_2018_last_3y": 0.45,
            "at_2019_last_3y": -5.51,
            "at_2020_last_3y": -31.17,
            "at_2021_last_3y": 7.98,
            "at_2022_last_3y": -10.89,
            "at_2023_last_3y": -10.89,
            "at_2006_last_all": 38.39,
            "at_2007_last_all": 37.71,
            "at_2008_last_all": 23.2,
            "at_2009_last_all": 7.8,
            "at_2010_last_all": 7.8,
            "at_2011_last_all": 12.83,
            "at_2012_last_all": 8.49,
            "at_2013_last_all": 13.42,
            "at_2014_last_all": 11.65,
            "at_2015_last_all": 6.46,
            "at_2016_last_all": 12.14,
            "at_2017_last_all": 7.56,
            "at_2018_last_all": 8.85,
            "at_2019_last_all": 3.64,
            "at_2020_last_all": 2.52,
            "at_2021_last_all": 7.65,
            "at_2022_last_all": 4.9,
            "at_2023_last_all": 4.9
        },
        "latest_eps": 1.27,
        "latest_price": 26.4,
        "latest_roe": 8.16,
        "latest_gross_margin": 32.16,
        "latest_equity": 2543645,
        "latest_revenue": 978341,
        "latest_gross_profit": 314650,
        "latest_net_income": 133251,
        "latest_debt_ratio": 57.5,
        "latest_current_ratio": 239.36,
        "latest_account_receivable_turnover_ratio": 1.73,
        "latest_inventory_turnover_ratio": 0.58,
        "latest_reinvestment_rate": -217.62,
        "latest_research_to_sale_ratio": 2.47
    },
    "eps_dividends": {
        "2000": {
            "cash": 0,
            "stock": 0.5,
            "eps": 0
        },
        "2001": {
            "cash": 0,
            "stock": 1,
            "eps": 0.73
        },
        "2002": {
            "cash": 0,
            "stock": 1,
            "eps": 1.38
        },
        "2003": {
            "cash": 0,
            "stock": 1.42,
            "eps": 0.68
        },
        "2004": {
            "cash": 0,
            "stock": 0.5,
            "eps": 1.49
        },
        "2005": {
            "cash": 0.5,
            "stock": 0.5,
            "eps": 1.99
        },
        "2006": {
            "cash": 0.99,
            "stock": 0.5,
            "eps": 2.39
        },
        "2007": {
            "cash": 1.15,
            "stock": 0.5,
            "eps": 3.21
        },
        "2008": {
            "cash": 1.3,
            "stock": 0.62,
            "eps": 1.16
        },
        "2009": {
            "cash": 0.3,
            "stock": 0.3,
            "eps": -1.44
        },
        "2010": {
            "cash": 0,
            "stock": 0,
            "eps": 0.81
        },
        "2011": {
            "cash": 0.6,
            "stock": 0,
            "eps": 1.24
        },
        "2012": {
            "cash": 0.86,
            "stock": 0,
            "eps": 0.86
        },
        "2013": {
            "cash": 0.5,
            "stock": 0,
            "eps": 1.4
        },
        "2014": {
            "cash": 0.3,
            "stock": 0,
            "eps": 1.29
        },
        "2015": {
            "cash": 0.6,
            "stock": 0,
            "eps": 0.57
        },
        "2016": {
            "cash": 0.5,
            "stock": 0,
            "eps": 1.06
        },
        "2017": {
            "cash": 0.6,
            "stock": 0,
            "eps": 0.46
        },
        "2018": {
            "cash": 0.45,
            "stock": 0,
            "eps": 0.59
        },
        "2019": {
            "cash": 0.45,
            "stock": 0,
            "eps": 0.12
        },
        "2020": {
            "cash": 0.25,
            "stock": 0,
            "eps": 0.1
        },
        "2021": {
            "cash": 0.2,
            "stock": 0,
            "eps": 0.36
        },
        "2022": {
            "cash": 0.35,
            "stock": 0,
            "eps": 0.19
        },
        "2023": {
            "cash": 0.32,
            "stock": 0,
            "eps": 1.14
        }
    },
    "dividends": {
        "2000-06-17": {
            "cash": 0,
            "stock": 0.5
        },
        "2001-06-15": {
            "cash": 0,
            "stock": 1
        },
        "2002-06-21": {
            "cash": 0,
            "stock": 1
        },
        "2003-05-16": {
            "cash": 0,
            "stock": 1.42
        },
        "2004-03-19": {
            "cash": 0,
            "stock": 0.5
        },
        "2005-04-19": {
            "cash": 0.5,
            "stock": 0.5
        },
        "2006-04-24": {
            "cash": 0.99,
            "stock": 0.5
        },
        "2007-03-26": {
            "cash": 1.15,
            "stock": 0.5
        },
        "2008-03-24": {
            "cash": 1.3,
            "stock": 0.62
        },
        "2009-03-23": {
            "cash": 0.3,
            "stock": 0.3
        },
        "2011-03-11": {
            "cash": 0.6,
            "stock": 0
        },
        "2012-06-18": {
            "cash": 0.86,
            "stock": 0
        },
        "2013-06-10": {
            "cash": 0.5,
            "stock": 0
        },
        "2014-08-13": {
            "cash": 0.3,
            "stock": 0
        },
        "2015-07-24": {
            "cash": 0.6,
            "stock": 0
        },
        "2016-08-31": {
            "cash": 0.5,
            "stock": 0
        },
        "2017-09-15": {
            "cash": 0.6,
            "stock": 0
        },
        "2018-08-22": {
            "cash": 0.45,
            "stock": 0
        },
        "2019-09-12": {
            "cash": 0.45,
            "stock": 0
        },
        "2020-08-21": {
            "cash": 0.25,
            "stock": 0
        },
        "2021-09-08": {
            "cash": 0.2,
            "stock": 0
        },
        "2022-08-24": {
            "cash": 0.35,
            "stock": 0
        },
        "2023-08-28": {
            "cash": 0.32,
            "stock": 0
        }
    },
    "prices": {
        "200101": "無",
        "200102": "無",
        "200103": "無",
        "200104": "無",
        "200105": "無",
        "200106": "無",
        "200107": "無",
        "200108": "無",
        "200109": "無",
        "200110": "無",
        "200111": "無",
        "200112": "無",
        "200201": "無",
        "200202": "無",
        "200203": "無",
        "200204": "17.63",
        "200205": "16.12",
        "200206": "17.52",
        "200207": "22.70",
        "200208": "24.75",
        "200209": "23.42",
        "200210": "23.60",
        "200211": "24.51",
        "200212": "26.25",
        "200301": "26.58",
        "200302": "26.12",
        "200303": "25.74",
        "200304": "24.63",
        "200305": "21.32",
        "200306": "20.72",
        "200307": "20.32",
        "200308": "21.55",
        "200309": "23.96",
        "200310": "23.16",
        "200311": "23.68",
        "200312": "27.17",
        "200401": "29.67",
        "200402": "33.84",
        "200403": "32.40",
        "200404": "25.49",
        "200405": "21.56",
        "200406": "20.82",
        "200407": "21.19",
        "200408": "16.70",
        "200409": "19.67",
        "200410": "17.96",
        "200411": "17.14",
        "200412": "17.14",
        "200501": "16.82",
        "200502": "16.35",
        "200503": "15.76",
        "200504": "15.34",
        "200505": "14.68",
        "200506": "14.80",
        "200507": "14.92",
        "200508": "14.86",
        "200509": "16.09",
        "200510": "15.40",
        "200511": "16.09",
        "200512": "16.68",
        "200601": "16.94",
        "200602": "17.63",
        "200603": "18.50",
        "200604": "19.37",
        "200605": "22.41",
        "200606": "21.63",
        "200607": "21.24",
        "200608": "21.04",
        "200609": "19.16",
        "200610": "18.38",
        "200611": "18.17",
        "200612": "18.36",
        "200701": "18.32",
        "200702": "18.35",
        "200703": "18.85",
        "200704": "23.08",
        "200705": "29.02",
        "200706": "32.63",
        "200707": "35.42",
        "200708": "36.12",
        "200709": "35.83",
        "200710": "35.58",
        "200711": "34.58",
        "200712": "26.25",
        "200801": "26.03",
        "200802": "25.52",
        "200803": "26.00",
        "200804": "25.31",
        "200805": "26.98",
        "200806": "25.04",
        "200807": "21.20",
        "200808": "20.89",
        "200809": "16.58",
        "200810": "15.48",
        "200811": "12.92",
        "200812": "12.70",
        "200901": "9.72",
        "200902": "8.00",
        "200903": "8.86",
        "200904": "10.55",
        "200905": "10.68",
        "200906": "9.82",
        "200907": "10.54",
        "200908": "12.17",
        "200909": "11.43",
        "200910": "10.88",
        "200911": "10.91",
        "200912": "11.56",
        "201001": "12.80",
        "201002": "11.93",
        "201003": "13.36",
        "201004": "15.25",
        "201005": "13.46",
        "201006": "13.30",
        "201007": "14.18",
        "201008": "14.13",
        "201009": "13.03",
        "201010": "12.53",
        "201011": "11.00",
        "201012": "12.24",
        "201101": "14.03",
        "201102": "13.44",
        "201103": "15.20",
        "201104": "19.02",
        "201105": "18.45",
        "201106": "16.50",
        "201107": "16.35",
        "201108": "14.53",
        "201109": "11.93",
        "201110": "11.15",
        "201111": "11.23",
        "201112": "9.77",
        "201201": "10.32",
        "201202": "12.48",
        "201203": "12.65",
        "201204": "11.73",
        "201205": "10.81",
        "201206": "10.64",
        "201207": "10.48",
        "201208": "10.56",
        "201209": "11.37",
        "201210": "10.70",
        "201211": "10.24",
        "201212": "10.45",
        "201301": "10.69",
        "201302": "10.96",
        "201303": "10.97",
        "201304": "11.24",
        "201305": "12.65",
        "201306": "12.63",
        "201307": "13.17",
        "201308": "14.28",
        "201309": "14.37",
        "201310": "16.62",
        "201311": "15.11",
        "201312": "15.83",
        "201401": "16.76",
        "201402": "17.46",
        "201403": "17.01",
        "201404": "16.62",
        "201405": "15.81",
        "201406": "16.48",
        "201407": "15.67",
        "201408": "15.85",
        "201409": "16.50",
        "201410": "15.16",
        "201411": "14.12",
        "201412": "13.86",
        "201501": "14.12",
        "201502": "13.93",
        "201503": "13.82",
        "201504": "13.81",
        "201505": "13.19",
        "201506": "12.17",
        "201507": "11.35",
        "201508": "10.85",
        "201509": "10.95",
        "201510": "11.63",
        "201511": "11.68",
        "201512": "11.59",
        "201601": "11.77",
        "201602": "12.51",
        "201603": "15.10",
        "201604": "14.52",
        "201605": "13.00",
        "201606": "13.38",
        "201607": "14.24",
        "201608": "14.10",
        "201609": "14.67",
        "201610": "13.79",
        "201611": "13.68",
        "201612": "13.97",
        "201701": "14.02",
        "201702": "15.09",
        "201703": "15.42",
        "201704": "14.04",
        "201705": "13.29",
        "201706": "12.79",
        "201707": "12.97",
        "201708": "13.15",
        "201709": "12.98",
        "201710": "12.68",
        "201711": "12.90",
        "201712": "12.85",
        "201801": "12.95",
        "201802": "11.98",
        "201803": "11.77",
        "201804": "11.67",
        "201805": "11.31",
        "201806": "13.02",
        "201807": "12.34",
        "201808": "11.96",
        "201809": "11.57",
        "201810": "10.69",
        "201811": "11.06",
        "201812": "10.85",
        "201901": "11.07",
        "201902": "11.63",
        "201903": "11.98",
        "201904": "12.49",
        "201905": "11.76",
        "201906": "11.79",
        "201907": "11.70",
        "201908": "11.23",
        "201909": "10.84",
        "201910": "10.74",
        "201911": "10.55",
        "201912": "10.88",
        "202001": "11.56",
        "202002": "11.42",
        "202003": "10.47",
        "202004": "10.60",
        "202005": "10.86",
        "202006": "11.17",
        "202007": "11.52",
        "202008": "11.77",
        "202009": "11.38",
        "202010": "11.12",
        "202011": "11.33",
        "202012": "11.47",
        "202101": "11.35",
        "202102": "11.55",
        "202103": "11.99",
        "202104": "13.35",
        "202105": "11.69",
        "202106": "11.48",
        "202107": "11.69",
        "202108": "11.47",
        "202109": "11.58",
        "202110": "11.36",
        "202111": "11.55",
        "202112": "12.53",
        "202201": "12.09",
        "202202": "11.92",
        "202203": "11.57",
        "202204": "11.78",
        "202205": "11.52",
        "202206": "11.28",
        "202207": "10.49",
        "202208": "10.75",
        "202209": "10.53",
        "202210": "10.70",
        "202211": "10.56",
        "202212": "10.66",
        "202301": "10.55",
        "202302": "11.29",
        "202303": "11.64",
        "202304": "11.64",
        "202305": "12.72",
        "202306": "22.39",
        "202307": "31.42",
        "202308": "27.59",
        "202309": "27.26"
    },
    "quarters": {
        "20011": {
            "year_quarter": 20011,
            "year": 2001,
            "quarter": 1,
            "eps": 0.11,
            "eps_growth_year": null,
            "eps_4q": null,
            "eps_4q_growth_year": null,
            "roe": 0.87,
            "roe_4q": 0.87,
            "gross_profit": 70154,
            "gross_margin": 21.37,
            "gross_margin_4q_avg": 21.37,
            "net_income": 4967,
            "revenue": 328296,
            "common_shares": 433125,
            "book_valuer_per_share": 13.26,
            "book_valuer_per_share_4q_avg": 13.26,
            "equity": 574290,
            "current_ratio": 110.25,
            "debt_ratio": 69.35,
            "inventory_turnover_ratio": 0.6,
            "account_receivable_turnover_ratio": null,
            "reinvestment_rate": null,
            "research_to_sale_ratio": null,
            "price_fair": 0,
            "eps_avg_yearly": 0,
            "eps_latest_yearly": 0,
            "eps_growth_yearly": 0
        },
        "20012": {
            "year_quarter": 20012,
            "year": 2001,
            "quarter": 2,
            "eps": 0.13,
            "eps_growth_year": null,
            "eps_4q": null,
            "eps_4q_growth_year": null,
            "roe": 1.06,
            "roe_4q": 1.9300000000000002,
            "gross_profit": 96269,
            "gross_margin": 20.92,
            "gross_margin_4q_avg": 21.15,
            "net_income": 6140,
            "revenue": 460098,
            "common_shares": 433125,
            "book_valuer_per_share": 13.37,
            "book_valuer_per_share_4q_avg": 13.32,
            "equity": 579112,
            "current_ratio": 113.5,
            "debt_ratio": 67.62,
            "inventory_turnover_ratio": 0.82,
            "account_receivable_turnover_ratio": null,
            "reinvestment_rate": null,
            "research_to_sale_ratio": null,
            "price_fair": 0,
            "eps_avg_yearly": 0,
            "eps_latest_yearly": 0,
            "eps_growth_yearly": 0
        },
        "20013": {
            "year_quarter": 20013,
            "year": 2001,
            "quarter": 3,
            "eps": 0.19,
            "eps_growth_year": null,
            "eps_4q": null,
            "eps_4q_growth_year": null,
            "roe": 1.44,
            "roe_4q": 3.37,
            "gross_profit": 81201,
            "gross_margin": 22.95,
            "gross_margin_4q_avg": 21.75,
            "net_income": 8387,
            "revenue": 353890,
            "common_shares": 433125,
            "book_valuer_per_share": 13.56,
            "book_valuer_per_share_4q_avg": 13.4,
            "equity": 587398,
            "current_ratio": 127.19,
            "debt_ratio": 65.28,
            "inventory_turnover_ratio": 0.72,
            "account_receivable_turnover_ratio": null,
            "reinvestment_rate": null,
            "research_to_sale_ratio": null,
            "price_fair": 0,
            "eps_avg_yearly": 0,
            "eps_latest_yearly": 0,
            "eps_growth_yearly": 0
        },
        "20014": {
            "year_quarter": 20014,
            "year": 2001,
            "quarter": 4,
            "eps": 0.3,
            "eps_growth_year": null,
            "eps_4q": 0.7,
            "eps_4q_growth_year": null,
            "roe": 2.44,
            "roe_4q": 5.81,
            "gross_profit": 81563,
            "gross_margin": 18.04,
            "gross_margin_4q_avg": 20.82,
            "net_income": 14528,
            "revenue": 452197,
            "common_shares": 476438,
            "book_valuer_per_share": 12.63,
            "book_valuer_per_share_4q_avg": 13.21,
            "equity": 601973,
            "current_ratio": 131.88,
            "debt_ratio": 65.6,
            "inventory_turnover_ratio": 1.03,
            "account_receivable_turnover_ratio": null,
            "reinvestment_rate": null,
            "research_to_sale_ratio": null,
            "price_fair": 0,
            "eps_avg_yearly": 0,
            "eps_latest_yearly": 0,
            "eps_growth_yearly": 0
        },
        "20021": {
            "year_quarter": 20021,
            "year": 2002,
            "quarter": 1,
            "eps": 0.21,
            "eps_growth_year": 90.91,
            "eps_4q": 0.81,
            "eps_4q_growth_year": null,
            "roe": 1.68,
            "roe_4q": 6.620000000000001,
            "gross_profit": 69174,
            "gross_margin": 19.7,
            "gross_margin_4q_avg": 20.4,
            "net_income": 10199,
            "revenue": 351150,
            "common_shares": 476438,
            "book_valuer_per_share": 12.85,
            "book_valuer_per_share_4q_avg": 13.1,
            "equity": 612191,
            "current_ratio": 134.66,
            "debt_ratio": 63.96,
            "inventory_turnover_ratio": 0.86,
            "account_receivable_turnover_ratio": null,
            "reinvestment_rate": null,
            "research_to_sale_ratio": null,
            "price_fair": 2.52,
            "eps_avg_yearly": 0.84,
            "eps_latest_yearly": 0.84,
            "eps_growth_yearly": -120
        },
        "20022": {
            "year_quarter": 20022,
            "year": 2002,
            "quarter": 2,
            "eps": 0.24,
            "eps_growth_year": 84.62,
            "eps_4q": 0.92,
            "eps_4q_growth_year": null,
            "roe": 1.88,
            "roe_4q": 7.4399999999999995,
            "gross_profit": 102584,
            "gross_margin": 21.15,
            "gross_margin_4q_avg": 20.46,
            "net_income": 11604,
            "revenue": 485134,
            "common_shares": 476438,
            "book_valuer_per_share": 13.07,
            "book_valuer_per_share_4q_avg": 13.03,
            "equity": 622551,
            "current_ratio": 129.99,
            "debt_ratio": 66.61,
            "inventory_turnover_ratio": 1.26,
            "account_receivable_turnover_ratio": null,
            "reinvestment_rate": null,
            "research_to_sale_ratio": null,
            "price_fair": 2.7,
            "eps_avg_yearly": 0.9,
            "eps_latest_yearly": 0.96,
            "eps_growth_yearly": -31.43
        },
        "20023": {
            "year_quarter": 20023,
            "year": 2002,
            "quarter": 3,
            "eps": 0.64,
            "eps_growth_year": 236.84,
            "eps_4q": 1.4,
            "eps_4q_growth_year": null,
            "roe": 4.81,
            "roe_4q": 10.809999999999999,
            "gross_profit": 108999,
            "gross_margin": 19.8,
            "gross_margin_4q_avg": 19.67,
            "net_income": 30668,
            "revenue": 550615,
            "common_shares": 476438,
            "book_valuer_per_share": 13.71,
            "book_valuer_per_share_4q_avg": 13.07,
            "equity": 653280,
            "current_ratio": 129.51,
            "debt_ratio": 66.1,
            "inventory_turnover_ratio": 1.42,
            "account_receivable_turnover_ratio": null,
            "reinvestment_rate": null,
            "research_to_sale_ratio": null,
            "price_fair": 50.87,
            "eps_avg_yearly": 1.45,
            "eps_latest_yearly": 2.56,
            "eps_growth_yearly": 201.27
        },
        "20024": {
            "year_quarter": 20024,
            "year": 2002,
            "quarter": 4,
            "eps": 0.29,
            "eps_growth_year": -3.33,
            "eps_4q": 1.3,
            "eps_4q_growth_year": 84.34,
            "roe": 2.29,
            "roe_4q": 10.66,
            "gross_profit": 92080,
            "gross_margin": 16.24,
            "gross_margin_4q_avg": 19.22,
            "net_income": 15140,
            "revenue": 566966,
            "common_shares": 525074,
            "book_valuer_per_share": 12.73,
            "book_valuer_per_share_4q_avg": 13.09,
            "equity": 668261,
            "current_ratio": 117.56,
            "debt_ratio": 69.37,
            "inventory_turnover_ratio": 1.4,
            "account_receivable_turnover_ratio": null,
            "reinvestment_rate": null,
            "research_to_sale_ratio": null,
            "price_fair": 48.3,
            "eps_avg_yearly": 1.38,
            "eps_latest_yearly": 1.16,
            "eps_growth_yearly": 96.26
        },
        "20031": {
            "year_quarter": 20031,
            "year": 2003,
            "quarter": 1,
            "eps": -0.29,
            "eps_growth_year": -238.1,
            "eps_4q": 0.79,
            "eps_4q_growth_year": -2.19,
            "roe": -2.33,
            "roe_4q": 6.6499999999999995,
            "gross_profit": 82055,
            "gross_margin": 17.49,
            "gross_margin_4q_avg": 18.67,
            "net_income": -15408,
            "revenue": 469103,
            "common_shares": 525074,
            "book_valuer_per_share": 12.43,
            "book_valuer_per_share_4q_avg": 12.99,
            "equity": 652768,
            "current_ratio": 116.62,
            "debt_ratio": 69.62,
            "inventory_turnover_ratio": 0.95,
            "account_receivable_turnover_ratio": null,
            "reinvestment_rate": null,
            "research_to_sale_ratio": null,
            "price_fair": 48.3,
            "eps_avg_yearly": 1.38,
            "eps_latest_yearly": 1.16,
            "eps_growth_yearly": 96.26
        },
        "20032": {
            "year_quarter": 20032,
            "year": 2003,
            "quarter": 2,
            "eps": 0.06,
            "eps_growth_year": -75,
            "eps_4q": 0.56,
            "eps_4q_growth_year": -39.36,
            "roe": 0.56,
            "roe_4q": 5.33,
            "gross_profit": 91336,
            "gross_margin": 13.94,
            "gross_margin_4q_avg": 16.87,
            "net_income": 3642,
            "revenue": 655370,
            "common_shares": 525074,
            "book_valuer_per_share": 12.48,
            "book_valuer_per_share_4q_avg": 12.84,
            "equity": 655168,
            "current_ratio": 115.19,
            "debt_ratio": 69.91,
            "inventory_turnover_ratio": 1.29,
            "account_receivable_turnover_ratio": null,
            "reinvestment_rate": null,
            "research_to_sale_ratio": null,
            "price_fair": 48.3,
            "eps_avg_yearly": 1.38,
            "eps_latest_yearly": 1.16,
            "eps_growth_yearly": 96.26
        },
        "20033": {
            "year_quarter": 20033,
            "year": 2003,
            "quarter": 3,
            "eps": 0.25,
            "eps_growth_year": -60.94,
            "eps_4q": 0.31,
            "eps_4q_growth_year": -78.07,
            "roe": 2.25,
            "roe_4q": 2.77,
            "gross_profit": 94614,
            "gross_margin": 16.73,
            "gross_margin_4q_avg": 16.1,
            "net_income": 14889,
            "revenue": 565514,
            "common_shares": 600852,
            "book_valuer_per_share": 11.13,
            "book_valuer_per_share_4q_avg": 12.19,
            "equity": 668612,
            "current_ratio": 113.35,
            "debt_ratio": 70.73,
            "inventory_turnover_ratio": 1.09,
            "account_receivable_turnover_ratio": null,
            "reinvestment_rate": null,
            "research_to_sale_ratio": null,
            "price_fair": 45.64,
            "eps_avg_yearly": 1.3,
            "eps_latest_yearly": 1,
            "eps_growth_yearly": 330.35
        },
        "20034": {
            "year_quarter": 20034,
            "year": 2003,
            "quarter": 4,
            "eps": 0.66,
            "eps_growth_year": 127.59,
            "eps_4q": 0.71,
            "eps_4q_growth_year": -45,
            "roe": 5.73,
            "roe_4q": 6.210000000000001,
            "gross_profit": 117199,
            "gross_margin": 17.64,
            "gross_margin_4q_avg": 16.45,
            "net_income": 39386,
            "revenue": 664415,
            "common_shares": 600852,
            "book_valuer_per_share": 11.76,
            "book_valuer_per_share_4q_avg": 11.95,
            "equity": 706456,
            "current_ratio": 126.43,
            "debt_ratio": 71.18,
            "inventory_turnover_ratio": 1.27,
            "account_receivable_turnover_ratio": null,
            "reinvestment_rate": null,
            "research_to_sale_ratio": null,
            "price_fair": 53.43,
            "eps_avg_yearly": 1.53,
            "eps_latest_yearly": 2.64,
            "eps_growth_yearly": 384.62
        },
        "20041": {
            "year_quarter": 20041,
            "year": 2004,
            "quarter": 1,
            "eps": 0.3,
            "eps_growth_year": null,
            "eps_4q": 1.26,
            "eps_4q_growth_year": 59.76,
            "roe": 2.53,
            "roe_4q": 11.07,
            "gross_profit": 111638,
            "gross_margin": 16.07,
            "gross_margin_4q_avg": 16.1,
            "net_income": 18043,
            "revenue": 694555,
            "common_shares": 600852,
            "book_valuer_per_share": 12.01,
            "book_valuer_per_share_4q_avg": 11.85,
            "equity": 721838,
            "current_ratio": 126.7,
            "debt_ratio": 70.52,
            "inventory_turnover_ratio": 1.49,
            "account_receivable_turnover_ratio": null,
            "reinvestment_rate": null,
            "research_to_sale_ratio": null,
            "price_fair": 51.8,
            "eps_avg_yearly": 1.48,
            "eps_latest_yearly": 1.2,
            "eps_growth_yearly": 298.51
        },
        "20042": {
            "year_quarter": 20042,
            "year": 2004,
            "quarter": 2,
            "eps": 0.49,
            "eps_growth_year": 716.67,
            "eps_4q": 1.71,
            "eps_4q_growth_year": 205.02,
            "roe": 3.96,
            "roe_4q": 14.47,
            "gross_profit": 101092,
            "gross_margin": 14.9,
            "gross_margin_4q_avg": 16.34,
            "net_income": 29031,
            "revenue": 678534,
            "common_shares": 616819,
            "book_valuer_per_share": 12.04,
            "book_valuer_per_share_4q_avg": 11.74,
            "equity": 742733,
            "current_ratio": 114.86,
            "debt_ratio": 72.01,
            "inventory_turnover_ratio": 1.4,
            "account_receivable_turnover_ratio": null,
            "reinvestment_rate": null,
            "research_to_sale_ratio": null,
            "price_fair": 53.9,
            "eps_avg_yearly": 1.54,
            "eps_latest_yearly": 1.96,
            "eps_growth_yearly": 292.86
        },
        "20043": {
            "year_quarter": 20043,
            "year": 2004,
            "quarter": 3,
            "eps": 0.43,
            "eps_growth_year": 72,
            "eps_4q": 1.75,
            "eps_4q_growth_year": 469.34,
            "roe": 3.64,
            "roe_4q": 15.86,
            "gross_profit": 133945,
            "gross_margin": 18.04,
            "gross_margin_4q_avg": 16.66,
            "net_income": 28253,
            "revenue": 742404,
            "common_shares": 665996,
            "book_valuer_per_share": 12.15,
            "book_valuer_per_share_4q_avg": 11.99,
            "equity": 808991,
            "current_ratio": 115.39,
            "debt_ratio": 70.45,
            "inventory_turnover_ratio": 1.25,
            "account_receivable_turnover_ratio": null,
            "reinvestment_rate": null,
            "research_to_sale_ratio": null,
            "price_fair": 54.6,
            "eps_avg_yearly": 1.56,
            "eps_latest_yearly": 1.72,
            "eps_growth_yearly": 254.88
        },
        "20044": {
            "year_quarter": 20044,
            "year": 2004,
            "quarter": 4,
            "eps": 0.27,
            "eps_growth_year": -59.09,
            "eps_4q": 1.43,
            "eps_4q_growth_year": 101.15,
            "roe": 2.14,
            "roe_4q": 12.27,
            "gross_profit": 134274,
            "gross_margin": 15.76,
            "gross_margin_4q_avg": 16.19,
            "net_income": 17490,
            "revenue": 851897,
            "common_shares": 670733,
            "book_valuer_per_share": 12.33,
            "book_valuer_per_share_4q_avg": 12.13,
            "equity": 826817,
            "current_ratio": 107.96,
            "debt_ratio": 73.34,
            "inventory_turnover_ratio": 1.21,
            "account_receivable_turnover_ratio": null,
            "reinvestment_rate": 138.14,
            "research_to_sale_ratio": null,
            "price_fair": 52.92,
            "eps_avg_yearly": 1.51,
            "eps_latest_yearly": 1.08,
            "eps_growth_yearly": 214.51
        },
        "20051": {
            "year_quarter": 20051,
            "year": 2005,
            "quarter": 1,
            "eps": 0.2,
            "eps_growth_year": -33.33,
            "eps_4q": 1.33,
            "eps_4q_growth_year": 5.27,
            "roe": 1.59,
            "roe_4q": 11.330000000000002,
            "gross_profit": 113952,
            "gross_margin": 14.57,
            "gross_margin_4q_avg": 15.82,
            "net_income": 13239,
            "revenue": 782073,
            "common_shares": 670733,
            "book_valuer_per_share": 12.51,
            "book_valuer_per_share_4q_avg": 12.26,
            "equity": 839133,
            "current_ratio": 105.63,
            "debt_ratio": 71.55,
            "inventory_turnover_ratio": 1.09,
            "account_receivable_turnover_ratio": null,
            "reinvestment_rate": 65.02,
            "research_to_sale_ratio": null,
            "price_fair": 50.65,
            "eps_avg_yearly": 1.45,
            "eps_latest_yearly": 0.8,
            "eps_growth_yearly": 185.58
        },
        "20052": {
            "year_quarter": 20052,
            "year": 2005,
            "quarter": 2,
            "eps": 0.64,
            "eps_growth_year": 30.61,
            "eps_4q": 1.55,
            "eps_4q_growth_year": -9.35,
            "roe": 4.92,
            "roe_4q": 12.290000000000001,
            "gross_profit": 151730,
            "gross_margin": 17.08,
            "gross_margin_4q_avg": 16.36,
            "net_income": 41450,
            "revenue": 888536,
            "common_shares": 670733,
            "book_valuer_per_share": 12.62,
            "book_valuer_per_share_4q_avg": 12.4,
            "equity": 846272,
            "current_ratio": 106.57,
            "debt_ratio": 73.39,
            "inventory_turnover_ratio": 1.33,
            "account_receivable_turnover_ratio": null,
            "reinvestment_rate": 68.41,
            "research_to_sale_ratio": null,
            "price_fair": 53.9,
            "eps_avg_yearly": 1.54,
            "eps_latest_yearly": 2.56,
            "eps_growth_yearly": 243.45
        },
        "20053": {
            "year_quarter": 20053,
            "year": 2005,
            "quarter": 3,
            "eps": 0.65,
            "eps_growth_year": 51.16,
            "eps_4q": 1.7,
            "eps_4q_growth_year": -2.85,
            "roe": 5.11,
            "roe_4q": 13.760000000000002,
            "gross_profit": 131473,
            "gross_margin": 15.95,
            "gross_margin_4q_avg": 15.84,
            "net_income": 44846,
            "revenue": 824352,
            "common_shares": 670733,
            "book_valuer_per_share": 13.53,
            "book_valuer_per_share_4q_avg": 12.75,
            "equity": 907578,
            "current_ratio": 107.95,
            "debt_ratio": 71.83,
            "inventory_turnover_ratio": 1.2,
            "account_receivable_turnover_ratio": null,
            "reinvestment_rate": 30.06,
            "research_to_sale_ratio": null,
            "price_fair": 56.75,
            "eps_avg_yearly": 1.62,
            "eps_latest_yearly": 2.6,
            "eps_growth_yearly": 225.2
        },
        "20054": {
            "year_quarter": 20054,
            "year": 2005,
            "quarter": 4,
            "eps": 0.5,
            "eps_growth_year": 85.19,
            "eps_4q": 1.94,
            "eps_4q_growth_year": 35.44,
            "roe": 3.74,
            "roe_4q": 15.360000000000001,
            "gross_profit": 175358,
            "gross_margin": 15.26,
            "gross_margin_4q_avg": 15.72,
            "net_income": 34546,
            "revenue": 1149261,
            "common_shares": 705400,
            "book_valuer_per_share": 13.34,
            "book_valuer_per_share_4q_avg": 13,
            "equity": 941158,
            "current_ratio": 116.15,
            "debt_ratio": 72.59,
            "inventory_turnover_ratio": 1.5,
            "account_receivable_turnover_ratio": null,
            "reinvestment_rate": 79.11,
            "research_to_sale_ratio": null,
            "price_fair": 57.7,
            "eps_avg_yearly": 1.65,
            "eps_latest_yearly": 2,
            "eps_growth_yearly": 202.52
        },
        "20061": {
            "year_quarter": 20061,
            "year": 2006,
            "quarter": 1,
            "eps": 0.33,
            "eps_growth_year": 65,
            "eps_4q": 2.08,
            "eps_4q_growth_year": 56.08,
            "roe": 2.4,
            "roe_4q": 16.17,
            "gross_profit": 136423,
            "gross_margin": 15.54,
            "gross_margin_4q_avg": 15.96,
            "net_income": 22850,
            "revenue": 877734,
            "common_shares": 705400,
            "book_valuer_per_share": 13.67,
            "book_valuer_per_share_4q_avg": 13.29,
            "equity": 964153,
            "current_ratio": 112.97,
            "debt_ratio": 69.04,
            "inventory_turnover_ratio": 1.21,
            "account_receivable_turnover_ratio": null,
            "reinvestment_rate": 40.06,
            "research_to_sale_ratio": null,
            "price_fair": 58.9,
            "eps_avg_yearly": 1.68,
            "eps_latest_yearly": 1.32,
            "eps_growth_yearly": 201.38
        },
        "20062": {
            "year_quarter": 20062,
            "year": 2006,
            "quarter": 2,
            "eps": 0.51,
            "eps_growth_year": -20.31,
            "eps_4q": 2,
            "eps_4q_growth_year": 28.95,
            "roe": 3.69,
            "roe_4q": 14.940000000000001,
            "gross_profit": 147139,
            "gross_margin": 15.36,
            "gross_margin_4q_avg": 15.53,
            "net_income": 35004,
            "revenue": 957848,
            "common_shares": 706602,
            "book_valuer_per_share": 13.2,
            "book_valuer_per_share_4q_avg": 13.44,
            "equity": 932895,
            "current_ratio": 109.69,
            "debt_ratio": 69.17,
            "inventory_turnover_ratio": 1.56,
            "account_receivable_turnover_ratio": null,
            "reinvestment_rate": 35.33,
            "research_to_sale_ratio": null,
            "price_fair": 61.6,
            "eps_avg_yearly": 1.76,
            "eps_latest_yearly": 2.04,
            "eps_growth_yearly": 212.88
        },
        "20063": {
            "year_quarter": 20063,
            "year": 2006,
            "quarter": 3,
            "eps": 0.89,
            "eps_growth_year": 36.92,
            "eps_4q": 2.17,
            "eps_4q_growth_year": 27.8,
            "roe": 6.61,
            "roe_4q": 16.44,
            "gross_profit": 170502,
            "gross_margin": 16.95,
            "gross_margin_4q_avg": 15.78,
            "net_income": 64360,
            "revenue": 1005925,
            "common_shares": 709450,
            "book_valuer_per_share": 14.31,
            "book_valuer_per_share_4q_avg": 13.63,
            "equity": 1015297,
            "current_ratio": 109.21,
            "debt_ratio": 69.43,
            "inventory_turnover_ratio": 1.57,
            "account_receivable_turnover_ratio": null,
            "reinvestment_rate": 17.69,
            "research_to_sale_ratio": null,
            "price_fair": 64.1,
            "eps_avg_yearly": 1.83,
            "eps_latest_yearly": 3.56,
            "eps_growth_yearly": 186.55
        },
        "20064": {
            "year_quarter": 20064,
            "year": 2006,
            "quarter": 4,
            "eps": 0.66,
            "eps_growth_year": 32,
            "eps_4q": 2.28,
            "eps_4q_growth_year": 17.7,
            "roe": 4.29,
            "roe_4q": 16.99,
            "gross_profit": 166470,
            "gross_margin": 16.19,
            "gross_margin_4q_avg": 16.01,
            "net_income": 49668,
            "revenue": 1028018,
            "common_shares": 905894,
            "book_valuer_per_share": 14.37,
            "book_valuer_per_share_4q_avg": 13.89,
            "equity": 1302636,
            "current_ratio": 127.75,
            "debt_ratio": 64.41,
            "inventory_turnover_ratio": 1.33,
            "account_receivable_turnover_ratio": null,
            "reinvestment_rate": 38.19,
            "research_to_sale_ratio": null,
            "price_fair": 67.8,
            "eps_avg_yearly": 1.94,
            "eps_latest_yearly": 2.64,
            "eps_growth_yearly": 194.79
        },
        "20071": {
            "year_quarter": 20071,
            "year": 2007,
            "quarter": 1,
            "eps": 0.4,
            "eps_growth_year": 21.21,
            "eps_4q": 2.07,
            "eps_4q_growth_year": -0.3,
            "roe": 2.7,
            "roe_4q": 17.290000000000003,
            "gross_profit": 132803,
            "gross_margin": 12.74,
            "gross_margin_4q_avg": 15.31,
            "net_income": 35720,
            "revenue": 1042004,
            "common_shares": 905894,
            "book_valuer_per_share": 14.87,
            "book_valuer_per_share_4q_avg": 14.19,
            "equity": 1346752,
            "current_ratio": 121.2,
            "debt_ratio": 61.19,
            "inventory_turnover_ratio": 1.45,
            "account_receivable_turnover_ratio": null,
            "reinvestment_rate": 10.97,
            "research_to_sale_ratio": null,
            "price_fair": 67.01,
            "eps_avg_yearly": 1.91,
            "eps_latest_yearly": 1.6,
            "eps_growth_yearly": 171.3
        },
        "20072": {
            "year_quarter": 20072,
            "year": 2007,
            "quarter": 2,
            "eps": 0.91,
            "eps_growth_year": 78.43,
            "eps_4q": 2.61,
            "eps_4q_growth_year": 30.46,
            "roe": 6,
            "roe_4q": 19.599999999999998,
            "gross_profit": 168651,
            "gross_margin": 14.35,
            "gross_margin_4q_avg": 15.06,
            "net_income": 80217,
            "revenue": 1175564,
            "common_shares": 885894,
            "book_valuer_per_share": 14.96,
            "book_valuer_per_share_4q_avg": 14.63,
            "equity": 1325603,
            "current_ratio": 115.01,
            "debt_ratio": 63.75,
            "inventory_turnover_ratio": 2.14,
            "account_receivable_turnover_ratio": null,
            "reinvestment_rate": 8.74,
            "research_to_sale_ratio": null,
            "price_fair": 70.79,
            "eps_avg_yearly": 2.02,
            "eps_latest_yearly": 3.64,
            "eps_growth_yearly": 192.47
        },
        "20073": {
            "year_quarter": 20073,
            "year": 2007,
            "quarter": 3,
            "eps": 1,
            "eps_growth_year": 12.36,
            "eps_4q": 2.77,
            "eps_4q_growth_year": 27.82,
            "roe": 6.8,
            "roe_4q": 19.79,
            "gross_profit": 146606,
            "gross_margin": 14.25,
            "gross_margin_4q_avg": 14.38,
            "net_income": 93521,
            "revenue": 1028778,
            "common_shares": 885894,
            "book_valuer_per_share": 16.06,
            "book_valuer_per_share_4q_avg": 15.07,
            "equity": 1423124,
            "current_ratio": 117.03,
            "debt_ratio": 60.35,
            "inventory_turnover_ratio": 1.8,
            "account_receivable_turnover_ratio": null,
            "reinvestment_rate": 6.85,
            "research_to_sale_ratio": null,
            "price_fair": 77.35,
            "eps_avg_yearly": 2.21,
            "eps_latest_yearly": 4,
            "eps_growth_yearly": 115.78
        },
        "20074": {
            "year_quarter": 20074,
            "year": 2007,
            "quarter": 4,
            "eps": 0.9,
            "eps_growth_year": 36.36,
            "eps_4q": 3.1,
            "eps_4q_growth_year": 35.59,
            "roe": 5.26,
            "roe_4q": 20.759999999999998,
            "gross_profit": 211888,
            "gross_margin": 16.66,
            "gross_margin_4q_avg": 14.5,
            "net_income": 85805,
            "revenue": 1271872,
            "common_shares": 1033283,
            "book_valuer_per_share": 17.82,
            "book_valuer_per_share_4q_avg": 15.93,
            "equity": 1841391,
            "current_ratio": 145.01,
            "debt_ratio": 59.02,
            "inventory_turnover_ratio": 1.54,
            "account_receivable_turnover_ratio": null,
            "reinvestment_rate": 35.81,
            "research_to_sale_ratio": null,
            "price_fair": 79.45,
            "eps_avg_yearly": 2.27,
            "eps_latest_yearly": 3.6,
            "eps_growth_yearly": 72.28
        },
        "20081": {
            "year_quarter": 20081,
            "year": 2008,
            "quarter": 1,
            "eps": 0.29,
            "eps_growth_year": -27.5,
            "eps_4q": 2.8,
            "eps_4q_growth_year": 35.4,
            "roe": 1.67,
            "roe_4q": 19.73,
            "gross_profit": 278501,
            "gross_margin": 24.88,
            "gross_margin_4q_avg": 17.54,
            "net_income": 29970,
            "revenue": 1119268,
            "common_shares": 1033283,
            "book_valuer_per_share": 16.85,
            "book_valuer_per_share_4q_avg": 16.42,
            "equity": 1741122,
            "current_ratio": 146.48,
            "debt_ratio": 58.11,
            "inventory_turnover_ratio": 0.91,
            "account_receivable_turnover_ratio": null,
            "reinvestment_rate": 34.3,
            "research_to_sale_ratio": null,
            "price_fair": 79.36,
            "eps_avg_yearly": 2.27,
            "eps_latest_yearly": 1.16,
            "eps_growth_yearly": 68.97
        },
        "20082": {
            "year_quarter": 20082,
            "year": 2008,
            "quarter": 2,
            "eps": 0.37,
            "eps_growth_year": -59.34,
            "eps_4q": 2.46,
            "eps_4q_growth_year": -5.86,
            "roe": 2.18,
            "roe_4q": 15.91,
            "gross_profit": 291089,
            "gross_margin": 22.9,
            "gross_margin_4q_avg": 19.67,
            "net_income": 37107,
            "revenue": 1271195,
            "common_shares": 1033283,
            "book_valuer_per_share": 16.07,
            "book_valuer_per_share_4q_avg": 16.7,
            "equity": 1661362,
            "current_ratio": 137.48,
            "debt_ratio": 61.68,
            "inventory_turnover_ratio": 0.94,
            "account_receivable_turnover_ratio": null,
            "reinvestment_rate": 30.32,
            "research_to_sale_ratio": null,
            "price_fair": 78.31,
            "eps_avg_yearly": 2.24,
            "eps_latest_yearly": 1.48,
            "eps_growth_yearly": 60.03
        },
        "20083": {
            "year_quarter": 20083,
            "year": 2008,
            "quarter": 3,
            "eps": 0.36,
            "eps_growth_year": -64,
            "eps_4q": 1.79,
            "eps_4q_growth_year": -35.52,
            "roe": 2.32,
            "roe_4q": 11.43,
            "gross_profit": 222890,
            "gross_margin": 19.6,
            "gross_margin_4q_avg": 21.01,
            "net_income": 38547,
            "revenue": 1137274,
            "common_shares": 1098315,
            "book_valuer_per_share": 15.16,
            "book_valuer_per_share_4q_avg": 16.48,
            "equity": 1665942,
            "current_ratio": 141.73,
            "debt_ratio": 59.4,
            "inventory_turnover_ratio": 0.83,
            "account_receivable_turnover_ratio": null,
            "reinvestment_rate": 36.07,
            "research_to_sale_ratio": null,
            "price_fair": 77.7,
            "eps_avg_yearly": 2.22,
            "eps_latest_yearly": 1.44,
            "eps_growth_yearly": 62.42
        },
        "20084": {
            "year_quarter": 20084,
            "year": 2008,
            "quarter": 4,
            "eps": 0.14,
            "eps_growth_year": -84.44,
            "eps_4q": 1.12,
            "eps_4q_growth_year": -63.77,
            "roe": 0.89,
            "roe_4q": 7.0600000000000005,
            "gross_profit": 156908,
            "gross_margin": 22.16,
            "gross_margin_4q_avg": 22.39,
            "net_income": 15039,
            "revenue": 707935,
            "common_shares": 1098315,
            "book_valuer_per_share": 15.44,
            "book_valuer_per_share_4q_avg": 15.88,
            "equity": 1695941,
            "current_ratio": 152.78,
            "debt_ratio": 53.29,
            "inventory_turnover_ratio": 0.52,
            "account_receivable_turnover_ratio": 1.25,
            "reinvestment_rate": 22.34,
            "research_to_sale_ratio": null,
            "price_fair": 76.56,
            "eps_avg_yearly": 2.19,
            "eps_latest_yearly": 0.56,
            "eps_growth_yearly": 56.44
        },
        "20091": {
            "year_quarter": 20091,
            "year": 2009,
            "quarter": 1,
            "eps": -0.32,
            "eps_growth_year": -210.34,
            "eps_4q": 0.53,
            "eps_4q_growth_year": -81.05,
            "roe": -1.91,
            "roe_4q": 3.48,
            "gross_profit": 50685,
            "gross_margin": 16.12,
            "gross_margin_4q_avg": 20.2,
            "net_income": -32286,
            "revenue": 314415,
            "common_shares": 1098315,
            "book_valuer_per_share": 15.26,
            "book_valuer_per_share_4q_avg": 15.48,
            "equity": 1676247,
            "current_ratio": 172.36,
            "debt_ratio": 46.64,
            "inventory_turnover_ratio": 0.26,
            "account_receivable_turnover_ratio": 0.34,
            "reinvestment_rate": 48.19,
            "research_to_sale_ratio": null,
            "price_fair": 79.8,
            "eps_avg_yearly": 2.28,
            "eps_latest_yearly": 0.56,
            "eps_growth_yearly": 67.12
        },
        "20092": {
            "year_quarter": 20092,
            "year": 2009,
            "quarter": 2,
            "eps": -0.66,
            "eps_growth_year": -278.38,
            "eps_4q": -0.43,
            "eps_4q_growth_year": -117.59,
            "roe": -4.26,
            "roe_4q": -2.9600000000000004,
            "gross_profit": 46106,
            "gross_margin": 9.48,
            "gross_margin_4q_avg": 16.84,
            "net_income": -68724,
            "revenue": 486546,
            "common_shares": 1098315,
            "book_valuer_per_share": 14.11,
            "book_valuer_per_share_4q_avg": 14.99,
            "equity": 1549349,
            "current_ratio": 184.33,
            "debt_ratio": 49.26,
            "inventory_turnover_ratio": 0.51,
            "account_receivable_turnover_ratio": 0.77,
            "reinvestment_rate": 56.75,
            "research_to_sale_ratio": null,
            "price_fair": 43.06,
            "eps_avg_yearly": 2.26,
            "eps_latest_yearly": 0.56,
            "eps_growth_yearly": 9.05
        },
        "20093": {
            "year_quarter": 20093,
            "year": 2009,
            "quarter": 3,
            "eps": -0.2,
            "eps_growth_year": -155.56,
            "eps_4q": -0.95,
            "eps_4q_growth_year": -152.93,
            "roe": -1.37,
            "roe_4q": -6.65,
            "gross_profit": 75930,
            "gross_margin": 15.65,
            "gross_margin_4q_avg": 15.85,
            "net_income": -20971,
            "revenue": 485133,
            "common_shares": 1130811,
            "book_valuer_per_share": 13.39,
            "book_valuer_per_share_4q_avg": 14.55,
            "equity": 1513973,
            "current_ratio": 182.06,
            "debt_ratio": 50.53,
            "inventory_turnover_ratio": 0.58,
            "account_receivable_turnover_ratio": 0.84,
            "reinvestment_rate": 64.54,
            "research_to_sale_ratio": null,
            "price_fair": 43.05,
            "eps_avg_yearly": 2.23,
            "eps_latest_yearly": 0.56,
            "eps_growth_yearly": 9.27
        },
        "20094": {
            "year_quarter": 20094,
            "year": 2009,
            "quarter": 4,
            "eps": -0.26,
            "eps_growth_year": -285.71,
            "eps_4q": -1.21,
            "eps_4q_growth_year": -208.2,
            "roe": -1.76,
            "roe_4q": -9.299999999999999,
            "gross_profit": 67694,
            "gross_margin": 13.47,
            "gross_margin_4q_avg": 13.68,
            "net_income": -27937,
            "revenue": 502414,
            "common_shares": 1330811,
            "book_valuer_per_share": 13.52,
            "book_valuer_per_share_4q_avg": 14.07,
            "equity": 1669415,
            "current_ratio": 192.73,
            "debt_ratio": 47.18,
            "inventory_turnover_ratio": 0.71,
            "account_receivable_turnover_ratio": 1.33,
            "reinvestment_rate": 55.42,
            "research_to_sale_ratio": null,
            "price_fair": 62.49,
            "eps_avg_yearly": 2.25,
            "eps_latest_yearly": 0.56,
            "eps_growth_yearly": 17.73
        },
        "20101": {
            "year_quarter": 20101,
            "year": 2010,
            "quarter": 1,
            "eps": -0.1,
            "eps_growth_year": null,
            "eps_4q": -1.05,
            "eps_4q_growth_year": -297.52,
            "roe": -0.71,
            "roe_4q": -8.1,
            "gross_profit": 100436,
            "gross_margin": 18.59,
            "gross_margin_4q_avg": 14.3,
            "net_income": -11817,
            "revenue": 540209,
            "common_shares": 1330811,
            "book_valuer_per_share": 13.38,
            "book_valuer_per_share_4q_avg": 13.6,
            "equity": 1652317,
            "current_ratio": 171.86,
            "debt_ratio": 51.73,
            "inventory_turnover_ratio": 0.73,
            "account_receivable_turnover_ratio": 0.69,
            "reinvestment_rate": 90.07,
            "research_to_sale_ratio": 2.03,
            "price_fair": 81.84,
            "eps_avg_yearly": 2.34,
            "eps_latest_yearly": 0.56,
            "eps_growth_yearly": 31.71
        },
        "20102": {
            "year_quarter": 20102,
            "year": 2010,
            "quarter": 2,
            "eps": 0.48,
            "eps_growth_year": null,
            "eps_4q": -0.01,
            "eps_4q_growth_year": null,
            "roe": 3.53,
            "roe_4q": -0.3100000000000003,
            "gross_profit": 236909,
            "gross_margin": 24.89,
            "gross_margin_4q_avg": 18.15,
            "net_income": 59697,
            "revenue": 951968,
            "common_shares": 1330811,
            "book_valuer_per_share": 14,
            "book_valuer_per_share_4q_avg": 13.57,
            "equity": 1728300,
            "current_ratio": 170.15,
            "debt_ratio": 52.82,
            "inventory_turnover_ratio": 1.09,
            "account_receivable_turnover_ratio": 1.03,
            "reinvestment_rate": 86.53,
            "research_to_sale_ratio": 1.36,
            "price_fair": 54.61,
            "eps_avg_yearly": 2.37,
            "eps_latest_yearly": 0.56,
            "eps_growth_yearly": 13.06
        },
        "20103": {
            "year_quarter": 20103,
            "year": 2010,
            "quarter": 3,
            "eps": 0.25,
            "eps_growth_year": null,
            "eps_4q": 0.39,
            "eps_4q_growth_year": null,
            "roe": 1.91,
            "roe_4q": 2.9699999999999998,
            "gross_profit": 140715,
            "gross_margin": 17.51,
            "gross_margin_4q_avg": 18.62,
            "net_income": 35426,
            "revenue": 803737,
            "common_shares": 1530811,
            "book_valuer_per_share": 13.81,
            "book_valuer_per_share_4q_avg": 13.68,
            "equity": 1981444,
            "current_ratio": 185.17,
            "debt_ratio": 50.03,
            "inventory_turnover_ratio": 0.91,
            "account_receivable_turnover_ratio": 0.75,
            "reinvestment_rate": 107.18,
            "research_to_sale_ratio": 1.09,
            "price_fair": 6.34,
            "eps_avg_yearly": 2.11,
            "eps_latest_yearly": 1,
            "eps_growth_yearly": -35.91
        },
        "20104": {
            "year_quarter": 20104,
            "year": 2010,
            "quarter": 4,
            "eps": 0.18,
            "eps_growth_year": null,
            "eps_4q": 0.76,
            "eps_4q_growth_year": null,
            "roe": 1.33,
            "roe_4q": 6.06,
            "gross_profit": 211966,
            "gross_margin": 26.66,
            "gross_margin_4q_avg": 21.91,
            "net_income": 26194,
            "revenue": 795072,
            "common_shares": 1530811,
            "book_valuer_per_share": 13.6,
            "book_valuer_per_share_4q_avg": 13.7,
            "equity": 1951894,
            "current_ratio": 189.78,
            "debt_ratio": 49.09,
            "inventory_turnover_ratio": 0.73,
            "account_receivable_turnover_ratio": 0.76,
            "reinvestment_rate": 71.43,
            "research_to_sale_ratio": 0.9,
            "price_fair": 5.76,
            "eps_avg_yearly": 1.92,
            "eps_latest_yearly": 0.72,
            "eps_growth_yearly": -36.77
        },
        "20111": {
            "year_quarter": 20111,
            "year": 2011,
            "quarter": 1,
            "eps": 0.38,
            "eps_growth_year": null,
            "eps_4q": 1.23,
            "eps_4q_growth_year": null,
            "roe": 2.77,
            "roe_4q": 9.54,
            "gross_profit": 215759,
            "gross_margin": 24.04,
            "gross_margin_4q_avg": 23.28,
            "net_income": 54969,
            "revenue": 897317,
            "common_shares": 1530811,
            "book_valuer_per_share": 14.05,
            "book_valuer_per_share_4q_avg": 13.87,
            "equity": 2015270,
            "current_ratio": 167.51,
            "debt_ratio": 48.6,
            "inventory_turnover_ratio": 0.81,
            "account_receivable_turnover_ratio": 0.86,
            "reinvestment_rate": 129,
            "research_to_sale_ratio": 0.86,
            "price_fair": 63.92,
            "eps_avg_yearly": 1.91,
            "eps_latest_yearly": 1.52,
            "eps_growth_yearly": 23.43
        },
        "20112": {
            "year_quarter": 20112,
            "year": 2011,
            "quarter": 2,
            "eps": 0.22,
            "eps_growth_year": -54.85,
            "eps_4q": 1.03,
            "eps_4q_growth_year": null,
            "roe": 1.58,
            "roe_4q": 7.59,
            "gross_profit": 225978,
            "gross_margin": 19.43,
            "gross_margin_4q_avg": 21.91,
            "net_income": 31321,
            "revenue": 1163257,
            "common_shares": 1492811,
            "book_valuer_per_share": 13.61,
            "book_valuer_per_share_4q_avg": 13.77,
            "equity": 1952481,
            "current_ratio": 170.19,
            "debt_ratio": 57.59,
            "inventory_turnover_ratio": 1.08,
            "account_receivable_turnover_ratio": 0.94,
            "reinvestment_rate": 147.18,
            "research_to_sale_ratio": 2.72,
            "price_fair": 4.91,
            "eps_avg_yearly": 1.64,
            "eps_latest_yearly": 0.88,
            "eps_growth_yearly": -44.41
        },
        "20113": {
            "year_quarter": 20113,
            "year": 2011,
            "quarter": 3,
            "eps": 0.26,
            "eps_growth_year": 5.88,
            "eps_4q": 1.05,
            "eps_4q_growth_year": 170.89,
            "roe": 1.87,
            "roe_4q": 7.550000000000001,
            "gross_profit": 179062,
            "gross_margin": 18.64,
            "gross_margin_4q_avg": 22.19,
            "net_income": 37508,
            "revenue": 960582,
            "common_shares": 1454811,
            "book_valuer_per_share": 14.4,
            "book_valuer_per_share_4q_avg": 13.92,
            "equity": 2066196,
            "current_ratio": 168.88,
            "debt_ratio": 58.41,
            "inventory_turnover_ratio": 0.79,
            "account_receivable_turnover_ratio": 0.69,
            "reinvestment_rate": 193.88,
            "research_to_sale_ratio": -1.37,
            "price_fair": 4.02,
            "eps_avg_yearly": 1.34,
            "eps_latest_yearly": 1.04,
            "eps_growth_yearly": -41.09
        },
        "20114": {
            "year_quarter": 20114,
            "year": 2011,
            "quarter": 4,
            "eps": 0.38,
            "eps_growth_year": 106.1,
            "eps_4q": 1.24,
            "eps_4q_growth_year": 62.36,
            "roe": 2.58,
            "roe_4q": 8.8,
            "gross_profit": 295559,
            "gross_margin": 29.62,
            "gross_margin_4q_avg": 22.93,
            "net_income": 53985,
            "revenue": 997829,
            "common_shares": 1454811,
            "book_valuer_per_share": 14.78,
            "book_valuer_per_share_4q_avg": 14.21,
            "equity": 2120204,
            "current_ratio": 184.54,
            "debt_ratio": 54.91,
            "inventory_turnover_ratio": 0.67,
            "account_receivable_turnover_ratio": 0.76,
            "reinvestment_rate": 128.81,
            "research_to_sale_ratio": 1.11,
            "price_fair": 3.4,
            "eps_avg_yearly": 1.13,
            "eps_latest_yearly": 1.52,
            "eps_growth_yearly": -18.63
        },
        "20121": {
            "year_quarter": 20121,
            "year": 2012,
            "quarter": 1,
            "eps": 0.07,
            "eps_growth_year": -81.58,
            "eps_4q": 0.93,
            "eps_4q_growth_year": -24.32,
            "roe": 0.5,
            "roe_4q": 6.53,
            "gross_profit": 176799,
            "gross_margin": 23.48,
            "gross_margin_4q_avg": 22.79,
            "net_income": 10561,
            "revenue": 752871,
            "common_shares": 1434811,
            "book_valuer_per_share": 14.74,
            "book_valuer_per_share_4q_avg": 14.38,
            "equity": 2113746,
            "current_ratio": 213.39,
            "debt_ratio": 48.97,
            "inventory_turnover_ratio": 0.59,
            "account_receivable_turnover_ratio": 0.68,
            "reinvestment_rate": 129.28,
            "research_to_sale_ratio": 4.06,
            "price_fair": 3.13,
            "eps_avg_yearly": 1.04,
            "eps_latest_yearly": 0.28,
            "eps_growth_yearly": -24.15
        },
        "20122": {
            "year_quarter": 20122,
            "year": 2012,
            "quarter": 2,
            "eps": 0.57,
            "eps_growth_year": 160.43,
            "eps_4q": 1.28,
            "eps_4q_growth_year": 24.17,
            "roe": 3.89,
            "roe_4q": 8.84,
            "gross_profit": 282351,
            "gross_margin": 25.65,
            "gross_margin_4q_avg": 24.35,
            "net_income": 81544,
            "revenue": 1100696,
            "common_shares": 1434811,
            "book_valuer_per_share": 14.5,
            "book_valuer_per_share_4q_avg": 14.61,
            "equity": 2079476,
            "current_ratio": 192.53,
            "debt_ratio": 52.78,
            "inventory_turnover_ratio": 0.93,
            "account_receivable_turnover_ratio": 1,
            "reinvestment_rate": 93.7,
            "research_to_sale_ratio": -0.04,
            "price_fair": 39.34,
            "eps_avg_yearly": 1.12,
            "eps_latest_yearly": 2.28,
            "eps_growth_yearly": 250.53
        },
        "20123": {
            "year_quarter": 20123,
            "year": 2012,
            "quarter": 3,
            "eps": 0.03,
            "eps_growth_year": -89.69,
            "eps_4q": 1.07,
            "eps_4q_growth_year": 2.09,
            "roe": 0.18,
            "roe_4q": 7.15,
            "gross_profit": 65305,
            "gross_margin": 8.94,
            "gross_margin_4q_avg": 21.92,
            "net_income": 3786,
            "revenue": 730509,
            "common_shares": 1434811,
            "book_valuer_per_share": 14.56,
            "book_valuer_per_share_4q_avg": 14.65,
            "equity": 2044097,
            "current_ratio": 184.01,
            "debt_ratio": 53.61,
            "inventory_turnover_ratio": 0.75,
            "account_receivable_turnover_ratio": 0.72,
            "reinvestment_rate": 126.15,
            "research_to_sale_ratio": 2.66,
            "price_fair": 34.72,
            "eps_avg_yearly": 0.99,
            "eps_latest_yearly": 0.12,
            "eps_growth_yearly": 213.71
        },
        "20124": {
            "year_quarter": 20124,
            "year": 2012,
            "quarter": 4,
            "eps": 0.19,
            "eps_growth_year": -50.55,
            "eps_4q": 0.87,
            "eps_4q_growth_year": -29.88,
            "roe": 1.27,
            "roe_4q": 5.84,
            "gross_profit": 311578,
            "gross_margin": 33.59,
            "gross_margin_4q_avg": 22.92,
            "net_income": 26128,
            "revenue": 927488,
            "common_shares": 1434811,
            "book_valuer_per_share": 14.68,
            "book_valuer_per_share_4q_avg": 14.62,
            "equity": 2062021,
            "current_ratio": 182.73,
            "debt_ratio": 51.86,
            "inventory_turnover_ratio": 0.67,
            "account_receivable_turnover_ratio": 1.13,
            "reinvestment_rate": 108.93,
            "research_to_sale_ratio": 1.53,
            "price_fair": 35.42,
            "eps_avg_yearly": 1.01,
            "eps_latest_yearly": 0.76,
            "eps_growth_yearly": 451.49
        },
        "20131": {
            "year_quarter": 20131,
            "year": 2013,
            "quarter": 1,
            "eps": 0.43,
            "eps_growth_year": 514.29,
            "eps_4q": 1.23,
            "eps_4q_growth_year": 31.96,
            "roe": 2.9,
            "roe_4q": 8.24,
            "gross_profit": 234200,
            "gross_margin": 27.67,
            "gross_margin_4q_avg": 23.96,
            "net_income": 60862,
            "revenue": 846514,
            "common_shares": 1434811,
            "book_valuer_per_share": 15.16,
            "book_valuer_per_share_4q_avg": 14.73,
            "equity": 2128960,
            "current_ratio": 176.61,
            "debt_ratio": 50.03,
            "inventory_turnover_ratio": 0.67,
            "account_receivable_turnover_ratio": 1.17,
            "reinvestment_rate": 84.29,
            "research_to_sale_ratio": 1.8,
            "price_fair": 37.67,
            "eps_avg_yearly": 1.08,
            "eps_latest_yearly": 1.72,
            "eps_growth_yearly": 456.38
        },
        "20132": {
            "year_quarter": 20132,
            "year": 2013,
            "quarter": 2,
            "eps": 0.34,
            "eps_growth_year": -40.19,
            "eps_4q": 0.98,
            "eps_4q_growth_year": -23.13,
            "roe": 2.24,
            "roe_4q": 6.59,
            "gross_profit": 273110,
            "gross_margin": 25.24,
            "gross_margin_4q_avg": 23.86,
            "net_income": 47400,
            "revenue": 1082211,
            "common_shares": 1434811,
            "book_valuer_per_share": 15.03,
            "book_valuer_per_share_4q_avg": 14.86,
            "equity": 2111332,
            "current_ratio": 157.98,
            "debt_ratio": 53.39,
            "inventory_turnover_ratio": 0.91,
            "account_receivable_turnover_ratio": 1.39,
            "reinvestment_rate": 109.19,
            "research_to_sale_ratio": 1.65,
            "price_fair": 38.5,
            "eps_avg_yearly": 1.1,
            "eps_latest_yearly": 1.36,
            "eps_growth_yearly": 411.37
        },
        "20133": {
            "year_quarter": 20133,
            "year": 2013,
            "quarter": 3,
            "eps": 0.25,
            "eps_growth_year": 827.33,
            "eps_4q": 1.21,
            "eps_4q_growth_year": 13.33,
            "roe": 1.67,
            "roe_4q": 8.08,
            "gross_profit": 255022,
            "gross_margin": 25.52,
            "gross_margin_4q_avg": 28.01,
            "net_income": 35458,
            "revenue": 999430,
            "common_shares": 1434811,
            "book_valuer_per_share": 15.23,
            "book_valuer_per_share_4q_avg": 15.03,
            "equity": 2138556,
            "current_ratio": 151.1,
            "debt_ratio": 55.14,
            "inventory_turnover_ratio": 0.84,
            "account_receivable_turnover_ratio": 1.02,
            "reinvestment_rate": 119.01,
            "research_to_sale_ratio": 2.4,
            "price_fair": 38.23,
            "eps_avg_yearly": 1.09,
            "eps_latest_yearly": 1,
            "eps_growth_yearly": 371.58
        },
        "20134": {
            "year_quarter": 20134,
            "year": 2013,
            "quarter": 4,
            "eps": 0.38,
            "eps_growth_year": 101.75,
            "eps_4q": 1.4,
            "eps_4q_growth_year": 60.99,
            "roe": 2.42,
            "roe_4q": 9.23,
            "gross_profit": 300094,
            "gross_margin": 25.85,
            "gross_margin_4q_avg": 26.07,
            "net_income": 52713,
            "revenue": 1160809,
            "common_shares": 1434811,
            "book_valuer_per_share": 15.78,
            "book_valuer_per_share_4q_avg": 15.3,
            "equity": 2215500,
            "current_ratio": 151.71,
            "debt_ratio": 55.02,
            "inventory_turnover_ratio": 0.94,
            "account_receivable_turnover_ratio": 1.11,
            "reinvestment_rate": 127.82,
            "research_to_sale_ratio": 1.68,
            "price_fair": 39.3,
            "eps_avg_yearly": 1.12,
            "eps_latest_yearly": 1.52,
            "eps_growth_yearly": 359.9
        },
        "20141": {
            "year_quarter": 20141,
            "year": 2014,
            "quarter": 1,
            "eps": 0.48,
            "eps_growth_year": 11.63,
            "eps_4q": 1.44,
            "eps_4q_growth_year": 17.62,
            "roe": 2.98,
            "roe_4q": 9.31,
            "gross_profit": 263179,
            "gross_margin": 27.21,
            "gross_margin_4q_avg": 25.96,
            "net_income": 67111,
            "revenue": 967256,
            "common_shares": 1434811,
            "book_valuer_per_share": 16.29,
            "book_valuer_per_share_4q_avg": 15.58,
            "equity": 2288361,
            "current_ratio": 160.76,
            "debt_ratio": 53.06,
            "inventory_turnover_ratio": 0.77,
            "account_receivable_turnover_ratio": 0.96,
            "reinvestment_rate": 119.71,
            "research_to_sale_ratio": 2.16,
            "price_fair": 41.16,
            "eps_avg_yearly": 1.18,
            "eps_latest_yearly": 1.92,
            "eps_growth_yearly": 342.92
        },
        "20142": {
            "year_quarter": 20142,
            "year": 2014,
            "quarter": 2,
            "eps": 0.46,
            "eps_growth_year": 35.29,
            "eps_4q": 1.57,
            "eps_4q_growth_year": 59.81,
            "roe": 2.87,
            "roe_4q": 9.94,
            "gross_profit": 292261,
            "gross_margin": 26.09,
            "gross_margin_4q_avg": 26.17,
            "net_income": 65535,
            "revenue": 1120151,
            "common_shares": 1434811,
            "book_valuer_per_share": 16.23,
            "book_valuer_per_share_4q_avg": 15.88,
            "equity": 2279484,
            "current_ratio": 163.33,
            "debt_ratio": 52.62,
            "inventory_turnover_ratio": 0.97,
            "account_receivable_turnover_ratio": 1.06,
            "reinvestment_rate": 115.74,
            "research_to_sale_ratio": 3.55,
            "price_fair": 42.61,
            "eps_avg_yearly": 1.22,
            "eps_latest_yearly": 1.84,
            "eps_growth_yearly": 320.45
        },
        "20143": {
            "year_quarter": 20143,
            "year": 2014,
            "quarter": 3,
            "eps": 0.15,
            "eps_growth_year": -40,
            "eps_4q": 1.32,
            "eps_4q_growth_year": 9.25,
            "roe": 0.93,
            "roe_4q": 9.2,
            "gross_profit": 235520,
            "gross_margin": 23.82,
            "gross_margin_4q_avg": 25.74,
            "net_income": 22457,
            "revenue": 988581,
            "common_shares": 1604811,
            "book_valuer_per_share": 16.15,
            "book_valuer_per_share_4q_avg": 16.11,
            "equity": 2544097,
            "current_ratio": 170.46,
            "debt_ratio": 50.41,
            "inventory_turnover_ratio": 0.87,
            "account_receivable_turnover_ratio": 0.86,
            "reinvestment_rate": 117.37,
            "research_to_sale_ratio": 0.79,
            "price_fair": 41.74,
            "eps_avg_yearly": 1.19,
            "eps_latest_yearly": 0.6,
            "eps_growth_yearly": 315.58
        },
        "20144": {
            "year_quarter": 20144,
            "year": 2014,
            "quarter": 4,
            "eps": 0.2,
            "eps_growth_year": -46.29,
            "eps_4q": 1.19,
            "eps_4q_growth_year": -15.06,
            "roe": 1.2,
            "roe_4q": 7.98,
            "gross_profit": 234704,
            "gross_margin": 25.16,
            "gross_margin_4q_avg": 25.57,
            "net_income": 31144,
            "revenue": 932894,
            "common_shares": 1604811,
            "book_valuer_per_share": 16.84,
            "book_valuer_per_share_4q_avg": 16.38,
            "equity": 2652537,
            "current_ratio": 171.72,
            "debt_ratio": 47.82,
            "inventory_turnover_ratio": 0.76,
            "account_receivable_turnover_ratio": 0.8,
            "reinvestment_rate": 119.01,
            "research_to_sale_ratio": 2.85,
            "price_fair": 41.91,
            "eps_avg_yearly": 1.2,
            "eps_latest_yearly": 0.8,
            "eps_growth_yearly": 330.91
        },
        "20151": {
            "year_quarter": 20151,
            "year": 2015,
            "quarter": 1,
            "eps": 0.06,
            "eps_growth_year": -87.5,
            "eps_4q": 0.82,
            "eps_4q_growth_year": -43.22,
            "roe": 0.32,
            "roe_4q": 5.32,
            "gross_profit": 143178,
            "gross_margin": 26.01,
            "gross_margin_4q_avg": 25.27,
            "net_income": 8505,
            "revenue": 550548,
            "common_shares": 1604341,
            "book_valuer_per_share": 16.79,
            "book_valuer_per_share_4q_avg": 16.5,
            "equity": 2644785,
            "current_ratio": 171.12,
            "debt_ratio": 50.15,
            "inventory_turnover_ratio": 0.4,
            "account_receivable_turnover_ratio": 0.48,
            "reinvestment_rate": 109.29,
            "research_to_sale_ratio": 3.6,
            "price_fair": 39.11,
            "eps_avg_yearly": 1.12,
            "eps_latest_yearly": 0.24,
            "eps_growth_yearly": 285.63
        },
        "20152": {
            "year_quarter": 20152,
            "year": 2015,
            "quarter": 2,
            "eps": 0.39,
            "eps_growth_year": -15.22,
            "eps_4q": 0.79,
            "eps_4q_growth_year": -49.71,
            "roe": 2.31,
            "roe_4q": 4.76,
            "gross_profit": 306159,
            "gross_margin": 25.14,
            "gross_margin_4q_avg": 25.03,
            "net_income": 60380,
            "revenue": 1217897,
            "common_shares": 1604341,
            "book_valuer_per_share": 16.46,
            "book_valuer_per_share_4q_avg": 16.56,
            "equity": 2591125,
            "current_ratio": 143.06,
            "debt_ratio": 53.62,
            "inventory_turnover_ratio": 0.87,
            "account_receivable_turnover_ratio": 1.06,
            "reinvestment_rate": 112.62,
            "research_to_sale_ratio": 2.43,
            "price_fair": 40.6,
            "eps_avg_yearly": 1.16,
            "eps_latest_yearly": 1.56,
            "eps_growth_yearly": 433.66
        },
        "20153": {
            "year_quarter": 20153,
            "year": 2015,
            "quarter": 3,
            "eps": 0.12,
            "eps_growth_year": -20,
            "eps_4q": 0.75,
            "eps_4q_growth_year": -42.95,
            "roe": 0.7,
            "roe_4q": 4.529999999999999,
            "gross_profit": 224282,
            "gross_margin": 28.76,
            "gross_margin_4q_avg": 26.27,
            "net_income": 18461,
            "revenue": 779875,
            "common_shares": 1604341,
            "book_valuer_per_share": 16.82,
            "book_valuer_per_share_4q_avg": 16.73,
            "equity": 2698575,
            "current_ratio": 153.92,
            "debt_ratio": 52.66,
            "inventory_turnover_ratio": 0.53,
            "account_receivable_turnover_ratio": 0.68,
            "reinvestment_rate": 112.54,
            "research_to_sale_ratio": 3.38,
            "price_fair": 39.38,
            "eps_avg_yearly": 1.13,
            "eps_latest_yearly": 0.48,
            "eps_growth_yearly": 411.81
        },
        "20154": {
            "year_quarter": 20154,
            "year": 2015,
            "quarter": 4,
            "eps": -0,
            "eps_growth_year": -101.49,
            "eps_4q": 0.55,
            "eps_4q_growth_year": -53.46,
            "roe": -0.04,
            "roe_4q": 3.2899999999999996,
            "gross_profit": 221707,
            "gross_margin": 24.62,
            "gross_margin_4q_avg": 26.13,
            "net_income": -1198,
            "revenue": 900495,
            "common_shares": 1604341,
            "book_valuer_per_share": 16.53,
            "book_valuer_per_share_4q_avg": 16.65,
            "equity": 2651520,
            "current_ratio": 152.63,
            "debt_ratio": 54.12,
            "inventory_turnover_ratio": 0.58,
            "account_receivable_turnover_ratio": 0.88,
            "reinvestment_rate": 115.7,
            "research_to_sale_ratio": 3.93,
            "price_fair": 38.45,
            "eps_avg_yearly": 1.1,
            "eps_latest_yearly": 0.48,
            "eps_growth_yearly": 426.95
        },
        "20161": {
            "year_quarter": 20161,
            "year": 2016,
            "quarter": 1,
            "eps": 0.36,
            "eps_growth_year": 500,
            "eps_4q": 0.85,
            "eps_4q_growth_year": 3.94,
            "roe": 2.11,
            "roe_4q": 5.08,
            "gross_profit": 348484,
            "gross_margin": 31,
            "gross_margin_4q_avg": 27.38,
            "net_income": 56410,
            "revenue": 1124186,
            "common_shares": 1604341,
            "book_valuer_per_share": 16.8,
            "book_valuer_per_share_4q_avg": 16.65,
            "equity": 2692971,
            "current_ratio": 128.05,
            "debt_ratio": 53.72,
            "inventory_turnover_ratio": 0.69,
            "account_receivable_turnover_ratio": 1.03,
            "reinvestment_rate": 106.41,
            "research_to_sale_ratio": 2.85,
            "price_fair": 40.5,
            "eps_avg_yearly": 1.16,
            "eps_latest_yearly": 0.48,
            "eps_growth_yearly": 480.76
        },
        "20162": {
            "year_quarter": 20162,
            "year": 2016,
            "quarter": 2,
            "eps": 0.34,
            "eps_growth_year": -12.82,
            "eps_4q": 0.81,
            "eps_4q_growth_year": 1.98,
            "roe": 2,
            "roe_4q": 4.77,
            "gross_profit": 331452,
            "gross_margin": 31.18,
            "gross_margin_4q_avg": 28.89,
            "net_income": 53265,
            "revenue": 1063153,
            "common_shares": 1604341,
            "book_valuer_per_share": 16.46,
            "book_valuer_per_share_4q_avg": 16.65,
            "equity": 2638405,
            "current_ratio": 125.73,
            "debt_ratio": 54.49,
            "inventory_turnover_ratio": 0.7,
            "account_receivable_turnover_ratio": 0.82,
            "reinvestment_rate": 109.57,
            "research_to_sale_ratio": 3.03,
            "price_fair": 38.2,
            "eps_avg_yearly": 1.09,
            "eps_latest_yearly": 1.36,
            "eps_growth_yearly": 275.09
        },
        "20163": {
            "year_quarter": 20163,
            "year": 2016,
            "quarter": 3,
            "eps": 0.31,
            "eps_growth_year": 158.33,
            "eps_4q": 1,
            "eps_4q_growth_year": 32.31,
            "roe": 1.87,
            "roe_4q": 5.94,
            "gross_profit": 295016,
            "gross_margin": 29.71,
            "gross_margin_4q_avg": 29.13,
            "net_income": 49283,
            "revenue": 992953,
            "common_shares": 1604341,
            "book_valuer_per_share": 16.51,
            "book_valuer_per_share_4q_avg": 16.58,
            "equity": 2646054,
            "current_ratio": 151.65,
            "debt_ratio": 55.98,
            "inventory_turnover_ratio": 0.64,
            "account_receivable_turnover_ratio": 0.75,
            "reinvestment_rate": 82.87,
            "research_to_sale_ratio": 3.58,
            "price_fair": 41,
            "eps_avg_yearly": 1.17,
            "eps_latest_yearly": 1.24,
            "eps_growth_yearly": 299.64
        },
        "20164": {
            "year_quarter": 20164,
            "year": 2016,
            "quarter": 4,
            "eps": 0.05,
            "eps_growth_year": null,
            "eps_4q": 1.05,
            "eps_4q_growth_year": 90.06,
            "roe": 0.29,
            "roe_4q": 6.27,
            "gross_profit": 235879,
            "gross_margin": 23.4,
            "gross_margin_4q_avg": 28.82,
            "net_income": 7616,
            "revenue": 1008078,
            "common_shares": 1604341,
            "book_valuer_per_share": 16.11,
            "book_valuer_per_share_4q_avg": 16.47,
            "equity": 2581976,
            "current_ratio": 154.11,
            "debt_ratio": 55.72,
            "inventory_turnover_ratio": 0.67,
            "account_receivable_turnover_ratio": 0.83,
            "reinvestment_rate": 96.76,
            "research_to_sale_ratio": 6.02,
            "price_fair": 39.6,
            "eps_avg_yearly": 1.13,
            "eps_latest_yearly": 0.2,
            "eps_growth_yearly": 123.29
        },
        "20171": {
            "year_quarter": 20171,
            "year": 2017,
            "quarter": 1,
            "eps": -0.22,
            "eps_growth_year": -161.11,
            "eps_4q": 0.47,
            "eps_4q_growth_year": -44.3,
            "roe": -1.42,
            "roe_4q": 2.74,
            "gross_profit": 195781,
            "gross_margin": 19.11,
            "gross_margin_4q_avg": 25.85,
            "net_income": -35905,
            "revenue": 1024510,
            "common_shares": 1602541,
            "book_valuer_per_share": 15.38,
            "book_valuer_per_share_4q_avg": 16.12,
            "equity": 2461129,
            "current_ratio": 152.12,
            "debt_ratio": 55.37,
            "inventory_turnover_ratio": 0.76,
            "account_receivable_turnover_ratio": 0.87,
            "reinvestment_rate": 102.89,
            "research_to_sale_ratio": 3.17,
            "price_fair": 38.02,
            "eps_avg_yearly": 1.09,
            "eps_latest_yearly": 0.2,
            "eps_growth_yearly": 93.91
        },
        "20172": {
            "year_quarter": 20172,
            "year": 2017,
            "quarter": 2,
            "eps": 0.28,
            "eps_growth_year": -17.65,
            "eps_4q": 0.42,
            "eps_4q_growth_year": -47.87,
            "roe": 1.83,
            "roe_4q": 2.5700000000000003,
            "gross_profit": 224420,
            "gross_margin": 23.92,
            "gross_margin_4q_avg": 24.04,
            "net_income": 44810,
            "revenue": 938349,
            "common_shares": 1584341,
            "book_valuer_per_share": 15.37,
            "book_valuer_per_share_4q_avg": 15.84,
            "equity": 2431955,
            "current_ratio": 150.98,
            "debt_ratio": 58.96,
            "inventory_turnover_ratio": 0.68,
            "account_receivable_turnover_ratio": 0.78,
            "reinvestment_rate": 68.93,
            "research_to_sale_ratio": 3.1,
            "price_fair": 37.22,
            "eps_avg_yearly": 1.06,
            "eps_latest_yearly": 0.2,
            "eps_growth_yearly": 108.71
        },
        "20173": {
            "year_quarter": 20173,
            "year": 2017,
            "quarter": 3,
            "eps": 0.18,
            "eps_growth_year": -41.94,
            "eps_4q": 0.29,
            "eps_4q_growth_year": -71.04,
            "roe": 1.18,
            "roe_4q": 1.88,
            "gross_profit": 219648,
            "gross_margin": 24.15,
            "gross_margin_4q_avg": 22.65,
            "net_income": 28884,
            "revenue": 909650,
            "common_shares": 1584341,
            "book_valuer_per_share": 15.63,
            "book_valuer_per_share_4q_avg": 15.62,
            "equity": 2477094,
            "current_ratio": 157.67,
            "debt_ratio": 56.23,
            "inventory_turnover_ratio": 0.63,
            "account_receivable_turnover_ratio": 0.73,
            "reinvestment_rate": 53.05,
            "research_to_sale_ratio": 3.44,
            "price_fair": 36.4,
            "eps_avg_yearly": 1.04,
            "eps_latest_yearly": 0.72,
            "eps_growth_yearly": 105.63
        },
        "20174": {
            "year_quarter": 20174,
            "year": 2017,
            "quarter": 4,
            "eps": 0.22,
            "eps_growth_year": 330.76,
            "eps_4q": 0.46,
            "eps_4q_growth_year": -56.63,
            "roe": 1.39,
            "roe_4q": 2.9800000000000004,
            "gross_profit": 293101,
            "gross_margin": 25.83,
            "gross_margin_4q_avg": 23.25,
            "net_income": 34592,
            "revenue": 1134931,
            "common_shares": 1584341,
            "book_valuer_per_share": 15.8,
            "book_valuer_per_share_4q_avg": 15.55,
            "equity": 2503406,
            "current_ratio": 180.97,
            "debt_ratio": 56.86,
            "inventory_turnover_ratio": 0.86,
            "account_receivable_turnover_ratio": 0.87,
            "reinvestment_rate": -23.5,
            "research_to_sale_ratio": 5.58,
            "price_fair": 34.53,
            "eps_avg_yearly": 0.99,
            "eps_latest_yearly": 0.88,
            "eps_growth_yearly": 95.71
        },
        "20181": {
            "year_quarter": 20181,
            "year": 2018,
            "quarter": 1,
            "eps": -0.11,
            "eps_growth_year": null,
            "eps_4q": 0.58,
            "eps_4q_growth_year": 21.29,
            "roe": -0.66,
            "roe_4q": 3.7399999999999998,
            "gross_profit": 200590,
            "gross_margin": 24.88,
            "gross_margin_4q_avg": 24.7,
            "net_income": -16640,
            "revenue": 806262,
            "common_shares": 1584341,
            "book_valuer_per_share": 15.87,
            "book_valuer_per_share_4q_avg": 15.67,
            "equity": 2514043,
            "current_ratio": 180.17,
            "debt_ratio": 56.58,
            "inventory_turnover_ratio": 0.67,
            "account_receivable_turnover_ratio": 0.63,
            "reinvestment_rate": -39.09,
            "research_to_sale_ratio": 2.78,
            "price_fair": 31.56,
            "eps_avg_yearly": 0.9,
            "eps_latest_yearly": 0.88,
            "eps_growth_yearly": 94.84
        },
        "20182": {
            "year_quarter": 20182,
            "year": 2018,
            "quarter": 2,
            "eps": 0.35,
            "eps_growth_year": 25,
            "eps_4q": 0.64,
            "eps_4q_growth_year": 52.76,
            "roe": 2.19,
            "roe_4q": 4.1,
            "gross_profit": 286200,
            "gross_margin": 24.87,
            "gross_margin_4q_avg": 24.93,
            "net_income": 54904,
            "revenue": 1151013,
            "common_shares": 1584341,
            "book_valuer_per_share": 15.76,
            "book_valuer_per_share_4q_avg": 15.77,
            "equity": 2496449,
            "current_ratio": 157.4,
            "debt_ratio": 58.6,
            "inventory_turnover_ratio": 0.97,
            "account_receivable_turnover_ratio": 0.96,
            "reinvestment_rate": -38.38,
            "research_to_sale_ratio": 2.61,
            "price_fair": 28.28,
            "eps_avg_yearly": 0.81,
            "eps_latest_yearly": 0.88,
            "eps_growth_yearly": 105.99
        },
        "20183": {
            "year_quarter": 20183,
            "year": 2018,
            "quarter": 3,
            "eps": -0.15,
            "eps_growth_year": -183.33,
            "eps_4q": 0.31,
            "eps_4q_growth_year": 7.84,
            "roe": -0.95,
            "roe_4q": 1.9699999999999998,
            "gross_profit": 262621,
            "gross_margin": 27.16,
            "gross_margin_4q_avg": 25.69,
            "net_income": -23507,
            "revenue": 966894,
            "common_shares": 1584341,
            "book_valuer_per_share": 15.41,
            "book_valuer_per_share_4q_avg": 15.71,
            "equity": 2441216,
            "current_ratio": 175.78,
            "debt_ratio": 57.16,
            "inventory_turnover_ratio": 0.77,
            "account_receivable_turnover_ratio": 0.85,
            "reinvestment_rate": -66.35,
            "research_to_sale_ratio": 4.22,
            "price_fair": 29.09,
            "eps_avg_yearly": 0.83,
            "eps_latest_yearly": 0.88,
            "eps_growth_yearly": 147.72
        },
        "20184": {
            "year_quarter": 20184,
            "year": 2018,
            "quarter": 4,
            "eps": 0.5,
            "eps_growth_year": 131.01,
            "eps_4q": 0.6,
            "eps_4q_growth_year": 31.08,
            "roe": 3.22,
            "roe_4q": 3.8000000000000007,
            "gross_profit": 289673,
            "gross_margin": 29.61,
            "gross_margin_4q_avg": 26.63,
            "net_income": 79911,
            "revenue": 978329,
            "common_shares": 1584341,
            "book_valuer_per_share": 15.9,
            "book_valuer_per_share_4q_avg": 15.74,
            "equity": 2519600,
            "current_ratio": 188.77,
            "debt_ratio": 54.86,
            "inventory_turnover_ratio": 0.66,
            "account_receivable_turnover_ratio": 1.04,
            "reinvestment_rate": -63.09,
            "research_to_sale_ratio": 6.5,
            "price_fair": 29.23,
            "eps_avg_yearly": 0.84,
            "eps_latest_yearly": 0.88,
            "eps_growth_yearly": 149.51
        },
        "20191": {
            "year_quarter": 20191,
            "year": 2019,
            "quarter": 1,
            "eps": -0.08,
            "eps_growth_year": null,
            "eps_4q": 0.63,
            "eps_4q_growth_year": 8.88,
            "roe": -0.48,
            "roe_4q": 3.9800000000000004,
            "gross_profit": 173204,
            "gross_margin": 25.23,
            "gross_margin_4q_avg": 26.72,
            "net_income": -12054,
            "revenue": 686622,
            "common_shares": 1584341,
            "book_valuer_per_share": 16,
            "book_valuer_per_share_4q_avg": 15.77,
            "equity": 2534372,
            "current_ratio": 194.09,
            "debt_ratio": 53.68,
            "inventory_turnover_ratio": 0.45,
            "account_receivable_turnover_ratio": 0.91,
            "reinvestment_rate": -61.75,
            "research_to_sale_ratio": 4.04,
            "price_fair": 32.2,
            "eps_avg_yearly": 0.92,
            "eps_latest_yearly": 0.88,
            "eps_growth_yearly": 210.87
        },
        "20192": {
            "year_quarter": 20192,
            "year": 2019,
            "quarter": 2,
            "eps": 0.08,
            "eps_growth_year": -77.14,
            "eps_4q": 0.36,
            "eps_4q_growth_year": -43.85,
            "roe": 0.51,
            "roe_4q": 2.3,
            "gross_profit": 198820,
            "gross_margin": 25.22,
            "gross_margin_4q_avg": 26.81,
            "net_income": 12775,
            "revenue": 788377,
            "common_shares": 1584341,
            "book_valuer_per_share": 15.52,
            "book_valuer_per_share_4q_avg": 15.71,
            "equity": 2458985,
            "current_ratio": 171.9,
            "debt_ratio": 54.62,
            "inventory_turnover_ratio": 0.48,
            "account_receivable_turnover_ratio": 1.33,
            "reinvestment_rate": -86.68,
            "research_to_sale_ratio": 4.05,
            "price_fair": 2.44,
            "eps_avg_yearly": 0.81,
            "eps_latest_yearly": 0.88,
            "eps_growth_yearly": -120.65
        },
        "20193": {
            "year_quarter": 20193,
            "year": 2019,
            "quarter": 3,
            "eps": -0.05,
            "eps_growth_year": null,
            "eps_4q": 0.46,
            "eps_4q_growth_year": 46.46,
            "roe": -0.34,
            "roe_4q": 2.91,
            "gross_profit": 220393,
            "gross_margin": 25.32,
            "gross_margin_4q_avg": 26.35,
            "net_income": -8353,
            "revenue": 870419,
            "common_shares": 1584341,
            "book_valuer_per_share": 15.24,
            "book_valuer_per_share_4q_avg": 15.67,
            "equity": 2414891,
            "current_ratio": 170.15,
            "debt_ratio": 55.13,
            "inventory_turnover_ratio": 0.51,
            "account_receivable_turnover_ratio": 1.77,
            "reinvestment_rate": -113.13,
            "research_to_sale_ratio": 3.6,
            "price_fair": 2.64,
            "eps_avg_yearly": 0.88,
            "eps_latest_yearly": 0.88,
            "eps_growth_yearly": -89.39
        },
        "20194": {
            "year_quarter": 20194,
            "year": 2019,
            "quarter": 4,
            "eps": 0.17,
            "eps_growth_year": -67.15,
            "eps_4q": 0.12,
            "eps_4q_growth_year": -80.33,
            "roe": 1.09,
            "roe_4q": 0.78,
            "gross_profit": 296916,
            "gross_margin": 29.35,
            "gross_margin_4q_avg": 26.28,
            "net_income": 26250,
            "revenue": 1011522,
            "common_shares": 1584341,
            "book_valuer_per_share": 15.26,
            "book_valuer_per_share_4q_avg": 15.51,
            "equity": 2418128,
            "current_ratio": 192.09,
            "debt_ratio": 54.27,
            "inventory_turnover_ratio": 0.6,
            "account_receivable_turnover_ratio": 2.2,
            "reinvestment_rate": -98.51,
            "research_to_sale_ratio": 4.64,
            "price_fair": 2.64,
            "eps_avg_yearly": 0.88,
            "eps_latest_yearly": 0.88,
            "eps_growth_yearly": -89.39
        },
        "20201": {
            "year_quarter": 20201,
            "year": 2020,
            "quarter": 1,
            "eps": 0.04,
            "eps_growth_year": null,
            "eps_4q": 0.23,
            "eps_4q_growth_year": -62.81,
            "roe": 0.26,
            "roe_4q": 1.52,
            "gross_profit": 130550,
            "gross_margin": 26.84,
            "gross_margin_4q_avg": 26.68,
            "net_income": 6237,
            "revenue": 486390,
            "common_shares": 1584341,
            "book_valuer_per_share": 14.86,
            "book_valuer_per_share_4q_avg": 15.22,
            "equity": 2355102,
            "current_ratio": 216.12,
            "debt_ratio": 56.09,
            "inventory_turnover_ratio": 0.31,
            "account_receivable_turnover_ratio": 1.17,
            "reinvestment_rate": -106.8,
            "research_to_sale_ratio": 4.24,
            "price_fair": 2.28,
            "eps_avg_yearly": 0.76,
            "eps_latest_yearly": 0.16,
            "eps_growth_yearly": -125.48
        },
        "20202": {
            "year_quarter": 20202,
            "year": 2020,
            "quarter": 2,
            "eps": -0.05,
            "eps_growth_year": -162.5,
            "eps_4q": 0.1,
            "eps_4q_growth_year": -72.41,
            "roe": -0.36,
            "roe_4q": 0.6500000000000001,
            "gross_profit": 143675,
            "gross_margin": 18.47,
            "gross_margin_4q_avg": 25,
            "net_income": -8371,
            "revenue": 777909,
            "common_shares": 1584341,
            "book_valuer_per_share": 14.75,
            "book_valuer_per_share_4q_avg": 15.03,
            "equity": 2336568,
            "current_ratio": 220.12,
            "debt_ratio": 56.03,
            "inventory_turnover_ratio": 0.57,
            "account_receivable_turnover_ratio": 1.95,
            "reinvestment_rate": -260.63,
            "research_to_sale_ratio": 3.5,
            "price_fair": 1.92,
            "eps_avg_yearly": 0.64,
            "eps_latest_yearly": 0.16,
            "eps_growth_yearly": -146.13
        },
        "20203": {
            "year_quarter": 20203,
            "year": 2020,
            "quarter": 3,
            "eps": -0.03,
            "eps_growth_year": null,
            "eps_4q": 0.12,
            "eps_4q_growth_year": -72.65,
            "roe": -0.19,
            "roe_4q": 0.8,
            "gross_profit": 162561,
            "gross_margin": 22.92,
            "gross_margin_4q_avg": 24.4,
            "net_income": -4349,
            "revenue": 709250,
            "common_shares": 1584341,
            "book_valuer_per_share": 14.76,
            "book_valuer_per_share_4q_avg": 14.91,
            "equity": 2338528,
            "current_ratio": 213.91,
            "debt_ratio": 56.75,
            "inventory_turnover_ratio": 0.53,
            "account_receivable_turnover_ratio": 1.92,
            "reinvestment_rate": -324.91,
            "research_to_sale_ratio": 3.28,
            "price_fair": 1.47,
            "eps_avg_yearly": 0.49,
            "eps_latest_yearly": 0.16,
            "eps_growth_yearly": -173.83
        },
        "20204": {
            "year_quarter": 20204,
            "year": 2020,
            "quarter": 4,
            "eps": 0.14,
            "eps_growth_year": -15.6,
            "eps_4q": 0.1,
            "eps_4q_growth_year": -15.82,
            "roe": 0.94,
            "roe_4q": 0.65,
            "gross_profit": 130440,
            "gross_margin": 19.51,
            "gross_margin_4q_avg": 21.94,
            "net_income": 22155,
            "revenue": 668603,
            "common_shares": 1584341,
            "book_valuer_per_share": 14.99,
            "book_valuer_per_share_4q_avg": 14.84,
            "equity": 2374423,
            "current_ratio": 210.67,
            "debt_ratio": 59.86,
            "inventory_turnover_ratio": 0.53,
            "account_receivable_turnover_ratio": 1.82,
            "reinvestment_rate": -382.12,
            "research_to_sale_ratio": 4.66,
            "price_fair": 1.76,
            "eps_avg_yearly": 0.59,
            "eps_latest_yearly": 0.16,
            "eps_growth_yearly": -119.95
        },
        "20211": {
            "year_quarter": 20211,
            "year": 2021,
            "quarter": 1,
            "eps": -0.1,
            "eps_growth_year": -350,
            "eps_4q": -0.04,
            "eps_4q_growth_year": -115.27,
            "roe": -0.64,
            "roe_4q": -0.25000000000000006,
            "gross_profit": 173301,
            "gross_margin": 23,
            "gross_margin_4q_avg": 20.98,
            "net_income": -15071,
            "revenue": 753393,
            "common_shares": 1584341,
            "book_valuer_per_share": 14.7,
            "book_valuer_per_share_4q_avg": 14.8,
            "equity": 2328330,
            "current_ratio": 154.72,
            "debt_ratio": 60.68,
            "inventory_turnover_ratio": 0.57,
            "account_receivable_turnover_ratio": 1.84,
            "reinvestment_rate": -349.48,
            "research_to_sale_ratio": 4.75,
            "price_fair": 1.76,
            "eps_avg_yearly": 0.59,
            "eps_latest_yearly": 0.16,
            "eps_growth_yearly": -119.95
        },
        "20212": {
            "year_quarter": 20212,
            "year": 2021,
            "quarter": 2,
            "eps": 0.17,
            "eps_growth_year": null,
            "eps_4q": 0.18,
            "eps_4q_growth_year": 85.68,
            "roe": 1.14,
            "roe_4q": 1.25,
            "gross_profit": 207675,
            "gross_margin": 21.83,
            "gross_margin_4q_avg": 21.82,
            "net_income": 26533,
            "revenue": 951316,
            "common_shares": 1584341,
            "book_valuer_per_share": 14.8,
            "book_valuer_per_share_4q_avg": 14.81,
            "equity": 2344077,
            "current_ratio": 152.8,
            "debt_ratio": 61.45,
            "inventory_turnover_ratio": 0.7,
            "account_receivable_turnover_ratio": 1.93,
            "reinvestment_rate": -399.09,
            "research_to_sale_ratio": 3.01,
            "price_fair": 1.76,
            "eps_avg_yearly": 0.59,
            "eps_latest_yearly": 0.16,
            "eps_growth_yearly": -119.95
        },
        "20213": {
            "year_quarter": 20213,
            "year": 2021,
            "quarter": 3,
            "eps": 0.13,
            "eps_growth_year": null,
            "eps_4q": 0.34,
            "eps_4q_growth_year": 171.05,
            "roe": 0.85,
            "roe_4q": 2.2899999999999996,
            "gross_profit": 219512,
            "gross_margin": 21.12,
            "gross_margin_4q_avg": 21.37,
            "net_income": 19961,
            "revenue": 1039374,
            "common_shares": 1584341,
            "book_valuer_per_share": 14.86,
            "book_valuer_per_share_4q_avg": 14.84,
            "equity": 2353894,
            "current_ratio": 158.58,
            "debt_ratio": 62.04,
            "inventory_turnover_ratio": 0.75,
            "account_receivable_turnover_ratio": 1.87,
            "reinvestment_rate": -436.49,
            "research_to_sale_ratio": 2.61,
            "price_fair": 1.56,
            "eps_avg_yearly": 0.52,
            "eps_latest_yearly": 0.52,
            "eps_growth_yearly": -103.7
        },
        "20214": {
            "year_quarter": 20214,
            "year": 2021,
            "quarter": 4,
            "eps": 0.16,
            "eps_growth_year": 13.92,
            "eps_4q": 0.36,
            "eps_4q_growth_year": 261.56,
            "roe": 1.07,
            "roe_4q": 2.4199999999999995,
            "gross_profit": 212412,
            "gross_margin": 20.2,
            "gross_margin_4q_avg": 21.54,
            "net_income": 25240,
            "revenue": 1051668,
            "common_shares": 1584341,
            "book_valuer_per_share": 15.06,
            "book_valuer_per_share_4q_avg": 14.86,
            "equity": 2385525,
            "current_ratio": 180.24,
            "debt_ratio": 61.1,
            "inventory_turnover_ratio": 0.81,
            "account_receivable_turnover_ratio": 1.81,
            "reinvestment_rate": -356.46,
            "research_to_sale_ratio": 3.59,
            "price_fair": 1.32,
            "eps_avg_yearly": 0.44,
            "eps_latest_yearly": 0.64,
            "eps_growth_yearly": -102.56
        },
        "20221": {
            "year_quarter": 20221,
            "year": 2022,
            "quarter": 1,
            "eps": 0.21,
            "eps_growth_year": null,
            "eps_4q": 0.66,
            "eps_4q_growth_year": null,
            "roe": 1.36,
            "roe_4q": 4.42,
            "gross_profit": 183727,
            "gross_margin": 23.67,
            "gross_margin_4q_avg": 21.71,
            "net_income": 32525,
            "revenue": 776093,
            "common_shares": 1584341,
            "book_valuer_per_share": 15.16,
            "book_valuer_per_share_4q_avg": 14.97,
            "equity": 2401872,
            "current_ratio": 208.42,
            "debt_ratio": 60.89,
            "inventory_turnover_ratio": 0.58,
            "account_receivable_turnover_ratio": 1.18,
            "reinvestment_rate": -279.76,
            "research_to_sale_ratio": 5.2,
            "price_fair": 1.62,
            "eps_avg_yearly": 0.54,
            "eps_latest_yearly": 0.84,
            "eps_growth_yearly": -45.67
        },
        "20222": {
            "year_quarter": 20222,
            "year": 2022,
            "quarter": 2,
            "eps": -0.15,
            "eps_growth_year": -188.24,
            "eps_4q": 0.34,
            "eps_4q_growth_year": 83.66,
            "roe": -1,
            "roe_4q": 2.2800000000000002,
            "gross_profit": 146284,
            "gross_margin": 22.59,
            "gross_margin_4q_avg": 21.9,
            "net_income": -23973,
            "revenue": 647700,
            "common_shares": 1584341,
            "book_valuer_per_share": 15.08,
            "book_valuer_per_share_4q_avg": 15.04,
            "equity": 2389096,
            "current_ratio": 200.06,
            "debt_ratio": 61.64,
            "inventory_turnover_ratio": 0.43,
            "account_receivable_turnover_ratio": 1.07,
            "reinvestment_rate": -427.68,
            "research_to_sale_ratio": 4.85,
            "price_fair": 1.62,
            "eps_avg_yearly": 0.54,
            "eps_latest_yearly": 0.84,
            "eps_growth_yearly": -45.67
        },
        "20223": {
            "year_quarter": 20223,
            "year": 2022,
            "quarter": 3,
            "eps": 0.45,
            "eps_growth_year": 246.15,
            "eps_4q": 0.66,
            "eps_4q_growth_year": 95.24,
            "roe": 2.9,
            "roe_4q": 4.33,
            "gross_profit": 257150,
            "gross_margin": 21.05,
            "gross_margin_4q_avg": 21.88,
            "net_income": 70815,
            "revenue": 1221558,
            "common_shares": 1584341,
            "book_valuer_per_share": 15.71,
            "book_valuer_per_share_4q_avg": 15.25,
            "equity": 2488312,
            "current_ratio": 202.56,
            "debt_ratio": 60.75,
            "inventory_turnover_ratio": 0.84,
            "account_receivable_turnover_ratio": 2.06,
            "reinvestment_rate": -254.59,
            "research_to_sale_ratio": 2.74,
            "price_fair": 1.62,
            "eps_avg_yearly": 0.54,
            "eps_latest_yearly": 0.84,
            "eps_growth_yearly": -45.67
        },
        "20224": {
            "year_quarter": 20224,
            "year": 2022,
            "quarter": 4,
            "eps": -0.32,
            "eps_growth_year": -300.57,
            "eps_4q": 0.18,
            "eps_4q_growth_year": -49.27,
            "roe": -2.06,
            "roe_4q": 1.2,
            "gross_profit": 256088,
            "gross_margin": 28.35,
            "gross_margin_4q_avg": 23.92,
            "net_income": -50623,
            "revenue": 903227,
            "common_shares": 1584341,
            "book_valuer_per_share": 15.31,
            "book_valuer_per_share_4q_avg": 15.32,
            "equity": 2426111,
            "current_ratio": 196.99,
            "debt_ratio": 61,
            "inventory_turnover_ratio": 0.58,
            "account_receivable_turnover_ratio": 1.38,
            "reinvestment_rate": -536.2,
            "research_to_sale_ratio": 7.83,
            "price_fair": 1.62,
            "eps_avg_yearly": 0.54,
            "eps_latest_yearly": 0.84,
            "eps_growth_yearly": -45.67
        },
        "20231": {
            "year_quarter": 20231,
            "year": 2023,
            "quarter": 1,
            "eps": 0.3,
            "eps_growth_year": 42.86,
            "eps_4q": 0.28,
            "eps_4q_growth_year": -57.66,
            "roe": 1.97,
            "roe_4q": 1.8099999999999996,
            "gross_profit": 252005,
            "gross_margin": 28.53,
            "gross_margin_4q_avg": 25.13,
            "net_income": 47925,
            "revenue": 883155,
            "common_shares": 1584341,
            "book_valuer_per_share": 15.32,
            "book_valuer_per_share_4q_avg": 15.36,
            "equity": 2427686,
            "current_ratio": 207.17,
            "debt_ratio": 61.18,
            "inventory_turnover_ratio": 0.53,
            "account_receivable_turnover_ratio": 1.44,
            "reinvestment_rate": -360.42,
            "research_to_sale_ratio": 3.12,
            "price_fair": 1.62,
            "eps_avg_yearly": 0.54,
            "eps_latest_yearly": 0.84,
            "eps_growth_yearly": -45.67
        },
        "20232": {
            "year_quarter": 20232,
            "year": 2023,
            "quarter": 2,
            "eps": 0.84,
            "eps_growth_year": null,
            "eps_4q": 1.27,
            "eps_4q_growth_year": 274.62,
            "roe": 5.36,
            "roe_4q": 8.17,
            "gross_profit": 314650,
            "gross_margin": 32.16,
            "gross_margin_4q_avg": 27.52,
            "net_income": 133251,
            "revenue": 978341,
            "common_shares": 1584341,
            "book_valuer_per_share": 16.05,
            "book_valuer_per_share_4q_avg": 15.6,
            "equity": 2543645,
            "current_ratio": 239.36,
            "debt_ratio": 57.5,
            "inventory_turnover_ratio": 0.58,
            "account_receivable_turnover_ratio": 1.73,
            "reinvestment_rate": -217.62,
            "research_to_sale_ratio": 2.47,
            "price_fair": 38.64,
            "eps_avg_yearly": 1.1,
            "eps_latest_yearly": 3.36,
            "eps_growth_yearly": 107.46
        }
    },
    "months": {
        "2002-04": {
            "month": "2002-04",
            "price": "17.63",
            "revenue": 77572
        },
        "2002-05": {
            "month": "2002-05",
            "price": "16.12",
            "revenue": 223380
        },
        "2002-06": {
            "month": "2002-06",
            "price": "17.52",
            "revenue": 184594
        },
        "2002-07": {
            "month": "2002-07",
            "price": "22.70",
            "revenue": 197219
        },
        "2002-08": {
            "month": "2002-08",
            "price": "24.75",
            "revenue": 196803
        },
        "2002-09": {
            "month": "2002-09",
            "price": "23.42",
            "revenue": 154056
        },
        "2002-10": {
            "month": "2002-10",
            "price": "23.60",
            "revenue": 130588
        },
        "2002-11": {
            "month": "2002-11",
            "price": "24.51",
            "revenue": 216328
        },
        "2002-12": {
            "month": "2002-12",
            "price": "26.25",
            "revenue": 221442
        },
        "2003-01": {
            "month": "2003-01",
            "price": "26.58",
            "revenue": 106356
        },
        "2003-02": {
            "month": "2003-02",
            "price": "26.12",
            "revenue": 178453
        },
        "2003-03": {
            "month": "2003-03",
            "price": "25.74",
            "revenue": 185588
        },
        "2003-04": {
            "month": "2003-04",
            "price": "24.63",
            "revenue": 191850
        },
        "2003-05": {
            "month": "2003-05",
            "price": "21.32",
            "revenue": 232515
        },
        "2003-06": {
            "month": "2003-06",
            "price": "20.72",
            "revenue": 230540
        },
        "2003-07": {
            "month": "2003-07",
            "price": "20.32",
            "revenue": 161598
        },
        "2003-08": {
            "month": "2003-08",
            "price": "21.55",
            "revenue": 191932
        },
        "2003-09": {
            "month": "2003-09",
            "price": "23.96",
            "revenue": 213317
        },
        "2003-10": {
            "month": "2003-10",
            "price": "23.16",
            "revenue": 219971
        },
        "2003-11": {
            "month": "2003-11",
            "price": "23.68",
            "revenue": 226411
        },
        "2003-12": {
            "month": "2003-12",
            "price": "27.17",
            "revenue": 213571
        },
        "2004-01": {
            "month": "2004-01",
            "price": "29.67",
            "revenue": 187548
        },
        "2004-02": {
            "month": "2004-02",
            "price": "33.84",
            "revenue": 235805
        },
        "2004-03": {
            "month": "2004-03",
            "price": "32.40",
            "revenue": 271886
        },
        "2004-04": {
            "month": "2004-04",
            "price": "25.49",
            "revenue": 211841
        },
        "2004-05": {
            "month": "2004-05",
            "price": "21.56",
            "revenue": 215569
        },
        "2004-06": {
            "month": "2004-06",
            "price": "20.82",
            "revenue": 251965
        },
        "2004-07": {
            "month": "2004-07",
            "price": "21.19",
            "revenue": 264504
        },
        "2004-08": {
            "month": "2004-08",
            "price": "16.70",
            "revenue": 207377
        },
        "2004-09": {
            "month": "2004-09",
            "price": "19.67",
            "revenue": 270514
        },
        "2004-10": {
            "month": "2004-10",
            "price": "17.96",
            "revenue": 237179
        },
        "2004-11": {
            "month": "2004-11",
            "price": "17.14",
            "revenue": 281955
        },
        "2004-12": {
            "month": "2004-12",
            "price": "17.14",
            "revenue": 337926
        },
        "2005-01": {
            "month": "2005-01",
            "price": "16.82",
            "revenue": 257985
        },
        "2005-02": {
            "month": "2005-02",
            "price": "16.35",
            "revenue": 205128
        },
        "2005-03": {
            "month": "2005-03",
            "price": "15.76",
            "revenue": 319642
        },
        "2005-04": {
            "month": "2005-04",
            "price": "15.34",
            "revenue": 256143
        },
        "2005-05": {
            "month": "2005-05",
            "price": "14.68",
            "revenue": 282123
        },
        "2005-06": {
            "month": "2005-06",
            "price": "14.80",
            "revenue": 349944
        },
        "2005-07": {
            "month": "2005-07",
            "price": "14.92",
            "revenue": 277413
        },
        "2005-08": {
            "month": "2005-08",
            "price": "14.86",
            "revenue": 283970
        },
        "2005-09": {
            "month": "2005-09",
            "price": "16.09",
            "revenue": 262084
        },
        "2005-10": {
            "month": "2005-10",
            "price": "15.40",
            "revenue": 358746
        },
        "2005-11": {
            "month": "2005-11",
            "price": "16.09",
            "revenue": 401340
        },
        "2005-12": {
            "month": "2005-12",
            "price": "16.68",
            "revenue": 387222
        },
        "2006-01": {
            "month": "2006-01",
            "price": "16.94",
            "revenue": 262547
        },
        "2006-02": {
            "month": "2006-02",
            "price": "17.63",
            "revenue": 272131
        },
        "2006-03": {
            "month": "2006-03",
            "price": "18.50",
            "revenue": 344124
        },
        "2006-04": {
            "month": "2006-04",
            "price": "19.37",
            "revenue": 262034
        },
        "2006-05": {
            "month": "2006-05",
            "price": "22.41",
            "revenue": 344395
        },
        "2006-06": {
            "month": "2006-06",
            "price": "21.63",
            "revenue": 356213
        },
        "2006-07": {
            "month": "2006-07",
            "price": "21.24",
            "revenue": 275899
        },
        "2006-08": {
            "month": "2006-08",
            "price": "21.04",
            "revenue": 352388
        },
        "2006-09": {
            "month": "2006-09",
            "price": "19.16",
            "revenue": 377067
        },
        "2006-10": {
            "month": "2006-10",
            "price": "18.38",
            "revenue": 400104
        },
        "2006-11": {
            "month": "2006-11",
            "price": "18.17",
            "revenue": 342143
        },
        "2006-12": {
            "month": "2006-12",
            "price": "18.36",
            "revenue": 279188
        },
        "2007-01": {
            "month": "2007-01",
            "price": "18.32",
            "revenue": 320209
        },
        "2007-02": {
            "month": "2007-02",
            "price": "18.35",
            "revenue": 192730
        },
        "2007-03": {
            "month": "2007-03",
            "price": "18.85",
            "revenue": 530292
        },
        "2007-04": {
            "month": "2007-04",
            "price": "23.08",
            "revenue": 437745
        },
        "2007-05": {
            "month": "2007-05",
            "price": "29.02",
            "revenue": 436134
        },
        "2007-06": {
            "month": "2007-06",
            "price": "32.63",
            "revenue": 303465
        },
        "2007-07": {
            "month": "2007-07",
            "price": "35.42",
            "revenue": 362300
        },
        "2007-08": {
            "month": "2007-08",
            "price": "36.12",
            "revenue": 308563
        },
        "2007-09": {
            "month": "2007-09",
            "price": "35.83",
            "revenue": 356982
        },
        "2007-10": {
            "month": "2007-10",
            "price": "35.58",
            "revenue": 424041
        },
        "2007-11": {
            "month": "2007-11",
            "price": "34.58",
            "revenue": 399645
        },
        "2007-12": {
            "month": "2007-12",
            "price": "26.25",
            "revenue": 446512
        },
        "2008-01": {
            "month": "2008-01",
            "price": "26.03",
            "revenue": 270114
        },
        "2008-02": {
            "month": "2008-02",
            "price": "25.52",
            "revenue": 323867
        },
        "2008-03": {
            "month": "2008-03",
            "price": "26.00",
            "revenue": 238701
        },
        "2008-04": {
            "month": "2008-04",
            "price": "25.31",
            "revenue": 267120
        },
        "2008-05": {
            "month": "2008-05",
            "price": "26.98",
            "revenue": 271688
        },
        "2008-06": {
            "month": "2008-06",
            "price": "25.04",
            "revenue": 376023
        },
        "2008-07": {
            "month": "2008-07",
            "price": "21.20",
            "revenue": 243835
        },
        "2008-08": {
            "month": "2008-08",
            "price": "20.89",
            "revenue": 322596
        },
        "2008-09": {
            "month": "2008-09",
            "price": "16.58",
            "revenue": 256444
        },
        "2008-10": {
            "month": "2008-10",
            "price": "15.48",
            "revenue": 293276
        },
        "2008-11": {
            "month": "2008-11",
            "price": "12.92",
            "revenue": 107378
        },
        "2008-12": {
            "month": "2008-12",
            "price": "12.70",
            "revenue": 146571
        },
        "2009-01": {
            "month": "2009-01",
            "price": "9.72",
            "revenue": 47375
        },
        "2009-02": {
            "month": "2009-02",
            "price": "8.00",
            "revenue": 104599
        },
        "2009-03": {
            "month": "2009-03",
            "price": "8.86",
            "revenue": 74369
        },
        "2009-04": {
            "month": "2009-04",
            "price": "10.55",
            "revenue": 107705
        },
        "2009-05": {
            "month": "2009-05",
            "price": "10.68",
            "revenue": 91376
        },
        "2009-06": {
            "month": "2009-06",
            "price": "9.82",
            "revenue": 96905
        },
        "2009-07": {
            "month": "2009-07",
            "price": "10.54",
            "revenue": 56409
        },
        "2009-08": {
            "month": "2009-08",
            "price": "12.17",
            "revenue": 92067
        },
        "2009-09": {
            "month": "2009-09",
            "price": "11.43",
            "revenue": 47662
        },
        "2009-10": {
            "month": "2009-10",
            "price": "10.88",
            "revenue": 80631
        },
        "2009-11": {
            "month": "2009-11",
            "price": "10.91",
            "revenue": 71260
        },
        "2009-12": {
            "month": "2009-12",
            "price": "11.56",
            "revenue": 110660
        },
        "2010-01": {
            "month": "2010-01",
            "price": "12.80",
            "revenue": 198810
        },
        "2010-02": {
            "month": "2010-02",
            "price": "11.93",
            "revenue": 133423
        },
        "2010-03": {
            "month": "2010-03",
            "price": "13.36",
            "revenue": 208686
        },
        "2010-04": {
            "month": "2010-04",
            "price": "15.25",
            "revenue": 307528
        },
        "2010-05": {
            "month": "2010-05",
            "price": "13.46",
            "revenue": 388212
        },
        "2010-06": {
            "month": "2010-06",
            "price": "13.30",
            "revenue": 255518
        },
        "2010-07": {
            "month": "2010-07",
            "price": "14.18",
            "revenue": 262538
        },
        "2010-08": {
            "month": "2010-08",
            "price": "14.13",
            "revenue": 318133
        },
        "2010-09": {
            "month": "2010-09",
            "price": "13.03",
            "revenue": 223066
        },
        "2010-10": {
            "month": "2010-10",
            "price": "12.53",
            "revenue": 166392
        },
        "2010-11": {
            "month": "2010-11",
            "price": "11.00",
            "revenue": 291979
        },
        "2010-12": {
            "month": "2010-12",
            "price": "12.24",
            "revenue": 306781
        },
        "2011-01": {
            "month": "2011-01",
            "price": "14.03",
            "revenue": 232843
        },
        "2011-02": {
            "month": "2011-02",
            "price": "13.44",
            "revenue": 262647
        },
        "2011-03": {
            "month": "2011-03",
            "price": "15.20",
            "revenue": 369912
        },
        "2011-04": {
            "month": "2011-04",
            "price": "19.02",
            "revenue": 388593
        },
        "2011-05": {
            "month": "2011-05",
            "price": "18.45",
            "revenue": 367939
        },
        "2011-06": {
            "month": "2011-06",
            "price": "16.50",
            "revenue": 440329
        },
        "2011-07": {
            "month": "2011-07",
            "price": "16.35",
            "revenue": 383686
        },
        "2011-08": {
            "month": "2011-08",
            "price": "14.53",
            "revenue": 305364
        },
        "2011-09": {
            "month": "2011-09",
            "price": "11.93",
            "revenue": 287110
        },
        "2011-10": {
            "month": "2011-10",
            "price": "11.15",
            "revenue": 371840
        },
        "2011-11": {
            "month": "2011-11",
            "price": "11.23",
            "revenue": 289802
        },
        "2011-12": {
            "month": "2011-12",
            "price": "9.77",
            "revenue": 399492
        },
        "2012-01": {
            "month": "2012-01",
            "price": "10.32",
            "revenue": 208997
        },
        "2012-02": {
            "month": "2012-02",
            "price": "12.48",
            "revenue": 287305
        },
        "2012-03": {
            "month": "2012-03",
            "price": "12.65",
            "revenue": 256547
        },
        "2012-04": {
            "month": "2012-04",
            "price": "11.73",
            "revenue": 332956
        },
        "2012-05": {
            "month": "2012-05",
            "price": "10.81",
            "revenue": 390518
        },
        "2012-06": {
            "month": "2012-06",
            "price": "10.64",
            "revenue": 377277
        },
        "2012-07": {
            "month": "2012-07",
            "price": "10.48",
            "revenue": 271749
        },
        "2012-08": {
            "month": "2012-08",
            "price": "10.56",
            "revenue": 236143
        },
        "2012-09": {
            "month": "2012-09",
            "price": "11.37",
            "revenue": 222581
        },
        "2012-10": {
            "month": "2012-10",
            "price": "10.70",
            "revenue": 320800
        },
        "2012-11": {
            "month": "2012-11",
            "price": "10.24",
            "revenue": 254903
        },
        "2012-12": {
            "month": "2012-12",
            "price": "10.45",
            "revenue": 273257
        },
        "2013-01": {
            "month": "2013-01",
            "price": "10.69",
            "revenue": 257807
        },
        "2013-02": {
            "month": "2013-02",
            "price": "10.96",
            "revenue": 204056
        },
        "2013-03": {
            "month": "2013-03",
            "price": "10.97",
            "revenue": 386832
        },
        "2013-04": {
            "month": "2013-04",
            "price": "11.24",
            "revenue": 412509
        },
        "2013-05": {
            "month": "2013-05",
            "price": "12.65",
            "revenue": 317675
        },
        "2013-06": {
            "month": "2013-06",
            "price": "12.63",
            "revenue": 349848
        },
        "2013-07": {
            "month": "2013-07",
            "price": "13.17",
            "revenue": 222662
        },
        "2013-08": {
            "month": "2013-08",
            "price": "14.28",
            "revenue": 234364
        },
        "2013-09": {
            "month": "2013-09",
            "price": "14.37",
            "revenue": 542405
        },
        "2013-10": {
            "month": "2013-10",
            "price": "16.62",
            "revenue": 324867
        },
        "2013-11": {
            "month": "2013-11",
            "price": "15.11",
            "revenue": 417808
        },
        "2013-12": {
            "month": "2013-12",
            "price": "15.83",
            "revenue": 417298
        },
        "2014-01": {
            "month": "2014-01",
            "price": "16.76",
            "revenue": 315688
        },
        "2014-02": {
            "month": "2014-02",
            "price": "17.46",
            "revenue": 225230
        },
        "2014-03": {
            "month": "2014-03",
            "price": "17.01",
            "revenue": 426235
        },
        "2014-04": {
            "month": "2014-04",
            "price": "16.62",
            "revenue": 358924
        },
        "2014-05": {
            "month": "2014-05",
            "price": "15.81",
            "revenue": 396257
        },
        "2014-06": {
            "month": "2014-06",
            "price": "16.48",
            "revenue": 364863
        },
        "2014-07": {
            "month": "2014-07",
            "price": "15.67",
            "revenue": 302139
        },
        "2014-08": {
            "month": "2014-08",
            "price": "15.85",
            "revenue": 319186
        },
        "2014-09": {
            "month": "2014-09",
            "price": "16.50",
            "revenue": 367852
        },
        "2014-10": {
            "month": "2014-10",
            "price": "15.16",
            "revenue": 320140
        },
        "2014-11": {
            "month": "2014-11",
            "price": "14.12",
            "revenue": 302773
        },
        "2014-12": {
            "month": "2014-12",
            "price": "13.86",
            "revenue": 309469
        },
        "2015-01": {
            "month": "2015-01",
            "price": "14.12",
            "revenue": 136413
        },
        "2015-02": {
            "month": "2015-02",
            "price": "13.93",
            "revenue": 85656
        },
        "2015-03": {
            "month": "2015-03",
            "price": "13.82",
            "revenue": 328430
        },
        "2015-04": {
            "month": "2015-04",
            "price": "13.81",
            "revenue": 420843
        },
        "2015-05": {
            "month": "2015-05",
            "price": "13.19",
            "revenue": 424345
        },
        "2015-06": {
            "month": "2015-06",
            "price": "12.17",
            "revenue": 383734
        },
        "2015-07": {
            "month": "2015-07",
            "price": "11.35",
            "revenue": 327727
        },
        "2015-08": {
            "month": "2015-08",
            "price": "10.85",
            "revenue": 160188
        },
        "2015-09": {
            "month": "2015-09",
            "price": "10.95",
            "revenue": 279977
        },
        "2015-10": {
            "month": "2015-10",
            "price": "11.63",
            "revenue": 245478
        },
        "2015-11": {
            "month": "2015-11",
            "price": "11.68",
            "revenue": 318103
        },
        "2015-12": {
            "month": "2015-12",
            "price": "11.59",
            "revenue": 338086
        },
        "2016-01": {
            "month": "2016-01",
            "price": "11.77",
            "revenue": 362534
        },
        "2016-02": {
            "month": "2016-02",
            "price": "12.51",
            "revenue": 444556
        },
        "2016-03": {
            "month": "2016-03",
            "price": "15.10",
            "revenue": 318761
        },
        "2016-04": {
            "month": "2016-04",
            "price": "14.52",
            "revenue": 311201
        },
        "2016-05": {
            "month": "2016-05",
            "price": "13.00",
            "revenue": 384161
        },
        "2016-06": {
            "month": "2016-06",
            "price": "13.38",
            "revenue": 366623
        },
        "2016-07": {
            "month": "2016-07",
            "price": "14.24",
            "revenue": 363293
        },
        "2016-08": {
            "month": "2016-08",
            "price": "14.10",
            "revenue": 356130
        },
        "2016-09": {
            "month": "2016-09",
            "price": "14.67",
            "revenue": 275139
        },
        "2016-10": {
            "month": "2016-10",
            "price": "13.79",
            "revenue": 373099
        },
        "2016-11": {
            "month": "2016-11",
            "price": "13.68",
            "revenue": 273082
        },
        "2016-12": {
            "month": "2016-12",
            "price": "13.97",
            "revenue": 356536
        },
        "2017-01": {
            "month": "2017-01",
            "price": "14.02",
            "revenue": 341471
        },
        "2017-02": {
            "month": "2017-02",
            "price": "15.09",
            "revenue": 364003
        },
        "2017-03": {
            "month": "2017-03",
            "price": "15.42",
            "revenue": 323254
        },
        "2017-04": {
            "month": "2017-04",
            "price": "14.04",
            "revenue": 285342
        },
        "2017-05": {
            "month": "2017-05",
            "price": "13.29",
            "revenue": 334944
        },
        "2017-06": {
            "month": "2017-06",
            "price": "12.79",
            "revenue": 313342
        },
        "2017-07": {
            "month": "2017-07",
            "price": "12.97",
            "revenue": 281021
        },
        "2017-08": {
            "month": "2017-08",
            "price": "13.15",
            "revenue": 312690
        },
        "2017-09": {
            "month": "2017-09",
            "price": "12.98",
            "revenue": 315940
        },
        "2017-10": {
            "month": "2017-10",
            "price": "12.68",
            "revenue": 357935
        },
        "2017-11": {
            "month": "2017-11",
            "price": "12.90",
            "revenue": 440866
        },
        "2017-12": {
            "month": "2017-12",
            "price": "12.85",
            "revenue": 336282
        },
        "2018-01": {
            "month": "2018-01",
            "price": "12.95",
            "revenue": 292120
        },
        "2018-02": {
            "month": "2018-02",
            "price": "11.98",
            "revenue": 209581
        },
        "2018-03": {
            "month": "2018-03",
            "price": "11.77",
            "revenue": 304561
        },
        "2018-04": {
            "month": "2018-04",
            "price": "11.67",
            "revenue": 270254
        },
        "2018-05": {
            "month": "2018-05",
            "price": "11.31",
            "revenue": 546313
        },
        "2018-06": {
            "month": "2018-06",
            "price": "13.02",
            "revenue": 334446
        },
        "2018-07": {
            "month": "2018-07",
            "price": "12.34",
            "revenue": 372381
        },
        "2018-08": {
            "month": "2018-08",
            "price": "11.96",
            "revenue": 310219
        },
        "2018-09": {
            "month": "2018-09",
            "price": "11.57",
            "revenue": 284292
        },
        "2018-10": {
            "month": "2018-10",
            "price": "10.69",
            "revenue": 364075
        },
        "2018-11": {
            "month": "2018-11",
            "price": "11.06",
            "revenue": 288634
        },
        "2018-12": {
            "month": "2018-12",
            "price": "10.85",
            "revenue": 325622
        },
        "2019-01": {
            "month": "2019-01",
            "price": "11.07",
            "revenue": 359071
        },
        "2019-02": {
            "month": "2019-02",
            "price": "11.63",
            "revenue": 183292
        },
        "2019-03": {
            "month": "2019-03",
            "price": "11.98",
            "revenue": 144260
        },
        "2019-04": {
            "month": "2019-04",
            "price": "12.49",
            "revenue": 197189
        },
        "2019-05": {
            "month": "2019-05",
            "price": "11.76",
            "revenue": 375099
        },
        "2019-06": {
            "month": "2019-06",
            "price": "11.79",
            "revenue": 210416
        },
        "2019-07": {
            "month": "2019-07",
            "price": "11.70",
            "revenue": 288077
        },
        "2019-08": {
            "month": "2019-08",
            "price": "11.23",
            "revenue": 277458
        },
        "2019-09": {
            "month": "2019-09",
            "price": "10.84",
            "revenue": 310605
        },
        "2019-10": {
            "month": "2019-10",
            "price": "10.74",
            "revenue": 283904
        },
        "2019-11": {
            "month": "2019-11",
            "price": "10.55",
            "revenue": 318747
        },
        "2019-12": {
            "month": "2019-12",
            "price": "10.88",
            "revenue": 387391
        },
        "2020-01": {
            "month": "2020-01",
            "price": "11.56",
            "revenue": 176450
        },
        "2020-02": {
            "month": "2020-02",
            "price": "11.42",
            "revenue": 124035
        },
        "2020-03": {
            "month": "2020-03",
            "price": "10.47",
            "revenue": 185905
        },
        "2020-04": {
            "month": "2020-04",
            "price": "10.60",
            "revenue": 288100
        },
        "2020-05": {
            "month": "2020-05",
            "price": "10.86",
            "revenue": 247540
        },
        "2020-06": {
            "month": "2020-06",
            "price": "11.17",
            "revenue": 242357
        },
        "2020-07": {
            "month": "2020-07",
            "price": "11.52",
            "revenue": 288126
        },
        "2020-08": {
            "month": "2020-08",
            "price": "11.77",
            "revenue": 196854
        },
        "2020-09": {
            "month": "2020-09",
            "price": "11.38",
            "revenue": 224459
        },
        "2020-10": {
            "month": "2020-10",
            "price": "11.12",
            "revenue": 182393
        },
        "2020-11": {
            "month": "2020-11",
            "price": "11.33",
            "revenue": 245399
        },
        "2020-12": {
            "month": "2020-12",
            "price": "11.47",
            "revenue": 245552
        },
        "2021-01": {
            "month": "2021-01",
            "price": "11.35",
            "revenue": 231644
        },
        "2021-02": {
            "month": "2021-02",
            "price": "11.55",
            "revenue": 116862
        },
        "2021-03": {
            "month": "2021-03",
            "price": "11.99",
            "revenue": 404880
        },
        "2021-04": {
            "month": "2021-04",
            "price": "13.35",
            "revenue": 280692
        },
        "2021-05": {
            "month": "2021-05",
            "price": "11.69",
            "revenue": 377837
        },
        "2021-06": {
            "month": "2021-06",
            "price": "11.48",
            "revenue": 292793
        },
        "2021-07": {
            "month": "2021-07",
            "price": "11.69",
            "revenue": 340726
        },
        "2021-08": {
            "month": "2021-08",
            "price": "11.47",
            "revenue": 441134
        },
        "2021-09": {
            "month": "2021-09",
            "price": "11.58",
            "revenue": 257514
        },
        "2021-10": {
            "month": "2021-10",
            "price": "11.36",
            "revenue": 313228
        },
        "2021-11": {
            "month": "2021-11",
            "price": "11.55",
            "revenue": 343320
        },
        "2021-12": {
            "month": "2021-12",
            "price": "12.53",
            "revenue": 395119
        },
        "2022-01": {
            "month": "2022-01",
            "price": "12.09",
            "revenue": 254826
        },
        "2022-02": {
            "month": "2022-02",
            "price": "11.92",
            "revenue": 187851
        },
        "2022-03": {
            "month": "2022-03",
            "price": "11.57",
            "revenue": 333463
        },
        "2022-04": {
            "month": "2022-04",
            "price": "11.78",
            "revenue": 86592
        },
        "2022-05": {
            "month": "2022-05",
            "price": "11.52",
            "revenue": 220533
        },
        "2022-06": {
            "month": "2022-06",
            "price": "11.28",
            "revenue": 340229
        },
        "2022-07": {
            "month": "2022-07",
            "price": "10.49",
            "revenue": 359837
        },
        "2022-08": {
            "month": "2022-08",
            "price": "10.75",
            "revenue": 345370
        },
        "2022-09": {
            "month": "2022-09",
            "price": "10.53",
            "revenue": 516651
        },
        "2022-10": {
            "month": "2022-10",
            "price": "10.70",
            "revenue": 319786
        },
        "2022-11": {
            "month": "2022-11",
            "price": "10.56",
            "revenue": 247442
        },
        "2022-12": {
            "month": "2022-12",
            "price": "10.66",
            "revenue": 330961
        },
        "2023-01": {
            "month": "2023-01",
            "price": "10.55",
            "revenue": 332627
        },
        "2023-02": {
            "month": "2023-02",
            "price": "11.29",
            "revenue": 258899
        },
        "2023-03": {
            "month": "2023-03",
            "price": "11.64",
            "revenue": 291629
        },
        "2023-04": {
            "month": "2023-04",
            "price": "11.64",
            "revenue": 293840
        },
        "2023-05": {
            "month": "2023-05",
            "price": "12.72",
            "revenue": 442525
        },
        "2023-06": {
            "month": "2023-06",
            "price": "22.39",
            "revenue": 241977
        },
        "2023-07": {
            "month": "2023-07",
            "price": "31.42",
            "revenue": 207815
        },
        "2023-08": {
            "month": "2023-08",
            "price": "27.59",
            "revenue": 220940
        }
    }
}
