{
    "summary": {
        "stock_name": "慶騰",
        "stock_id": "4534",
        "category": "電機機械",
        "main_business": "粉末冶金業<br>除許可業務外，得經營法令非禁止或限制之業務",
        "website_url": "http://www.trinity-ptc.com",
        "ceo": "王興威",
        "pe_ratio": -5,
        "report_year_from": 2001,
        "report_year_to": 2023,
        "age": 22,
        "eps_negative_percentage": 48,
        "eps_growth_avg": {
            "last_all": -19.03,
            "last_2y": -100,
            "last_4y": -100,
            "last_8y": -33.88,
            "last_12y": -25.41,
            "last_16y": -25.41,
            "last_20y": -19.03,
            "at_2006_last_3y": -30.25,
            "at_2007_last_3y": -51.27,
            "at_2008_last_3y": -100,
            "at_2009_last_3y": null,
            "at_2010_last_3y": 100,
            "at_2011_last_3y": 0,
            "at_2012_last_3y": 0,
            "at_2013_last_3y": 0,
            "at_2014_last_3y": -51.94,
            "at_2015_last_3y": -22.14,
            "at_2016_last_3y": 18.57,
            "at_2017_last_3y": -0.82,
            "at_2018_last_3y": -24.84,
            "at_2019_last_3y": -19.66,
            "at_2020_last_3y": -79.49,
            "at_2021_last_3y": -100,
            "at_2022_last_3y": -100,
            "at_2023_last_3y": -100,
            "at_2006_last_all": -6.28,
            "at_2007_last_all": -6.28,
            "at_2008_last_all": -6.28,
            "at_2009_last_all": -6.28,
            "at_2010_last_all": 14.98,
            "at_2011_last_all": -4.19,
            "at_2012_last_all": -4.19,
            "at_2013_last_all": -4.19,
            "at_2014_last_all": -4.14,
            "at_2015_last_all": -8.68,
            "at_2016_last_all": 3.4,
            "at_2017_last_all": -2.84,
            "at_2018_last_all": -11.67,
            "at_2019_last_all": -11.67,
            "at_2020_last_all": -11.67,
            "at_2021_last_all": -11.67,
            "at_2022_last_all": -19.03,
            "at_2023_last_all": -19.03
        },
        "latest_eps": -1.84,
        "latest_price": 10,
        "latest_roe": -19.12,
        "latest_gross_margin": -11.39,
        "latest_equity": 747803,
        "latest_revenue": 170993,
        "latest_gross_profit": -19470,
        "latest_net_income": -55582,
        "latest_debt_ratio": 47.59,
        "latest_current_ratio": 143.37,
        "latest_account_receivable_turnover_ratio": 0.84,
        "latest_inventory_turnover_ratio": 0.67,
        "latest_reinvestment_rate": null,
        "latest_research_to_sale_ratio": 2.36
    },
    "eps_dividends": {
        "2001": {
            "cash": 0,
            "stock": 0,
            "eps": 1.28
        },
        "2002": {
            "cash": 0,
            "stock": 1,
            "eps": 2.12
        },
        "2003": {
            "cash": 1,
            "stock": 1,
            "eps": 2.37
        },
        "2004": {
            "cash": 0,
            "stock": 1,
            "eps": 2.31
        },
        "2005": {
            "cash": 1,
            "stock": 1,
            "eps": -0.63
        },
        "2006": {
            "cash": 0,
            "stock": 0,
            "eps": -1.3
        },
        "2007": {
            "cash": 0,
            "stock": 0,
            "eps": -2.01
        },
        "2008": {
            "cash": 0,
            "stock": 0,
            "eps": -1.52
        },
        "2009": {
            "cash": 0,
            "stock": 0,
            "eps": 0.24
        },
        "2010": {
            "cash": 0,
            "stock": 0,
            "eps": 0.9
        },
        "2011": {
            "cash": 1,
            "stock": 0,
            "eps": -0.61
        },
        "2012": {
            "cash": 0,
            "stock": 0,
            "eps": -0.84
        },
        "2013": {
            "cash": 0,
            "stock": 0,
            "eps": 1.03
        },
        "2014": {
            "cash": 0,
            "stock": 0,
            "eps": 0.99
        },
        "2015": {
            "cash": 1,
            "stock": 0,
            "eps": 0.59
        },
        "2016": {
            "cash": 1,
            "stock": 0,
            "eps": 1.95
        },
        "2017": {
            "cash": 1,
            "stock": 1,
            "eps": 0.8
        },
        "2018": {
            "cash": 0,
            "stock": 0,
            "eps": -0.13
        },
        "2019": {
            "cash": 0,
            "stock": 0,
            "eps": -0.24
        },
        "2020": {
            "cash": 0,
            "stock": 0,
            "eps": -0.72
        },
        "2021": {
            "cash": 0,
            "stock": 0,
            "eps": 0.6
        },
        "2022": {
            "cash": 0,
            "stock": 0,
            "eps": -1.7
        },
        "2023": {
            "cash": 0,
            "stock": 0,
            "eps": -0.64
        }
    },
    "dividends": {
        "2002-06-27": {
            "cash": 0,
            "stock": 1
        },
        "2003-06-13": {
            "cash": 0.5,
            "stock": 1
        },
        "2004-03-10": {
            "cash": 0.17,
            "stock": 1.45
        },
        "2005-04-08": {
            "cash": 1,
            "stock": 0.5
        },
        "2011-04-11": {
            "cash": 0.5,
            "stock": 0
        },
        "2015-08-21": {
            "cash": 0.6,
            "stock": 0
        },
        "2016-08-18": {
            "cash": 0.5,
            "stock": 0
        },
        "2017-10-24": {
            "cash": 0.5,
            "stock": 0.7
        },
        "2018-10-12": {
            "cash": 0.3,
            "stock": 0.2
        }
    },
    "prices": {
        "200101": "無",
        "200102": "無",
        "200103": "無",
        "200104": "無",
        "200105": "無",
        "200106": "無",
        "200107": "無",
        "200108": "無",
        "200109": "無",
        "200110": "無",
        "200111": "無",
        "200112": "無",
        "200201": "無",
        "200202": "無",
        "200203": "無",
        "200204": "無",
        "200205": "無",
        "200206": "無",
        "200207": "無",
        "200208": "無",
        "200209": "無",
        "200210": "無",
        "200211": "無",
        "200212": "無",
        "200301": "無",
        "200302": "無",
        "200303": "27.00",
        "200304": "25.96",
        "200305": "28.66",
        "200306": "27.54",
        "200307": "26.78",
        "200308": "27.48",
        "200309": "33.65",
        "200310": "42.76",
        "200311": "37.64",
        "200312": "33.31",
        "200401": "28.18",
        "200402": "30.47",
        "200403": "29.97",
        "200404": "32.40",
        "200405": "31.60",
        "200406": "31.96",
        "200407": "28.70",
        "200408": "28.86",
        "200409": "25.53",
        "200410": "22.98",
        "200411": "17.83",
        "200412": "17.32",
        "200501": "17.85",
        "200502": "20.21",
        "200503": "20.35",
        "200504": "19.96",
        "200505": "15.76",
        "200506": "15.81",
        "200507": "15.65",
        "200508": "15.19",
        "200509": "14.49",
        "200510": "12.82",
        "200511": "12.23",
        "200512": "11.44",
        "200601": "12.42",
        "200602": "11.61",
        "200603": "10.97",
        "200604": "11.32",
        "200605": "10.36",
        "200606": "9.85",
        "200607": "9.95",
        "200608": "9.76",
        "200609": "8.44",
        "200610": "8.14",
        "200611": "8.27",
        "200612": "8.88",
        "200701": "7.60",
        "200702": "6.92",
        "200703": "7.05",
        "200704": "9.59",
        "200705": "9.34",
        "200706": "9.34",
        "200707": "11.93",
        "200708": "13.78",
        "200709": "11.71",
        "200710": "10.80",
        "200711": "9.44",
        "200712": "8.40",
        "200801": "8.48",
        "200802": "8.75",
        "200803": "9.03",
        "200804": "8.02",
        "200805": "7.63",
        "200806": "7.16",
        "200807": "6.71",
        "200808": "5.89",
        "200809": "4.64",
        "200810": "3.90",
        "200811": "3.76",
        "200812": "3.43",
        "200901": "3.67",
        "200902": "3.65",
        "200903": "4.08",
        "200904": "4.84",
        "200905": "4.78",
        "200906": "4.82",
        "200907": "4.81",
        "200908": "5.53",
        "200909": "6.24",
        "200910": "7.95",
        "200911": "12.86",
        "200912": "12.69",
        "201001": "12.48",
        "201002": "11.80",
        "201003": "12.37",
        "201004": "15.65",
        "201005": "14.12",
        "201006": "13.81",
        "201007": "15.99",
        "201008": "17.56",
        "201009": "16.25",
        "201010": "15.88",
        "201011": "15.21",
        "201012": "15.25",
        "201101": "16.16",
        "201102": "15.86",
        "201103": "15.41",
        "201104": "16.18",
        "201105": "15.26",
        "201106": "15.56",
        "201107": "14.49",
        "201108": "13.00",
        "201109": "12.04",
        "201110": "11.64",
        "201111": "10.50",
        "201112": "9.80",
        "201201": "9.17",
        "201202": "10.41",
        "201203": "9.53",
        "201204": "8.74",
        "201205": "8.45",
        "201206": "8.32",
        "201207": "8.62",
        "201208": "8.72",
        "201209": "8.24",
        "201210": "7.49",
        "201211": "8.05",
        "201212": "7.95",
        "201301": "8.32",
        "201302": "9.03",
        "201303": "9.11",
        "201304": "8.88",
        "201305": "8.82",
        "201306": "8.61",
        "201307": "10.01",
        "201308": "12.62",
        "201309": "13.00",
        "201310": "13.86",
        "201311": "13.25",
        "201312": "16.44",
        "201401": "18.61",
        "201402": "20.64",
        "201403": "21.41",
        "201404": "20.99",
        "201405": "18.55",
        "201406": "21.24",
        "201407": "20.78",
        "201408": "19.54",
        "201409": "16.76",
        "201410": "15.12",
        "201411": "14.36",
        "201412": "14.68",
        "201501": "16.49",
        "201502": "15.83",
        "201503": "15.77",
        "201504": "16.58",
        "201505": "14.19",
        "201506": "13.75",
        "201507": "12.32",
        "201508": "11.01",
        "201509": "10.92",
        "201510": "11.20",
        "201511": "10.52",
        "201512": "10.06",
        "201601": "9.97",
        "201602": "11.45",
        "201603": "14.70",
        "201604": "21.97",
        "201605": "26.06",
        "201606": "33.27",
        "201607": "40.16",
        "201608": "36.72",
        "201609": "33.79",
        "201610": "32.02",
        "201611": "30.75",
        "201612": "30.62",
        "201701": "26.87",
        "201702": "27.49",
        "201703": "28.62",
        "201704": "28.94",
        "201705": "25.65",
        "201706": "25.62",
        "201707": "25.22",
        "201708": "21.71",
        "201709": "19.81",
        "201710": "18.63",
        "201711": "18.29",
        "201712": "18.03",
        "201801": "18.22",
        "201802": "17.28",
        "201803": "17.15",
        "201804": "16.32",
        "201805": "14.05",
        "201806": "15.86",
        "201807": "14.63",
        "201808": "14.12",
        "201809": "12.44",
        "201810": "9.26",
        "201811": "9.00",
        "201812": "9.54",
        "201901": "9.42",
        "201902": "9.60",
        "201903": "11.18",
        "201904": "11.11",
        "201905": "10.05",
        "201906": "9.37",
        "201907": "9.28",
        "201908": "8.79",
        "201909": "8.80",
        "201910": "8.58",
        "201911": "7.93",
        "201912": "7.56",
        "202001": "8.06",
        "202002": "7.84",
        "202003": "6.08",
        "202004": "6.10",
        "202005": "7.53",
        "202006": "7.30",
        "202007": "7.62",
        "202008": "7.10",
        "202009": "7.71",
        "202010": "8.00",
        "202011": "8.38",
        "202012": "8.99",
        "202101": "8.87",
        "202102": "9.83",
        "202103": "14.34",
        "202104": "14.53",
        "202105": "13.21",
        "202106": "14.35",
        "202107": "14.72",
        "202108": "13.46",
        "202109": "12.58",
        "202110": "11.52",
        "202111": "12.45",
        "202112": "12.95",
        "202201": "13.88",
        "202202": "14.29",
        "202203": "12.91",
        "202204": "11.83",
        "202205": "10.36",
        "202206": "10.22",
        "202207": "9.69",
        "202208": "9.93",
        "202209": "9.49",
        "202210": "8.68",
        "202211": "8.80",
        "202212": "9.09",
        "202301": "8.90",
        "202302": "9.09",
        "202303": "9.78",
        "202304": "9.75",
        "202305": "9.75"
    },
    "quarters": {
        "20011": {
            "year_quarter": 20011,
            "year": 2001,
            "quarter": 1,
            "eps": null,
            "eps_growth_year": null,
            "eps_4q": null,
            "eps_4q_growth_year": null,
            "roe": null,
            "roe_4q": 0,
            "gross_profit": null,
            "gross_margin": null,
            "gross_margin_4q_avg": 0,
            "net_income": null,
            "revenue": null,
            "common_shares": null,
            "book_valuer_per_share": null,
            "book_valuer_per_share_4q_avg": 0,
            "equity": null,
            "current_ratio": null,
            "debt_ratio": null,
            "inventory_turnover_ratio": null,
            "account_receivable_turnover_ratio": null,
            "reinvestment_rate": null,
            "research_to_sale_ratio": null,
            "price_fair": 0,
            "eps_avg_yearly": 0,
            "eps_latest_yearly": 0,
            "eps_growth_yearly": 0
        },
        "20012": {
            "year_quarter": 20012,
            "year": 2001,
            "quarter": 2,
            "eps": null,
            "eps_growth_year": null,
            "eps_4q": null,
            "eps_4q_growth_year": null,
            "roe": null,
            "roe_4q": 0,
            "gross_profit": null,
            "gross_margin": null,
            "gross_margin_4q_avg": 0,
            "net_income": null,
            "revenue": null,
            "common_shares": null,
            "book_valuer_per_share": null,
            "book_valuer_per_share_4q_avg": 0,
            "equity": null,
            "current_ratio": null,
            "debt_ratio": null,
            "inventory_turnover_ratio": null,
            "account_receivable_turnover_ratio": null,
            "reinvestment_rate": null,
            "research_to_sale_ratio": null,
            "price_fair": 0,
            "eps_avg_yearly": 0,
            "eps_latest_yearly": 0,
            "eps_growth_yearly": 0
        },
        "20013": {
            "year_quarter": 20013,
            "year": 2001,
            "quarter": 3,
            "eps": 1.02,
            "eps_growth_year": null,
            "eps_4q": null,
            "eps_4q_growth_year": null,
            "roe": 8.58,
            "roe_4q": 8.58,
            "gross_profit": 29765,
            "gross_margin": 30.84,
            "gross_margin_4q_avg": 10.28,
            "net_income": 19178,
            "revenue": 96507,
            "common_shares": 188936,
            "book_valuer_per_share": 11.83,
            "book_valuer_per_share_4q_avg": 3.94,
            "equity": 223430,
            "current_ratio": 138.71,
            "debt_ratio": 55.34,
            "inventory_turnover_ratio": 1.7,
            "account_receivable_turnover_ratio": null,
            "reinvestment_rate": null,
            "research_to_sale_ratio": null,
            "price_fair": 0,
            "eps_avg_yearly": 0,
            "eps_latest_yearly": 0,
            "eps_growth_yearly": 0
        },
        "20014": {
            "year_quarter": 20014,
            "year": 2001,
            "quarter": 4,
            "eps": 0.26,
            "eps_growth_year": null,
            "eps_4q": null,
            "eps_4q_growth_year": null,
            "roe": 2.21,
            "roe_4q": 10.79,
            "gross_profit": 25522,
            "gross_margin": 34.29,
            "gross_margin_4q_avg": 16.28,
            "net_income": 5005,
            "revenue": 74436,
            "common_shares": 188936,
            "book_valuer_per_share": 12.16,
            "book_valuer_per_share_4q_avg": 6,
            "equity": 229782,
            "current_ratio": 134.26,
            "debt_ratio": 47.57,
            "inventory_turnover_ratio": 1.36,
            "account_receivable_turnover_ratio": null,
            "reinvestment_rate": null,
            "research_to_sale_ratio": null,
            "price_fair": 0,
            "eps_avg_yearly": 0,
            "eps_latest_yearly": 0,
            "eps_growth_yearly": 0
        },
        "20021": {
            "year_quarter": 20021,
            "year": 2002,
            "quarter": 1,
            "eps": 0.6,
            "eps_growth_year": null,
            "eps_4q": null,
            "eps_4q_growth_year": null,
            "roe": 4.82,
            "roe_4q": 15.61,
            "gross_profit": 32573,
            "gross_margin": 42.48,
            "gross_margin_4q_avg": 26.9,
            "net_income": 11364,
            "revenue": 76681,
            "common_shares": 188936,
            "book_valuer_per_share": 12.79,
            "book_valuer_per_share_4q_avg": 9.2,
            "equity": 241602,
            "current_ratio": 120.81,
            "debt_ratio": 49.96,
            "inventory_turnover_ratio": 1.22,
            "account_receivable_turnover_ratio": null,
            "reinvestment_rate": null,
            "research_to_sale_ratio": null,
            "price_fair": 84,
            "eps_avg_yearly": 2.4,
            "eps_latest_yearly": 2.4,
            "eps_growth_yearly": 523.08
        },
        "20022": {
            "year_quarter": 20022,
            "year": 2002,
            "quarter": 2,
            "eps": 0.36,
            "eps_growth_year": null,
            "eps_4q": 2.24,
            "eps_4q_growth_year": null,
            "roe": 2.8,
            "roe_4q": 18.41,
            "gross_profit": 36959,
            "gross_margin": 36.83,
            "gross_margin_4q_avg": 36.11,
            "net_income": 6798,
            "revenue": 100346,
            "common_shares": 188936,
            "book_valuer_per_share": 12.9,
            "book_valuer_per_share_4q_avg": 12.42,
            "equity": 243803,
            "current_ratio": 88.72,
            "debt_ratio": 59.5,
            "inventory_turnover_ratio": 1.11,
            "account_receivable_turnover_ratio": null,
            "reinvestment_rate": null,
            "research_to_sale_ratio": null,
            "price_fair": 67.2,
            "eps_avg_yearly": 1.92,
            "eps_latest_yearly": 1.44,
            "eps_growth_yearly": 181.54
        },
        "20023": {
            "year_quarter": 20023,
            "year": 2002,
            "quarter": 3,
            "eps": 1.32,
            "eps_growth_year": 29.41,
            "eps_4q": 2.42,
            "eps_4q_growth_year": null,
            "roe": 10.73,
            "roe_4q": 20.560000000000002,
            "gross_profit": 50914,
            "gross_margin": 38.43,
            "gross_margin_4q_avg": 38.01,
            "net_income": 27675,
            "revenue": 132476,
            "common_shares": 208941,
            "book_valuer_per_share": 13.02,
            "book_valuer_per_share_4q_avg": 12.72,
            "equity": 272084,
            "current_ratio": 98.09,
            "debt_ratio": 57.5,
            "inventory_turnover_ratio": 0.99,
            "account_receivable_turnover_ratio": null,
            "reinvestment_rate": null,
            "research_to_sale_ratio": null,
            "price_fair": 106.4,
            "eps_avg_yearly": 3.04,
            "eps_latest_yearly": 5.28,
            "eps_growth_yearly": 476.58
        },
        "20024": {
            "year_quarter": 20024,
            "year": 2002,
            "quarter": 4,
            "eps": -0.16,
            "eps_growth_year": -161.54,
            "eps_4q": 2.03,
            "eps_4q_growth_year": null,
            "roe": -1.27,
            "roe_4q": 17.080000000000002,
            "gross_profit": 10265,
            "gross_margin": 19.31,
            "gross_margin_4q_avg": 34.26,
            "net_income": -3440,
            "revenue": 53153,
            "common_shares": 208941,
            "book_valuer_per_share": 12.99,
            "book_valuer_per_share_4q_avg": 12.93,
            "equity": 271399,
            "current_ratio": 96.02,
            "debt_ratio": 54.72,
            "inventory_turnover_ratio": 0.49,
            "account_receivable_turnover_ratio": null,
            "reinvestment_rate": null,
            "research_to_sale_ratio": null,
            "price_fair": 106.4,
            "eps_avg_yearly": 3.04,
            "eps_latest_yearly": 5.28,
            "eps_growth_yearly": 476.58
        },
        "20031": {
            "year_quarter": 20031,
            "year": 2003,
            "quarter": 1,
            "eps": -0.71,
            "eps_growth_year": -218.33,
            "eps_4q": 0.78,
            "eps_4q_growth_year": null,
            "roe": -5.62,
            "roe_4q": 6.64,
            "gross_profit": 764,
            "gross_margin": 1.68,
            "gross_margin_4q_avg": 24.06,
            "net_income": -14790,
            "revenue": 45479,
            "common_shares": 208941,
            "book_valuer_per_share": 12.22,
            "book_valuer_per_share_4q_avg": 12.78,
            "equity": 255272,
            "current_ratio": 110.34,
            "debt_ratio": 55.04,
            "inventory_turnover_ratio": 0.57,
            "account_receivable_turnover_ratio": null,
            "reinvestment_rate": null,
            "research_to_sale_ratio": null,
            "price_fair": 106.4,
            "eps_avg_yearly": 3.04,
            "eps_latest_yearly": 5.28,
            "eps_growth_yearly": 476.58
        },
        "20032": {
            "year_quarter": 20032,
            "year": 2003,
            "quarter": 2,
            "eps": 0.94,
            "eps_growth_year": 161.11,
            "eps_4q": 1.39,
            "eps_4q_growth_year": -38.02,
            "roe": 7.62,
            "roe_4q": 11.46,
            "gross_profit": 37057,
            "gross_margin": 32.81,
            "gross_margin_4q_avg": 23.06,
            "net_income": 19737,
            "revenue": 112948,
            "common_shares": 208941,
            "book_valuer_per_share": 12.57,
            "book_valuer_per_share_4q_avg": 12.7,
            "equity": 262590,
            "current_ratio": 115.05,
            "debt_ratio": 58.1,
            "inventory_turnover_ratio": 1.11,
            "account_receivable_turnover_ratio": null,
            "reinvestment_rate": null,
            "research_to_sale_ratio": null,
            "price_fair": 106.4,
            "eps_avg_yearly": 3.04,
            "eps_latest_yearly": 5.28,
            "eps_growth_yearly": 476.58
        },
        "20033": {
            "year_quarter": 20033,
            "year": 2003,
            "quarter": 3,
            "eps": 1.84,
            "eps_growth_year": 39.39,
            "eps_4q": 1.91,
            "eps_4q_growth_year": -21.15,
            "roe": 13.69,
            "roe_4q": 14.419999999999998,
            "gross_profit": 50208,
            "gross_margin": 29.59,
            "gross_margin_4q_avg": 20.85,
            "net_income": 38497,
            "revenue": 169657,
            "common_shares": 208941,
            "book_valuer_per_share": 14.34,
            "book_valuer_per_share_4q_avg": 13.03,
            "equity": 299650,
            "current_ratio": 109.42,
            "debt_ratio": 58.31,
            "inventory_turnover_ratio": 1.73,
            "account_receivable_turnover_ratio": null,
            "reinvestment_rate": null,
            "research_to_sale_ratio": null,
            "price_fair": 144.2,
            "eps_avg_yearly": 4.12,
            "eps_latest_yearly": 7.36,
            "eps_growth_yearly": 453.18
        },
        "20034": {
            "year_quarter": 20034,
            "year": 2003,
            "quarter": 4,
            "eps": 0.3,
            "eps_growth_year": null,
            "eps_4q": 2.19,
            "eps_4q_growth_year": 7.84,
            "roe": 1.91,
            "roe_4q": 17.599999999999998,
            "gross_profit": 20830,
            "gross_margin": 22.16,
            "gross_margin_4q_avg": 21.56,
            "net_income": 6899,
            "revenue": 93981,
            "common_shares": 282000,
            "book_valuer_per_share": 14.95,
            "book_valuer_per_share_4q_avg": 13.52,
            "equity": 421640,
            "current_ratio": 131.94,
            "debt_ratio": 38.43,
            "inventory_turnover_ratio": 0.96,
            "account_receivable_turnover_ratio": null,
            "reinvestment_rate": null,
            "research_to_sale_ratio": null,
            "price_fair": 123.76,
            "eps_avg_yearly": 3.54,
            "eps_latest_yearly": 1.2,
            "eps_growth_yearly": 295.59
        },
        "20041": {
            "year_quarter": 20041,
            "year": 2004,
            "quarter": 1,
            "eps": 0.07,
            "eps_growth_year": null,
            "eps_4q": 2.29,
            "eps_4q_growth_year": 193.23,
            "roe": 0.49,
            "roe_4q": 23.71,
            "gross_profit": 16306,
            "gross_margin": 22.12,
            "gross_margin_4q_avg": 26.67,
            "net_income": 2057,
            "revenue": 73718,
            "common_shares": 282000,
            "book_valuer_per_share": 14.91,
            "book_valuer_per_share_4q_avg": 14.19,
            "equity": 420512,
            "current_ratio": 132.43,
            "debt_ratio": 41.84,
            "inventory_turnover_ratio": 0.64,
            "account_receivable_turnover_ratio": null,
            "reinvestment_rate": null,
            "research_to_sale_ratio": null,
            "price_fair": 104.77,
            "eps_avg_yearly": 2.99,
            "eps_latest_yearly": 0.28,
            "eps_growth_yearly": 195.21
        },
        "20042": {
            "year_quarter": 20042,
            "year": 2004,
            "quarter": 2,
            "eps": 0.64,
            "eps_growth_year": -31.91,
            "eps_4q": 2.33,
            "eps_4q_growth_year": 67.63,
            "roe": 4.21,
            "roe_4q": 20.3,
            "gross_profit": 32918,
            "gross_margin": 31.34,
            "gross_margin_4q_avg": 26.3,
            "net_income": 17973,
            "revenue": 105045,
            "common_shares": 282000,
            "book_valuer_per_share": 15.38,
            "book_valuer_per_share_4q_avg": 14.9,
            "equity": 433596,
            "current_ratio": 165.81,
            "debt_ratio": 46.32,
            "inventory_turnover_ratio": 0.76,
            "account_receivable_turnover_ratio": null,
            "reinvestment_rate": null,
            "research_to_sale_ratio": null,
            "price_fair": 102.6,
            "eps_avg_yearly": 2.93,
            "eps_latest_yearly": 2.56,
            "eps_growth_yearly": 632.63
        },
        "20043": {
            "year_quarter": 20043,
            "year": 2004,
            "quarter": 3,
            "eps": 0.93,
            "eps_growth_year": -49.46,
            "eps_4q": 1.76,
            "eps_4q_growth_year": -8.1,
            "roe": 6.95,
            "roe_4q": 13.56,
            "gross_profit": 40123,
            "gross_margin": 25.08,
            "gross_margin_4q_avg": 25.18,
            "net_income": 30275,
            "revenue": 159998,
            "common_shares": 326755,
            "book_valuer_per_share": 13.38,
            "book_valuer_per_share_4q_avg": 14.66,
            "equity": 437090,
            "current_ratio": 129.04,
            "debt_ratio": 49.66,
            "inventory_turnover_ratio": 1.44,
            "account_receivable_turnover_ratio": null,
            "reinvestment_rate": null,
            "research_to_sale_ratio": null,
            "price_fair": 106.05,
            "eps_avg_yearly": 3.03,
            "eps_latest_yearly": 3.72,
            "eps_growth_yearly": 576.21
        },
        "20044": {
            "year_quarter": 20044,
            "year": 2004,
            "quarter": 4,
            "eps": 0.67,
            "eps_growth_year": 123.33,
            "eps_4q": 2.24,
            "eps_4q_growth_year": 2.17,
            "roe": 4.86,
            "roe_4q": 16.509999999999998,
            "gross_profit": 34599,
            "gross_margin": 31.8,
            "gross_margin_4q_avg": 27.59,
            "net_income": 21514,
            "revenue": 108815,
            "common_shares": 326755,
            "book_valuer_per_share": 13.71,
            "book_valuer_per_share_4q_avg": 14.35,
            "equity": 447876,
            "current_ratio": 132.66,
            "debt_ratio": 49.02,
            "inventory_turnover_ratio": 0.81,
            "account_receivable_turnover_ratio": null,
            "reinvestment_rate": null,
            "research_to_sale_ratio": null,
            "price_fair": 104.69,
            "eps_avg_yearly": 2.99,
            "eps_latest_yearly": 2.68,
            "eps_growth_yearly": 499.76
        },
        "20051": {
            "year_quarter": 20051,
            "year": 2005,
            "quarter": 1,
            "eps": -0.44,
            "eps_growth_year": -728.57,
            "eps_4q": 1.75,
            "eps_4q_growth_year": -23.59,
            "roe": -3.19,
            "roe_4q": 12.830000000000002,
            "gross_profit": 11520,
            "gross_margin": 14.17,
            "gross_margin_4q_avg": 25.6,
            "net_income": -14034,
            "revenue": 81275,
            "common_shares": 326755,
            "book_valuer_per_share": 13.21,
            "book_valuer_per_share_4q_avg": 13.92,
            "equity": 431622,
            "current_ratio": 105.74,
            "debt_ratio": 51.32,
            "inventory_turnover_ratio": 0.7,
            "account_receivable_turnover_ratio": null,
            "reinvestment_rate": null,
            "research_to_sale_ratio": null,
            "price_fair": 104.69,
            "eps_avg_yearly": 2.99,
            "eps_latest_yearly": 2.68,
            "eps_growth_yearly": 499.76
        },
        "20052": {
            "year_quarter": 20052,
            "year": 2005,
            "quarter": 2,
            "eps": -0.25,
            "eps_growth_year": -139.06,
            "eps_4q": 0.92,
            "eps_4q_growth_year": -60.72,
            "roe": -1.91,
            "roe_4q": 6.710000000000001,
            "gross_profit": -2639,
            "gross_margin": -3.89,
            "gross_margin_4q_avg": 16.79,
            "net_income": -7849,
            "revenue": 67909,
            "common_shares": 326755,
            "book_valuer_per_share": 11.97,
            "book_valuer_per_share_4q_avg": 13.07,
            "equity": 391266,
            "current_ratio": 72.92,
            "debt_ratio": 54.91,
            "inventory_turnover_ratio": 0.77,
            "account_receivable_turnover_ratio": null,
            "reinvestment_rate": 215.12,
            "research_to_sale_ratio": null,
            "price_fair": 104.69,
            "eps_avg_yearly": 2.99,
            "eps_latest_yearly": 2.68,
            "eps_growth_yearly": 499.76
        },
        "20053": {
            "year_quarter": 20053,
            "year": 2005,
            "quarter": 3,
            "eps": 0.58,
            "eps_growth_year": -37.63,
            "eps_4q": 0.57,
            "eps_4q_growth_year": -67.62,
            "roe": 4.8,
            "roe_4q": 4.5600000000000005,
            "gross_profit": 10079,
            "gross_margin": 7.48,
            "gross_margin_4q_avg": 12.39,
            "net_income": 19590,
            "revenue": 134829,
            "common_shares": 345187,
            "book_valuer_per_share": 12.32,
            "book_valuer_per_share_4q_avg": 12.8,
            "equity": 425392,
            "current_ratio": 79.69,
            "debt_ratio": 56.77,
            "inventory_turnover_ratio": 1.39,
            "account_receivable_turnover_ratio": null,
            "reinvestment_rate": 83.61,
            "research_to_sale_ratio": null,
            "price_fair": 104.69,
            "eps_avg_yearly": 2.99,
            "eps_latest_yearly": 2.68,
            "eps_growth_yearly": 499.76
        },
        "20054": {
            "year_quarter": 20054,
            "year": 2005,
            "quarter": 4,
            "eps": -0.52,
            "eps_growth_year": -177.61,
            "eps_4q": -0.58,
            "eps_4q_growth_year": -125.93,
            "roe": -4.16,
            "roe_4q": -4.46,
            "gross_profit": -1388,
            "gross_margin": -1.36,
            "gross_margin_4q_avg": 4.1,
            "net_income": -17292,
            "revenue": 102208,
            "common_shares": 345187,
            "book_valuer_per_share": 11.77,
            "book_valuer_per_share_4q_avg": 12.32,
            "equity": 406391,
            "current_ratio": 84.12,
            "debt_ratio": 57.73,
            "inventory_turnover_ratio": 1.05,
            "account_receivable_turnover_ratio": null,
            "reinvestment_rate": 195.76,
            "research_to_sale_ratio": null,
            "price_fair": 104.69,
            "eps_avg_yearly": 2.99,
            "eps_latest_yearly": 2.68,
            "eps_growth_yearly": 499.76
        },
        "20061": {
            "year_quarter": 20061,
            "year": 2006,
            "quarter": 1,
            "eps": -0.5,
            "eps_growth_year": null,
            "eps_4q": -0.66,
            "eps_4q_growth_year": -137.67,
            "roe": -4.06,
            "roe_4q": -5.329999999999999,
            "gross_profit": -2668,
            "gross_margin": -4.5,
            "gross_margin_4q_avg": -0.57,
            "net_income": -17546,
            "revenue": 59242,
            "common_shares": 415187,
            "book_valuer_per_share": 11.02,
            "book_valuer_per_share_4q_avg": 11.77,
            "equity": 457625,
            "current_ratio": 84.49,
            "debt_ratio": 53.17,
            "inventory_turnover_ratio": 0.66,
            "account_receivable_turnover_ratio": null,
            "reinvestment_rate": 155.67,
            "research_to_sale_ratio": null,
            "price_fair": 107.28,
            "eps_avg_yearly": 3.07,
            "eps_latest_yearly": 2.68,
            "eps_growth_yearly": 496.85
        },
        "20062": {
            "year_quarter": 20062,
            "year": 2006,
            "quarter": 2,
            "eps": -0.17,
            "eps_growth_year": null,
            "eps_4q": -0.52,
            "eps_4q_growth_year": -157.03,
            "roe": -1.41,
            "roe_4q": -4.829999999999999,
            "gross_profit": 2178,
            "gross_margin": 2.41,
            "gross_margin_4q_avg": 1.01,
            "net_income": -6425,
            "revenue": 90374,
            "common_shares": 415187,
            "book_valuer_per_share": 10.87,
            "book_valuer_per_share_4q_avg": 11.5,
            "equity": 451384,
            "current_ratio": 76.09,
            "debt_ratio": 50.47,
            "inventory_turnover_ratio": 1.13,
            "account_receivable_turnover_ratio": null,
            "reinvestment_rate": 123.34,
            "research_to_sale_ratio": null,
            "price_fair": 115.4,
            "eps_avg_yearly": 3.3,
            "eps_latest_yearly": 2.68,
            "eps_growth_yearly": 590.68
        },
        "20063": {
            "year_quarter": 20063,
            "year": 2006,
            "quarter": 3,
            "eps": 0.19,
            "eps_growth_year": -67.24,
            "eps_4q": -0.87,
            "eps_4q_growth_year": -252.99,
            "roe": 1.61,
            "roe_4q": -8.02,
            "gross_profit": 6386,
            "gross_margin": 4.68,
            "gross_margin_4q_avg": 0.31,
            "net_income": 7392,
            "revenue": 136453,
            "common_shares": 415187,
            "book_valuer_per_share": 11.24,
            "book_valuer_per_share_4q_avg": 11.23,
            "equity": 466503,
            "current_ratio": 75.15,
            "debt_ratio": 52.72,
            "inventory_turnover_ratio": 1.56,
            "account_receivable_turnover_ratio": null,
            "reinvestment_rate": 144.28,
            "research_to_sale_ratio": null,
            "price_fair": 103.83,
            "eps_avg_yearly": 2.97,
            "eps_latest_yearly": 2.68,
            "eps_growth_yearly": 511.35
        },
        "20064": {
            "year_quarter": 20064,
            "year": 2006,
            "quarter": 4,
            "eps": -0.82,
            "eps_growth_year": null,
            "eps_4q": -1.24,
            "eps_4q_growth_year": null,
            "roe": -7.13,
            "roe_4q": -10.989999999999998,
            "gross_profit": 2265,
            "gross_margin": 2.7,
            "gross_margin_4q_avg": 1.32,
            "net_income": -32066,
            "revenue": 83960,
            "common_shares": 415187,
            "book_valuer_per_share": 10.42,
            "book_valuer_per_share_4q_avg": 10.89,
            "equity": 432798,
            "current_ratio": 77.55,
            "debt_ratio": 49.61,
            "inventory_turnover_ratio": 0.85,
            "account_receivable_turnover_ratio": null,
            "reinvestment_rate": 338.18,
            "research_to_sale_ratio": null,
            "price_fair": 103.83,
            "eps_avg_yearly": 2.97,
            "eps_latest_yearly": 2.68,
            "eps_growth_yearly": 511.35
        },
        "20071": {
            "year_quarter": 20071,
            "year": 2007,
            "quarter": 1,
            "eps": -0.45,
            "eps_growth_year": null,
            "eps_4q": -1.22,
            "eps_4q_growth_year": null,
            "roe": -4.27,
            "roe_4q": -11.2,
            "gross_profit": -3634,
            "gross_margin": -5.49,
            "gross_margin_4q_avg": 1.08,
            "net_income": -18200,
            "revenue": 66226,
            "common_shares": 415187,
            "book_valuer_per_share": 10.12,
            "book_valuer_per_share_4q_avg": 10.66,
            "equity": 420349,
            "current_ratio": 56.69,
            "debt_ratio": 53.01,
            "inventory_turnover_ratio": 0.79,
            "account_receivable_turnover_ratio": null,
            "reinvestment_rate": 301.36,
            "research_to_sale_ratio": null,
            "price_fair": 103.83,
            "eps_avg_yearly": 2.97,
            "eps_latest_yearly": 2.68,
            "eps_growth_yearly": 511.35
        },
        "20072": {
            "year_quarter": 20072,
            "year": 2007,
            "quarter": 2,
            "eps": -0.36,
            "eps_growth_year": null,
            "eps_4q": -0.96,
            "eps_4q_growth_year": null,
            "roe": -3.31,
            "roe_4q": -13.100000000000001,
            "gross_profit": -12149,
            "gross_margin": -13.6,
            "gross_margin_4q_avg": -2.93,
            "net_income": -15929,
            "revenue": 89301,
            "common_shares": 615187,
            "book_valuer_per_share": 8.83,
            "book_valuer_per_share_4q_avg": 10.15,
            "equity": 543479,
            "current_ratio": 91.75,
            "debt_ratio": 47.49,
            "inventory_turnover_ratio": 1.29,
            "account_receivable_turnover_ratio": null,
            "reinvestment_rate": 903.86,
            "research_to_sale_ratio": null,
            "price_fair": 103.83,
            "eps_avg_yearly": 2.97,
            "eps_latest_yearly": 2.68,
            "eps_growth_yearly": 511.35
        },
        "20073": {
            "year_quarter": 20073,
            "year": 2007,
            "quarter": 3,
            "eps": -0.3,
            "eps_growth_year": -257.89,
            "eps_4q": -1.32,
            "eps_4q_growth_year": null,
            "roe": -2.76,
            "roe_4q": -17.47,
            "gross_profit": -553,
            "gross_margin": -0.57,
            "gross_margin_4q_avg": -4.24,
            "net_income": -14833,
            "revenue": 97522,
            "common_shares": 615187,
            "book_valuer_per_share": 8.63,
            "book_valuer_per_share_4q_avg": 9.5,
            "equity": 530953,
            "current_ratio": 85.02,
            "debt_ratio": 45.62,
            "inventory_turnover_ratio": 1.3,
            "account_receivable_turnover_ratio": null,
            "reinvestment_rate": null,
            "research_to_sale_ratio": null,
            "price_fair": 73.08,
            "eps_avg_yearly": 2.09,
            "eps_latest_yearly": 2.68,
            "eps_growth_yearly": 537.02
        },
        "20074": {
            "year_quarter": 20074,
            "year": 2007,
            "quarter": 4,
            "eps": -0.9,
            "eps_growth_year": null,
            "eps_4q": -1.84,
            "eps_4q_growth_year": null,
            "roe": -9.33,
            "roe_4q": -19.67,
            "gross_profit": -11937,
            "gross_margin": -17.65,
            "gross_margin_4q_avg": -9.33,
            "net_income": -47626,
            "revenue": 67634,
            "common_shares": 605187,
            "book_valuer_per_share": 8.09,
            "book_valuer_per_share_4q_avg": 8.92,
            "equity": 489579,
            "current_ratio": 110.21,
            "debt_ratio": 41.66,
            "inventory_turnover_ratio": 1.04,
            "account_receivable_turnover_ratio": null,
            "reinvestment_rate": null,
            "research_to_sale_ratio": null,
            "price_fair": 80.85,
            "eps_avg_yearly": 2.31,
            "eps_latest_yearly": 2.68,
            "eps_growth_yearly": 754.97
        },
        "20081": {
            "year_quarter": 20081,
            "year": 2008,
            "quarter": 1,
            "eps": -0.45,
            "eps_growth_year": null,
            "eps_4q": -1.76,
            "eps_4q_growth_year": null,
            "roe": -5.48,
            "roe_4q": -20.88,
            "gross_profit": -12252,
            "gross_margin": -17.66,
            "gross_margin_4q_avg": -12.37,
            "net_income": -26947,
            "revenue": 69361,
            "common_shares": 605187,
            "book_valuer_per_share": 8.15,
            "book_valuer_per_share_4q_avg": 8.43,
            "equity": 493008,
            "current_ratio": 120,
            "debt_ratio": 41.08,
            "inventory_turnover_ratio": 0.96,
            "account_receivable_turnover_ratio": null,
            "reinvestment_rate": null,
            "research_to_sale_ratio": null,
            "price_fair": 104.53,
            "eps_avg_yearly": 2.99,
            "eps_latest_yearly": 2.68,
            "eps_growth_yearly": 1108.85
        },
        "20082": {
            "year_quarter": 20082,
            "year": 2008,
            "quarter": 2,
            "eps": -0.4,
            "eps_growth_year": null,
            "eps_4q": -1.18,
            "eps_4q_growth_year": null,
            "roe": -4.9,
            "roe_4q": -22.47,
            "gross_profit": -11108,
            "gross_margin": -15.8,
            "gross_margin_4q_avg": -12.92,
            "net_income": -29603,
            "revenue": 70306,
            "common_shares": 1005187,
            "book_valuer_per_share": 7.12,
            "book_valuer_per_share_4q_avg": 8,
            "equity": 716174,
            "current_ratio": 221.35,
            "debt_ratio": 29.71,
            "inventory_turnover_ratio": 0.88,
            "account_receivable_turnover_ratio": null,
            "reinvestment_rate": null,
            "research_to_sale_ratio": null,
            "price_fair": 112,
            "eps_avg_yearly": 3.2,
            "eps_latest_yearly": 2.68,
            "eps_growth_yearly": 34.71
        },
        "20083": {
            "year_quarter": 20083,
            "year": 2008,
            "quarter": 3,
            "eps": -0.22,
            "eps_growth_year": null,
            "eps_4q": -1.22,
            "eps_4q_growth_year": null,
            "roe": -2.56,
            "roe_4q": -22.270000000000003,
            "gross_profit": -8647,
            "gross_margin": -10.82,
            "gross_margin_4q_avg": -15.48,
            "net_income": -18270,
            "revenue": 79896,
            "common_shares": 1005187,
            "book_valuer_per_share": 7.08,
            "book_valuer_per_share_4q_avg": 7.61,
            "equity": 711816,
            "current_ratio": 250.57,
            "debt_ratio": 25.79,
            "inventory_turnover_ratio": 0.94,
            "account_receivable_turnover_ratio": null,
            "reinvestment_rate": null,
            "research_to_sale_ratio": null,
            "price_fair": 8.04,
            "eps_avg_yearly": 2.68,
            "eps_latest_yearly": 2.68,
            "eps_growth_yearly": -111.83
        },
        "20084": {
            "year_quarter": 20084,
            "year": 2008,
            "quarter": 4,
            "eps": -0.45,
            "eps_growth_year": null,
            "eps_4q": -1.31,
            "eps_4q_growth_year": null,
            "roe": -5.71,
            "roe_4q": -18.65,
            "gross_profit": -15686,
            "gross_margin": -29.63,
            "gross_margin_4q_avg": -18.48,
            "net_income": -39703,
            "revenue": 52942,
            "common_shares": 1005187,
            "book_valuer_per_share": 6.75,
            "book_valuer_per_share_4q_avg": 7.28,
            "equity": 678636,
            "current_ratio": 257.9,
            "debt_ratio": 22.45,
            "inventory_turnover_ratio": 0.79,
            "account_receivable_turnover_ratio": 1.3,
            "reinvestment_rate": null,
            "research_to_sale_ratio": null,
            "price_fair": 0,
            "eps_avg_yearly": 0,
            "eps_latest_yearly": 0,
            "eps_growth_yearly": 0
        },
        "20091": {
            "year_quarter": 20091,
            "year": 2009,
            "quarter": 1,
            "eps": -0.24,
            "eps_growth_year": null,
            "eps_4q": -1.11,
            "eps_4q_growth_year": null,
            "roe": -3.53,
            "roe_4q": -16.700000000000003,
            "gross_profit": -10100,
            "gross_margin": -23.57,
            "gross_margin_4q_avg": -19.96,
            "net_income": -23640,
            "revenue": 42860,
            "common_shares": 1005187,
            "book_valuer_per_share": 6.59,
            "book_valuer_per_share_4q_avg": 6.89,
            "equity": 662479,
            "current_ratio": 297.09,
            "debt_ratio": 20.27,
            "inventory_turnover_ratio": 0.69,
            "account_receivable_turnover_ratio": 1.05,
            "reinvestment_rate": null,
            "research_to_sale_ratio": null,
            "price_fair": 0,
            "eps_avg_yearly": 0,
            "eps_latest_yearly": 0,
            "eps_growth_yearly": 0
        },
        "20092": {
            "year_quarter": 20092,
            "year": 2009,
            "quarter": 2,
            "eps": -0.11,
            "eps_growth_year": null,
            "eps_4q": -0.92,
            "eps_4q_growth_year": null,
            "roe": -1.62,
            "roe_4q": -13.42,
            "gross_profit": 159,
            "gross_margin": 0.22,
            "gross_margin_4q_avg": -15.95,
            "net_income": -10592,
            "revenue": 70853,
            "common_shares": 1005187,
            "book_valuer_per_share": 6.41,
            "book_valuer_per_share_4q_avg": 6.71,
            "equity": 643895,
            "current_ratio": 311.02,
            "debt_ratio": 19.1,
            "inventory_turnover_ratio": 1.17,
            "account_receivable_turnover_ratio": 1.79,
            "reinvestment_rate": null,
            "research_to_sale_ratio": null,
            "price_fair": 0,
            "eps_avg_yearly": 0,
            "eps_latest_yearly": 0,
            "eps_growth_yearly": 0
        },
        "20093": {
            "year_quarter": 20093,
            "year": 2009,
            "quarter": 3,
            "eps": 0.31,
            "eps_growth_year": null,
            "eps_4q": -0.83,
            "eps_4q_growth_year": null,
            "roe": 3.1,
            "roe_4q": -7.76,
            "gross_profit": 40085,
            "gross_margin": 24.72,
            "gross_margin_4q_avg": -7.07,
            "net_income": 20107,
            "revenue": 162165,
            "common_shares": 638631,
            "book_valuer_per_share": 10.25,
            "book_valuer_per_share_4q_avg": 7.5,
            "equity": 654771,
            "current_ratio": 133.9,
            "debt_ratio": 40.26,
            "inventory_turnover_ratio": 1.86,
            "account_receivable_turnover_ratio": 1.26,
            "reinvestment_rate": null,
            "research_to_sale_ratio": null,
            "price_fair": 0,
            "eps_avg_yearly": 0,
            "eps_latest_yearly": 0,
            "eps_growth_yearly": 0
        },
        "20094": {
            "year_quarter": 20094,
            "year": 2009,
            "quarter": 4,
            "eps": 0.28,
            "eps_growth_year": null,
            "eps_4q": 0.06,
            "eps_4q_growth_year": null,
            "roe": 2.73,
            "roe_4q": 0.6800000000000002,
            "gross_profit": 28483,
            "gross_margin": 21.03,
            "gross_margin_4q_avg": 5.6,
            "net_income": 18057,
            "revenue": 135462,
            "common_shares": 638631,
            "book_valuer_per_share": 10.5,
            "book_valuer_per_share_4q_avg": 8.44,
            "equity": 670299,
            "current_ratio": 225.93,
            "debt_ratio": 37.24,
            "inventory_turnover_ratio": 1.28,
            "account_receivable_turnover_ratio": 1.59,
            "reinvestment_rate": null,
            "research_to_sale_ratio": null,
            "price_fair": 3.36,
            "eps_avg_yearly": 1.12,
            "eps_latest_yearly": 1.12,
            "eps_growth_yearly": -38.71
        },
        "20101": {
            "year_quarter": 20101,
            "year": 2010,
            "quarter": 1,
            "eps": null,
            "eps_growth_year": null,
            "eps_4q": null,
            "eps_4q_growth_year": null,
            "roe": null,
            "roe_4q": 4.21,
            "gross_profit": 36930,
            "gross_margin": null,
            "gross_margin_4q_avg": 11.49,
            "net_income": 17872,
            "revenue": 156138,
            "common_shares": 638631,
            "book_valuer_per_share": 10.73,
            "book_valuer_per_share_4q_avg": 9.47,
            "equity": 685150,
            "current_ratio": 203.32,
            "debt_ratio": 38.26,
            "inventory_turnover_ratio": null,
            "account_receivable_turnover_ratio": null,
            "reinvestment_rate": null,
            "research_to_sale_ratio": null,
            "price_fair": 3.36,
            "eps_avg_yearly": 1.12,
            "eps_latest_yearly": 1.12,
            "eps_growth_yearly": -38.71
        },
        "20102": {
            "year_quarter": 20102,
            "year": 2010,
            "quarter": 2,
            "eps": 0.52,
            "eps_growth_year": null,
            "eps_4q": 1.11,
            "eps_4q_growth_year": null,
            "roe": 4.66,
            "roe_4q": 10.49,
            "gross_profit": 56225,
            "gross_margin": 29.52,
            "gross_margin_4q_avg": 18.82,
            "net_income": 32901,
            "revenue": 190486,
            "common_shares": 638631,
            "book_valuer_per_share": 11.4,
            "book_valuer_per_share_4q_avg": 10.72,
            "equity": 728208,
            "current_ratio": 197.88,
            "debt_ratio": 38.12,
            "inventory_turnover_ratio": 1.23,
            "account_receivable_turnover_ratio": 1.77,
            "reinvestment_rate": null,
            "research_to_sale_ratio": null,
            "price_fair": 3.36,
            "eps_avg_yearly": 1.12,
            "eps_latest_yearly": 1.12,
            "eps_growth_yearly": -38.71
        },
        "20103": {
            "year_quarter": 20103,
            "year": 2010,
            "quarter": 3,
            "eps": 0.53,
            "eps_growth_year": 72.25,
            "eps_4q": 1.3,
            "eps_4q_growth_year": null,
            "roe": 4.69,
            "roe_4q": 12.080000000000002,
            "gross_profit": 59933,
            "gross_margin": 29.69,
            "gross_margin_4q_avg": 20.06,
            "net_income": 35556,
            "revenue": 201840,
            "common_shares": 665881,
            "book_valuer_per_share": 11.84,
            "book_valuer_per_share_4q_avg": 11.12,
            "equity": 788563,
            "current_ratio": 176.81,
            "debt_ratio": 37.69,
            "inventory_turnover_ratio": 0.96,
            "account_receivable_turnover_ratio": 0.92,
            "reinvestment_rate": null,
            "research_to_sale_ratio": 0.85,
            "price_fair": 4.86,
            "eps_avg_yearly": 1.62,
            "eps_latest_yearly": 2.12,
            "eps_growth_yearly": -15.51
        },
        "20104": {
            "year_quarter": 20104,
            "year": 2010,
            "quarter": 4,
            "eps": -0.15,
            "eps_growth_year": -153.19,
            "eps_4q": 0.88,
            "eps_4q_growth_year": 1327.89,
            "roe": -1.29,
            "roe_4q": 8.06,
            "gross_profit": 27153,
            "gross_margin": 15.23,
            "gross_margin_4q_avg": 18.61,
            "net_income": -9917,
            "revenue": 178247,
            "common_shares": 665881,
            "book_valuer_per_share": 11.24,
            "book_valuer_per_share_4q_avg": 11.3,
            "equity": 748552,
            "current_ratio": 153.04,
            "debt_ratio": 40.82,
            "inventory_turnover_ratio": 0.85,
            "account_receivable_turnover_ratio": 0.81,
            "reinvestment_rate": null,
            "research_to_sale_ratio": 1.05,
            "price_fair": 4.86,
            "eps_avg_yearly": 1.62,
            "eps_latest_yearly": 2.12,
            "eps_growth_yearly": -15.51
        },
        "20111": {
            "year_quarter": 20111,
            "year": 2011,
            "quarter": 1,
            "eps": -0.08,
            "eps_growth_year": null,
            "eps_4q": 0.8,
            "eps_4q_growth_year": null,
            "roe": -0.68,
            "roe_4q": 7.380000000000001,
            "gross_profit": 27696,
            "gross_margin": 17.29,
            "gross_margin_4q_avg": 22.93,
            "net_income": -5061,
            "revenue": 160186,
            "common_shares": 665881,
            "book_valuer_per_share": 11.27,
            "book_valuer_per_share_4q_avg": 11.44,
            "equity": 750518,
            "current_ratio": 149.28,
            "debt_ratio": 37.91,
            "inventory_turnover_ratio": 0.71,
            "account_receivable_turnover_ratio": 0.76,
            "reinvestment_rate": null,
            "research_to_sale_ratio": 1.23,
            "price_fair": 4.86,
            "eps_avg_yearly": 1.62,
            "eps_latest_yearly": 2.12,
            "eps_growth_yearly": -15.51
        },
        "20112": {
            "year_quarter": 20112,
            "year": 2011,
            "quarter": 2,
            "eps": 0.08,
            "eps_growth_year": -83.63,
            "eps_4q": 0.39,
            "eps_4q_growth_year": -64.65,
            "roe": 0.76,
            "roe_4q": 3.4800000000000004,
            "gross_profit": 30715,
            "gross_margin": 15.75,
            "gross_margin_4q_avg": 19.49,
            "net_income": 5615,
            "revenue": 194960,
            "common_shares": 665881,
            "book_valuer_per_share": 10.81,
            "book_valuer_per_share_4q_avg": 11.29,
            "equity": 719561,
            "current_ratio": 134.88,
            "debt_ratio": 42.79,
            "inventory_turnover_ratio": 0.82,
            "account_receivable_turnover_ratio": 0.88,
            "reinvestment_rate": null,
            "research_to_sale_ratio": 1,
            "price_fair": 4.86,
            "eps_avg_yearly": 1.62,
            "eps_latest_yearly": 2.12,
            "eps_growth_yearly": -15.51
        },
        "20113": {
            "year_quarter": 20113,
            "year": 2011,
            "quarter": 3,
            "eps": 0.15,
            "eps_growth_year": -71.37,
            "eps_4q": 0.01,
            "eps_4q_growth_year": -99.06,
            "roe": 1.38,
            "roe_4q": 0.16999999999999948,
            "gross_profit": 29980,
            "gross_margin": 16.08,
            "gross_margin_4q_avg": 16.09,
            "net_income": 10180,
            "revenue": 186484,
            "common_shares": 665881,
            "book_valuer_per_share": 11.34,
            "book_valuer_per_share_4q_avg": 11.17,
            "equity": 755329,
            "current_ratio": 123.94,
            "debt_ratio": 43.85,
            "inventory_turnover_ratio": 0.68,
            "account_receivable_turnover_ratio": 0.82,
            "reinvestment_rate": null,
            "research_to_sale_ratio": 1.39,
            "price_fair": 44.8,
            "eps_avg_yearly": 1.28,
            "eps_latest_yearly": 0.6,
            "eps_growth_yearly": 106.33
        },
        "20114": {
            "year_quarter": 20114,
            "year": 2011,
            "quarter": 4,
            "eps": -0.76,
            "eps_growth_year": null,
            "eps_4q": -0.59,
            "eps_4q_growth_year": -167.58,
            "roe": -6.88,
            "roe_4q": -5.42,
            "gross_profit": 987,
            "gross_margin": 0.57,
            "gross_margin_4q_avg": 12.42,
            "net_income": -50293,
            "revenue": 174645,
            "common_shares": 665881,
            "book_valuer_per_share": 10.6,
            "book_valuer_per_share_4q_avg": 11.01,
            "equity": 705876,
            "current_ratio": 133.79,
            "debt_ratio": 45.52,
            "inventory_turnover_ratio": 0.72,
            "account_receivable_turnover_ratio": 0.8,
            "reinvestment_rate": null,
            "research_to_sale_ratio": 1.68,
            "price_fair": 44.8,
            "eps_avg_yearly": 1.28,
            "eps_latest_yearly": 0.6,
            "eps_growth_yearly": 106.33
        },
        "20121": {
            "year_quarter": 20121,
            "year": 2012,
            "quarter": 1,
            "eps": -0.41,
            "eps_growth_year": null,
            "eps_4q": -0.92,
            "eps_4q_growth_year": -214.97,
            "roe": -3.92,
            "roe_4q": -8.660000000000002,
            "gross_profit": 16978,
            "gross_margin": 9.29,
            "gross_margin_4q_avg": 10.42,
            "net_income": -26989,
            "revenue": 182660,
            "common_shares": 665881,
            "book_valuer_per_share": 10.06,
            "book_valuer_per_share_4q_avg": 10.7,
            "equity": 670176,
            "current_ratio": 119.44,
            "debt_ratio": 49.45,
            "inventory_turnover_ratio": 0.74,
            "account_receivable_turnover_ratio": 0.83,
            "reinvestment_rate": null,
            "research_to_sale_ratio": 2.16,
            "price_fair": 44.8,
            "eps_avg_yearly": 1.28,
            "eps_latest_yearly": 0.6,
            "eps_growth_yearly": 106.33
        },
        "20122": {
            "year_quarter": 20122,
            "year": 2012,
            "quarter": 2,
            "eps": -0.1,
            "eps_growth_year": -216.05,
            "eps_4q": -1.11,
            "eps_4q_growth_year": -381.06,
            "roe": -0.98,
            "roe_4q": -10.400000000000002,
            "gross_profit": 30483,
            "gross_margin": 14.28,
            "gross_margin_4q_avg": 10.06,
            "net_income": -6516,
            "revenue": 213486,
            "common_shares": 665881,
            "book_valuer_per_share": 9.98,
            "book_valuer_per_share_4q_avg": 10.5,
            "equity": 664715,
            "current_ratio": 113.84,
            "debt_ratio": 49.34,
            "inventory_turnover_ratio": 0.89,
            "account_receivable_turnover_ratio": 0.94,
            "reinvestment_rate": null,
            "research_to_sale_ratio": 1.42,
            "price_fair": 44.8,
            "eps_avg_yearly": 1.28,
            "eps_latest_yearly": 0.6,
            "eps_growth_yearly": 106.33
        },
        "20123": {
            "year_quarter": 20123,
            "year": 2012,
            "quarter": 3,
            "eps": -0.05,
            "eps_growth_year": -135.53,
            "eps_4q": -1.31,
            "eps_4q_growth_year": -10799.91,
            "roe": -0.55,
            "roe_4q": -12.33,
            "gross_profit": 34250,
            "gross_margin": 14.89,
            "gross_margin_4q_avg": 9.76,
            "net_income": -3617,
            "revenue": 230071,
            "common_shares": 665881,
            "book_valuer_per_share": 9.89,
            "book_valuer_per_share_4q_avg": 10.13,
            "equity": 658619,
            "current_ratio": 118.88,
            "debt_ratio": 49.57,
            "inventory_turnover_ratio": 1.03,
            "account_receivable_turnover_ratio": 1.01,
            "reinvestment_rate": null,
            "research_to_sale_ratio": 1.41,
            "price_fair": 44.8,
            "eps_avg_yearly": 1.28,
            "eps_latest_yearly": 0.6,
            "eps_growth_yearly": 106.33
        },
        "20124": {
            "year_quarter": 20124,
            "year": 2012,
            "quarter": 4,
            "eps": -0.28,
            "eps_growth_year": null,
            "eps_4q": -0.84,
            "eps_4q_growth_year": null,
            "roe": -2.87,
            "roe_4q": -8.32,
            "gross_profit": 28645,
            "gross_margin": 14.66,
            "gross_margin_4q_avg": 13.28,
            "net_income": -18654,
            "revenue": 195361,
            "common_shares": 665881,
            "book_valuer_per_share": 9.62,
            "book_valuer_per_share_4q_avg": 9.89,
            "equity": 640512,
            "current_ratio": 107.94,
            "debt_ratio": 50.28,
            "inventory_turnover_ratio": 0.88,
            "account_receivable_turnover_ratio": 0.87,
            "reinvestment_rate": null,
            "research_to_sale_ratio": 1.65,
            "price_fair": 44.8,
            "eps_avg_yearly": 1.28,
            "eps_latest_yearly": 0.6,
            "eps_growth_yearly": 106.33
        },
        "20131": {
            "year_quarter": 20131,
            "year": 2013,
            "quarter": 1,
            "eps": -0.01,
            "eps_growth_year": null,
            "eps_4q": -0.44,
            "eps_4q_growth_year": null,
            "roe": -0.12,
            "roe_4q": -4.52,
            "gross_profit": 32293,
            "gross_margin": 15.45,
            "gross_margin_4q_avg": 14.82,
            "net_income": -768,
            "revenue": 209030,
            "common_shares": 665881,
            "book_valuer_per_share": 9.72,
            "book_valuer_per_share_4q_avg": 9.8,
            "equity": 647075,
            "current_ratio": 106.9,
            "debt_ratio": 54.08,
            "inventory_turnover_ratio": 0.89,
            "account_receivable_turnover_ratio": 0.9,
            "reinvestment_rate": 2978.19,
            "research_to_sale_ratio": 2,
            "price_fair": 44.8,
            "eps_avg_yearly": 1.28,
            "eps_latest_yearly": 0.6,
            "eps_growth_yearly": 106.33
        },
        "20132": {
            "year_quarter": 20132,
            "year": 2013,
            "quarter": 2,
            "eps": 0.36,
            "eps_growth_year": null,
            "eps_4q": 0.02,
            "eps_4q_growth_year": null,
            "roe": 3.64,
            "roe_4q": 0.09999999999999987,
            "gross_profit": 59178,
            "gross_margin": 21.72,
            "gross_margin_4q_avg": 16.68,
            "net_income": 24134,
            "revenue": 272478,
            "common_shares": 665881,
            "book_valuer_per_share": 10.18,
            "book_valuer_per_share_4q_avg": 9.85,
            "equity": 678161,
            "current_ratio": 103.44,
            "debt_ratio": 52.54,
            "inventory_turnover_ratio": 1.02,
            "account_receivable_turnover_ratio": 0.98,
            "reinvestment_rate": 662.15,
            "research_to_sale_ratio": 1.36,
            "price_fair": 44.8,
            "eps_avg_yearly": 1.28,
            "eps_latest_yearly": 0.6,
            "eps_growth_yearly": 106.33
        },
        "20133": {
            "year_quarter": 20133,
            "year": 2013,
            "quarter": 3,
            "eps": 0.26,
            "eps_growth_year": null,
            "eps_4q": 0.33,
            "eps_4q_growth_year": null,
            "roe": 2.57,
            "roe_4q": 3.2199999999999998,
            "gross_profit": 60948,
            "gross_margin": 22.96,
            "gross_margin_4q_avg": 18.7,
            "net_income": 17592,
            "revenue": 265500,
            "common_shares": 665881,
            "book_valuer_per_share": 10.39,
            "book_valuer_per_share_4q_avg": 9.98,
            "equity": 691552,
            "current_ratio": 126.83,
            "debt_ratio": 56.88,
            "inventory_turnover_ratio": 1,
            "account_receivable_turnover_ratio": 0.89,
            "reinvestment_rate": 382.13,
            "research_to_sale_ratio": 1.36,
            "price_fair": 42.7,
            "eps_avg_yearly": 1.22,
            "eps_latest_yearly": 1.04,
            "eps_growth_yearly": 51.97
        },
        "20134": {
            "year_quarter": 20134,
            "year": 2013,
            "quarter": 4,
            "eps": 0.42,
            "eps_growth_year": null,
            "eps_4q": 0.99,
            "eps_4q_growth_year": null,
            "roe": 4,
            "roe_4q": 10.090000000000002,
            "gross_profit": 64809,
            "gross_margin": 23.78,
            "gross_margin_4q_avg": 20.98,
            "net_income": 29619,
            "revenue": 272510,
            "common_shares": 665881,
            "book_valuer_per_share": 11.86,
            "book_valuer_per_share_4q_avg": 10.54,
            "equity": 790062,
            "current_ratio": 143.3,
            "debt_ratio": 48.54,
            "inventory_turnover_ratio": 1.04,
            "account_receivable_turnover_ratio": 0.92,
            "reinvestment_rate": 339.96,
            "research_to_sale_ratio": 1.43,
            "price_fair": 47.6,
            "eps_avg_yearly": 1.36,
            "eps_latest_yearly": 1.68,
            "eps_growth_yearly": 123.18
        },
        "20141": {
            "year_quarter": 20141,
            "year": 2014,
            "quarter": 1,
            "eps": 0.01,
            "eps_growth_year": null,
            "eps_4q": 0.99,
            "eps_4q_growth_year": null,
            "roe": 0.11,
            "roe_4q": 10.32,
            "gross_profit": 40537,
            "gross_margin": 15.79,
            "gross_margin_4q_avg": 21.06,
            "net_income": 850,
            "revenue": 256742,
            "common_shares": 724084,
            "book_valuer_per_share": 11.17,
            "book_valuer_per_share_4q_avg": 10.9,
            "equity": 808640,
            "current_ratio": 165.1,
            "debt_ratio": 48.16,
            "inventory_turnover_ratio": 1.05,
            "account_receivable_turnover_ratio": 0.82,
            "reinvestment_rate": 538.72,
            "research_to_sale_ratio": 1.9,
            "price_fair": 33.38,
            "eps_avg_yearly": 1.1,
            "eps_latest_yearly": 0.04,
            "eps_growth_yearly": 20.45
        },
        "20142": {
            "year_quarter": 20142,
            "year": 2014,
            "quarter": 2,
            "eps": 0.41,
            "eps_growth_year": 13.89,
            "eps_4q": 1.01,
            "eps_4q_growth_year": 6060.61,
            "roe": 3.62,
            "roe_4q": 10.3,
            "gross_profit": 81426,
            "gross_margin": 24.95,
            "gross_margin_4q_avg": 21.87,
            "net_income": 30872,
            "revenue": 326353,
            "common_shares": 769709,
            "book_valuer_per_share": 11.64,
            "book_valuer_per_share_4q_avg": 11.27,
            "equity": 896146,
            "current_ratio": 165.08,
            "debt_ratio": 43.75,
            "inventory_turnover_ratio": 1.22,
            "account_receivable_turnover_ratio": 0.95,
            "reinvestment_rate": 513.16,
            "research_to_sale_ratio": 1.21,
            "price_fair": 41.53,
            "eps_avg_yearly": 1.19,
            "eps_latest_yearly": 1.64,
            "eps_growth_yearly": 2683.71
        },
        "20143": {
            "year_quarter": 20143,
            "year": 2014,
            "quarter": 3,
            "eps": 0.33,
            "eps_growth_year": 26.92,
            "eps_4q": 1.09,
            "eps_4q_growth_year": 224.39,
            "roe": 2.7,
            "roe_4q": 10.43,
            "gross_profit": 61859,
            "gross_margin": 22.23,
            "gross_margin_4q_avg": 21.69,
            "net_income": 24942,
            "revenue": 278317,
            "common_shares": 785568,
            "book_valuer_per_share": 12.1,
            "book_valuer_per_share_4q_avg": 11.69,
            "equity": 950311,
            "current_ratio": 160.43,
            "debt_ratio": 43.19,
            "inventory_turnover_ratio": 0.96,
            "account_receivable_turnover_ratio": 0.73,
            "reinvestment_rate": -1733.85,
            "research_to_sale_ratio": 1.28,
            "price_fair": 36.87,
            "eps_avg_yearly": 1.05,
            "eps_latest_yearly": 1.32,
            "eps_growth_yearly": 2669.42
        },
        "20144": {
            "year_quarter": 20144,
            "year": 2014,
            "quarter": 4,
            "eps": 0.24,
            "eps_growth_year": -42.72,
            "eps_4q": 0.97,
            "eps_4q_growth_year": -2.88,
            "roe": 1.95,
            "roe_4q": 8.379999999999999,
            "gross_profit": 55319,
            "gross_margin": 19.68,
            "gross_margin_4q_avg": 20.66,
            "net_income": 18639,
            "revenue": 281112,
            "common_shares": 794084,
            "book_valuer_per_share": 12.32,
            "book_valuer_per_share_4q_avg": 11.81,
            "equity": 960153,
            "current_ratio": 155.14,
            "debt_ratio": 40.28,
            "inventory_turnover_ratio": 0.89,
            "account_receivable_turnover_ratio": 0.72,
            "reinvestment_rate": 336.09,
            "research_to_sale_ratio": 1.31,
            "price_fair": 36.4,
            "eps_avg_yearly": 1.04,
            "eps_latest_yearly": 0.96,
            "eps_growth_yearly": 2272.49
        },
        "20151": {
            "year_quarter": 20151,
            "year": 2015,
            "quarter": 1,
            "eps": -0.16,
            "eps_growth_year": -1700,
            "eps_4q": 0.79,
            "eps_4q_growth_year": -20.16,
            "roe": -1.29,
            "roe_4q": 6.98,
            "gross_profit": 45308,
            "gross_margin": 16.62,
            "gross_margin_4q_avg": 20.87,
            "net_income": -12296,
            "revenue": 272543,
            "common_shares": 798302,
            "book_valuer_per_share": 12.11,
            "book_valuer_per_share_4q_avg": 12.04,
            "equity": 949706,
            "current_ratio": 150.53,
            "debt_ratio": 40.78,
            "inventory_turnover_ratio": 0.88,
            "account_receivable_turnover_ratio": 0.68,
            "reinvestment_rate": 341.03,
            "research_to_sale_ratio": 1.57,
            "price_fair": 36.4,
            "eps_avg_yearly": 1.04,
            "eps_latest_yearly": 0.96,
            "eps_growth_yearly": 2272.49
        },
        "20152": {
            "year_quarter": 20152,
            "year": 2015,
            "quarter": 2,
            "eps": 0.08,
            "eps_growth_year": -80.49,
            "eps_4q": 0.48,
            "eps_4q_growth_year": -53.02,
            "roe": 0.66,
            "roe_4q": 4.02,
            "gross_profit": 50009,
            "gross_margin": 16.83,
            "gross_margin_4q_avg": 18.84,
            "net_income": 6146,
            "revenue": 297075,
            "common_shares": 801037,
            "book_valuer_per_share": 11.54,
            "book_valuer_per_share_4q_avg": 12.02,
            "equity": 907314,
            "current_ratio": 134.8,
            "debt_ratio": 45.34,
            "inventory_turnover_ratio": 0.96,
            "account_receivable_turnover_ratio": 0.74,
            "reinvestment_rate": 290.9,
            "research_to_sale_ratio": 1.15,
            "price_fair": 36.4,
            "eps_avg_yearly": 1.04,
            "eps_latest_yearly": 0.96,
            "eps_growth_yearly": 2272.49
        },
        "20153": {
            "year_quarter": 20153,
            "year": 2015,
            "quarter": 3,
            "eps": 0.43,
            "eps_growth_year": 30.3,
            "eps_4q": 0.59,
            "eps_4q_growth_year": -45.89,
            "roe": 3.6,
            "roe_4q": 4.92,
            "gross_profit": 55982,
            "gross_margin": 18.2,
            "gross_margin_4q_avg": 17.83,
            "net_income": 33467,
            "revenue": 307648,
            "common_shares": 801037,
            "book_valuer_per_share": 12.16,
            "book_valuer_per_share_4q_avg": 12.03,
            "equity": 950793,
            "current_ratio": 141.13,
            "debt_ratio": 45.24,
            "inventory_turnover_ratio": 0.94,
            "account_receivable_turnover_ratio": 0.74,
            "reinvestment_rate": -723,
            "research_to_sale_ratio": 1.06,
            "price_fair": 42,
            "eps_avg_yearly": 1.2,
            "eps_latest_yearly": 1.72,
            "eps_growth_yearly": 2472.49
        },
        "20154": {
            "year_quarter": 20154,
            "year": 2015,
            "quarter": 4,
            "eps": 0.24,
            "eps_growth_year": 1.74,
            "eps_4q": 0.59,
            "eps_4q_growth_year": -38.62,
            "roe": 1.99,
            "roe_4q": 4.96,
            "gross_profit": 54530,
            "gross_margin": 18.29,
            "gross_margin_4q_avg": 17.49,
            "net_income": 19008,
            "revenue": 298081,
            "common_shares": 801037,
            "book_valuer_per_share": 12.26,
            "book_valuer_per_share_4q_avg": 12.02,
            "equity": 958252,
            "current_ratio": 138.56,
            "debt_ratio": 45.73,
            "inventory_turnover_ratio": 0.83,
            "account_receivable_turnover_ratio": 0.71,
            "reinvestment_rate": 0.94,
            "research_to_sale_ratio": 1.45,
            "price_fair": 40.95,
            "eps_avg_yearly": 1.17,
            "eps_latest_yearly": 0.96,
            "eps_growth_yearly": 2141.34
        },
        "20161": {
            "year_quarter": 20161,
            "year": 2016,
            "quarter": 1,
            "eps": -0.02,
            "eps_growth_year": null,
            "eps_4q": 0.73,
            "eps_4q_growth_year": -7.63,
            "roe": -0.15,
            "roe_4q": 6.1000000000000005,
            "gross_profit": 54175,
            "gross_margin": 19.8,
            "gross_margin_4q_avg": 18.28,
            "net_income": -1411,
            "revenue": 273585,
            "common_shares": 801037,
            "book_valuer_per_share": 12.14,
            "book_valuer_per_share_4q_avg": 12.03,
            "equity": 948924,
            "current_ratio": 141.34,
            "debt_ratio": 45.08,
            "inventory_turnover_ratio": 0.71,
            "account_receivable_turnover_ratio": 0.67,
            "reinvestment_rate": 8.42,
            "research_to_sale_ratio": 1.13,
            "price_fair": 40.95,
            "eps_avg_yearly": 1.17,
            "eps_latest_yearly": 0.96,
            "eps_growth_yearly": 2141.34
        },
        "20162": {
            "year_quarter": 20162,
            "year": 2016,
            "quarter": 2,
            "eps": 0.4,
            "eps_growth_year": 400,
            "eps_4q": 1.04,
            "eps_4q_growth_year": 117.93,
            "roe": 3.26,
            "roe_4q": 8.7,
            "gross_profit": 77035,
            "gross_margin": 14.33,
            "gross_margin_4q_avg": 17.66,
            "net_income": 31001,
            "revenue": 537579,
            "common_shares": 801037,
            "book_valuer_per_share": 12.03,
            "book_valuer_per_share_4q_avg": 12.15,
            "equity": 952183,
            "current_ratio": 160.37,
            "debt_ratio": 53.73,
            "inventory_turnover_ratio": 1.49,
            "account_receivable_turnover_ratio": 1.03,
            "reinvestment_rate": -4.79,
            "research_to_sale_ratio": 0.56,
            "price_fair": 40.95,
            "eps_avg_yearly": 1.17,
            "eps_latest_yearly": 0.96,
            "eps_growth_yearly": 2141.34
        },
        "20163": {
            "year_quarter": 20163,
            "year": 2016,
            "quarter": 3,
            "eps": 0.85,
            "eps_growth_year": 97.67,
            "eps_4q": 1.48,
            "eps_4q_growth_year": 152.29,
            "roe": 7.01,
            "roe_4q": 12.11,
            "gross_profit": 133317,
            "gross_margin": 15.83,
            "gross_margin_4q_avg": 17.06,
            "net_income": 66881,
            "revenue": 841957,
            "common_shares": 811386,
            "book_valuer_per_share": 12.29,
            "book_valuer_per_share_4q_avg": 12.18,
            "equity": 956368,
            "current_ratio": 131.79,
            "debt_ratio": 61.86,
            "inventory_turnover_ratio": 2.33,
            "account_receivable_turnover_ratio": 0.99,
            "reinvestment_rate": -160.47,
            "research_to_sale_ratio": 0.39,
            "price_fair": 49.62,
            "eps_avg_yearly": 1.42,
            "eps_latest_yearly": 3.4,
            "eps_growth_yearly": 1953.41
        },
        "20164": {
            "year_quarter": 20164,
            "year": 2016,
            "quarter": 4,
            "eps": 0.72,
            "eps_growth_year": 193.98,
            "eps_4q": 1.97,
            "eps_4q_growth_year": 231.76,
            "roe": 5.69,
            "roe_4q": 15.809999999999999,
            "gross_profit": 104769,
            "gross_margin": 16.22,
            "gross_margin_4q_avg": 16.55,
            "net_income": 55117,
            "revenue": 645891,
            "common_shares": 814408,
            "book_valuer_per_share": 12.71,
            "book_valuer_per_share_4q_avg": 12.29,
            "equity": 979716,
            "current_ratio": 135.08,
            "debt_ratio": 60.69,
            "inventory_turnover_ratio": 1.84,
            "account_receivable_turnover_ratio": 0.64,
            "reinvestment_rate": 4.38,
            "research_to_sale_ratio": 1.31,
            "price_fair": 54.74,
            "eps_avg_yearly": 1.56,
            "eps_latest_yearly": 2.88,
            "eps_growth_yearly": 1751.95
        },
        "20171": {
            "year_quarter": 20171,
            "year": 2017,
            "quarter": 1,
            "eps": -0.15,
            "eps_growth_year": null,
            "eps_4q": 1.84,
            "eps_4q_growth_year": 151.05,
            "roe": -1.18,
            "roe_4q": 14.78,
            "gross_profit": 93478,
            "gross_margin": 13.14,
            "gross_margin_4q_avg": 14.88,
            "net_income": -11294,
            "revenue": 711230,
            "common_shares": 814408,
            "book_valuer_per_share": 12.2,
            "book_valuer_per_share_4q_avg": 12.31,
            "equity": 940385,
            "current_ratio": 128.93,
            "debt_ratio": 63.95,
            "inventory_turnover_ratio": 2.14,
            "account_receivable_turnover_ratio": 0.7,
            "reinvestment_rate": -1.82,
            "research_to_sale_ratio": 0.82,
            "price_fair": 54.74,
            "eps_avg_yearly": 1.56,
            "eps_latest_yearly": 2.88,
            "eps_growth_yearly": 1751.95
        },
        "20172": {
            "year_quarter": 20172,
            "year": 2017,
            "quarter": 2,
            "eps": 0.19,
            "eps_growth_year": -52.5,
            "eps_4q": 1.51,
            "eps_4q_growth_year": 45.29,
            "roe": 1.54,
            "roe_4q": 13.06,
            "gross_profit": 78122,
            "gross_margin": 11.2,
            "gross_margin_4q_avg": 14.1,
            "net_income": 14381,
            "revenue": 697266,
            "common_shares": 814641,
            "book_valuer_per_share": 11.98,
            "book_valuer_per_share_4q_avg": 12.3,
            "equity": 927855,
            "current_ratio": 116.23,
            "debt_ratio": 67.56,
            "inventory_turnover_ratio": 2.13,
            "account_receivable_turnover_ratio": 0.63,
            "reinvestment_rate": 3.89,
            "research_to_sale_ratio": 0.74,
            "price_fair": 54.74,
            "eps_avg_yearly": 1.56,
            "eps_latest_yearly": 2.88,
            "eps_growth_yearly": 1751.95
        },
        "20173": {
            "year_quarter": 20173,
            "year": 2017,
            "quarter": 3,
            "eps": 0.63,
            "eps_growth_year": -25.88,
            "eps_4q": 1.33,
            "eps_4q_growth_year": -10.42,
            "roe": 5.48,
            "roe_4q": 11.530000000000001,
            "gross_profit": 55865,
            "gross_margin": 11.58,
            "gross_margin_4q_avg": 13.04,
            "net_income": 52798,
            "revenue": 482519,
            "common_shares": 873775,
            "book_valuer_per_share": 11.96,
            "book_valuer_per_share_4q_avg": 12.21,
            "equity": 999280,
            "current_ratio": 128.48,
            "debt_ratio": 57.71,
            "inventory_turnover_ratio": 1.43,
            "account_receivable_turnover_ratio": 0.57,
            "reinvestment_rate": 0.87,
            "research_to_sale_ratio": 1,
            "price_fair": 59.92,
            "eps_avg_yearly": 1.71,
            "eps_latest_yearly": 2.52,
            "eps_growth_yearly": 1855.69
        },
        "20174": {
            "year_quarter": 20174,
            "year": 2017,
            "quarter": 4,
            "eps": 0.13,
            "eps_growth_year": -82.06,
            "eps_4q": 0.79,
            "eps_4q_growth_year": -59.89,
            "roe": 1.07,
            "roe_4q": 6.91,
            "gross_profit": 81060,
            "gross_margin": 21.14,
            "gross_margin_4q_avg": 14.27,
            "net_income": 10849,
            "revenue": 383506,
            "common_shares": 874448,
            "book_valuer_per_share": 12.2,
            "book_valuer_per_share_4q_avg": 12.09,
            "equity": 1032318,
            "current_ratio": 139.25,
            "debt_ratio": 54.67,
            "inventory_turnover_ratio": 0.96,
            "account_receivable_turnover_ratio": 0.75,
            "reinvestment_rate": -7.11,
            "research_to_sale_ratio": 1.21,
            "price_fair": 55.86,
            "eps_avg_yearly": 1.6,
            "eps_latest_yearly": 0.52,
            "eps_growth_yearly": 1799.33
        },
        "20181": {
            "year_quarter": 20181,
            "year": 2018,
            "quarter": 1,
            "eps": -0.27,
            "eps_growth_year": null,
            "eps_4q": 0.66,
            "eps_4q_growth_year": -64.36,
            "roe": -2.2,
            "roe_4q": 5.890000000000001,
            "gross_profit": 48261,
            "gross_margin": 12.62,
            "gross_margin_4q_avg": 14.14,
            "net_income": -22613,
            "revenue": 382290,
            "common_shares": 875021,
            "book_valuer_per_share": 12.08,
            "book_valuer_per_share_4q_avg": 12.06,
            "equity": 1022193,
            "current_ratio": 135.04,
            "debt_ratio": 53.78,
            "inventory_turnover_ratio": 1.06,
            "account_receivable_turnover_ratio": 0.97,
            "reinvestment_rate": -12.42,
            "research_to_sale_ratio": 1.38,
            "price_fair": 61.91,
            "eps_avg_yearly": 1.77,
            "eps_latest_yearly": 0.52,
            "eps_growth_yearly": 2042.64
        },
        "20182": {
            "year_quarter": 20182,
            "year": 2018,
            "quarter": 2,
            "eps": 0.27,
            "eps_growth_year": 42.11,
            "eps_4q": 0.74,
            "eps_4q_growth_year": -50.88,
            "roe": 2.26,
            "roe_4q": 6.61,
            "gross_profit": 51997,
            "gross_margin": 12.41,
            "gross_margin_4q_avg": 14.44,
            "net_income": 23119,
            "revenue": 419046,
            "common_shares": 875021,
            "book_valuer_per_share": 11.96,
            "book_valuer_per_share_4q_avg": 12.05,
            "equity": 1019967,
            "current_ratio": 120.35,
            "debt_ratio": 56.38,
            "inventory_turnover_ratio": 1.15,
            "account_receivable_turnover_ratio": 1.16,
            "reinvestment_rate": 4.77,
            "research_to_sale_ratio": 1.3,
            "price_fair": 62.48,
            "eps_avg_yearly": 1.79,
            "eps_latest_yearly": 0.52,
            "eps_growth_yearly": 297.97
        },
        "20183": {
            "year_quarter": 20183,
            "year": 2018,
            "quarter": 3,
            "eps": -0.11,
            "eps_growth_year": -117.46,
            "eps_4q": 0.03,
            "eps_4q_growth_year": -98.09,
            "roe": -0.97,
            "roe_4q": 0.1599999999999997,
            "gross_profit": 34351,
            "gross_margin": 8.76,
            "gross_margin_4q_avg": 13.73,
            "net_income": -9730,
            "revenue": 392226,
            "common_shares": 891939,
            "book_valuer_per_share": 11.38,
            "book_valuer_per_share_4q_avg": 11.91,
            "equity": 989640,
            "current_ratio": 133.74,
            "debt_ratio": 56.49,
            "inventory_turnover_ratio": 1.11,
            "account_receivable_turnover_ratio": 1.05,
            "reinvestment_rate": -4.26,
            "research_to_sale_ratio": 1.52,
            "price_fair": 64.8,
            "eps_avg_yearly": 1.85,
            "eps_latest_yearly": 0.52,
            "eps_growth_yearly": 351.69
        },
        "20184": {
            "year_quarter": 20184,
            "year": 2018,
            "quarter": 4,
            "eps": -0.02,
            "eps_growth_year": -117.84,
            "eps_4q": -0.12,
            "eps_4q_growth_year": -115.52,
            "roe": 0.01,
            "roe_4q": -0.9000000000000004,
            "gross_profit": 50246,
            "gross_margin": 13.95,
            "gross_margin_4q_avg": 11.94,
            "net_income": 126,
            "revenue": 360128,
            "common_shares": 891939,
            "book_valuer_per_share": 11.39,
            "book_valuer_per_share_4q_avg": 11.7,
            "equity": 992831,
            "current_ratio": 139.28,
            "debt_ratio": 52.97,
            "inventory_turnover_ratio": 0.98,
            "account_receivable_turnover_ratio": 0.91,
            "reinvestment_rate": 12.94,
            "research_to_sale_ratio": 1.25,
            "price_fair": 70,
            "eps_avg_yearly": 2,
            "eps_latest_yearly": 0.52,
            "eps_growth_yearly": 428.49
        },
        "20191": {
            "year_quarter": 20191,
            "year": 2019,
            "quarter": 1,
            "eps": -0.07,
            "eps_growth_year": null,
            "eps_4q": 0.07,
            "eps_4q_growth_year": -89.49,
            "roe": -0.75,
            "roe_4q": 0.5499999999999998,
            "gross_profit": 29886,
            "gross_margin": 8.99,
            "gross_margin_4q_avg": 11.03,
            "net_income": -7500,
            "revenue": 332256,
            "common_shares": 891939,
            "book_valuer_per_share": 11.51,
            "book_valuer_per_share_4q_avg": 11.56,
            "equity": 1001134,
            "current_ratio": 135.63,
            "debt_ratio": 52.29,
            "inventory_turnover_ratio": 0.91,
            "account_receivable_turnover_ratio": 0.86,
            "reinvestment_rate": 13.3,
            "research_to_sale_ratio": 1.35,
            "price_fair": 70,
            "eps_avg_yearly": 2,
            "eps_latest_yearly": 0.52,
            "eps_growth_yearly": 428.49
        },
        "20192": {
            "year_quarter": 20192,
            "year": 2019,
            "quarter": 2,
            "eps": 0.09,
            "eps_growth_year": -66.67,
            "eps_4q": -0.11,
            "eps_4q_growth_year": -114.23,
            "roe": 0.79,
            "roe_4q": -0.9199999999999999,
            "gross_profit": 40173,
            "gross_margin": 11.13,
            "gross_margin_4q_avg": 10.71,
            "net_income": 7875,
            "revenue": 360814,
            "common_shares": 891939,
            "book_valuer_per_share": 11.5,
            "book_valuer_per_share_4q_avg": 11.45,
            "equity": 997999,
            "current_ratio": 146.97,
            "debt_ratio": 49.33,
            "inventory_turnover_ratio": 0.94,
            "account_receivable_turnover_ratio": 1.05,
            "reinvestment_rate": -1.18,
            "research_to_sale_ratio": 1.13,
            "price_fair": 70,
            "eps_avg_yearly": 2,
            "eps_latest_yearly": 0.52,
            "eps_growth_yearly": 428.49
        },
        "20193": {
            "year_quarter": 20193,
            "year": 2019,
            "quarter": 3,
            "eps": -0.14,
            "eps_growth_year": null,
            "eps_4q": -0.14,
            "eps_4q_growth_year": -635.77,
            "roe": -1.21,
            "roe_4q": -1.16,
            "gross_profit": 26744,
            "gross_margin": 9.31,
            "gross_margin_4q_avg": 10.85,
            "net_income": -11903,
            "revenue": 287400,
            "common_shares": 891939,
            "book_valuer_per_share": 11.08,
            "book_valuer_per_share_4q_avg": 11.37,
            "equity": 961582,
            "current_ratio": 151.02,
            "debt_ratio": 43.86,
            "inventory_turnover_ratio": 0.8,
            "account_receivable_turnover_ratio": 0.91,
            "reinvestment_rate": -0.24,
            "research_to_sale_ratio": 1.74,
            "price_fair": 71.96,
            "eps_avg_yearly": 2.06,
            "eps_latest_yearly": 0.52,
            "eps_growth_yearly": 164.19
        },
        "20194": {
            "year_quarter": 20194,
            "year": 2019,
            "quarter": 4,
            "eps": -0.12,
            "eps_growth_year": null,
            "eps_4q": -0.24,
            "eps_4q_growth_year": null,
            "roe": -1.11,
            "roe_4q": -2.2800000000000002,
            "gross_profit": 36651,
            "gross_margin": 11.71,
            "gross_margin_4q_avg": 10.29,
            "net_income": -10616,
            "revenue": 313117,
            "common_shares": 891939,
            "book_valuer_per_share": 10.9,
            "book_valuer_per_share_4q_avg": 11.25,
            "equity": 946207,
            "current_ratio": 158.47,
            "debt_ratio": 44.74,
            "inventory_turnover_ratio": 0.91,
            "account_receivable_turnover_ratio": 1.09,
            "reinvestment_rate": -0.34,
            "research_to_sale_ratio": 2.1,
            "price_fair": 81.55,
            "eps_avg_yearly": 2.33,
            "eps_latest_yearly": 0.52,
            "eps_growth_yearly": 249.42
        },
        "20201": {
            "year_quarter": 20201,
            "year": 2020,
            "quarter": 1,
            "eps": -0.16,
            "eps_growth_year": null,
            "eps_4q": -0.33,
            "eps_4q_growth_year": -574.65,
            "roe": -1.49,
            "roe_4q": -3.02,
            "gross_profit": 16663,
            "gross_margin": 6.59,
            "gross_margin_4q_avg": 9.69,
            "net_income": -13920,
            "revenue": 253039,
            "common_shares": 891939,
            "book_valuer_per_share": 10.66,
            "book_valuer_per_share_4q_avg": 11.04,
            "equity": 924984,
            "current_ratio": 148.95,
            "debt_ratio": 45.45,
            "inventory_turnover_ratio": 0.82,
            "account_receivable_turnover_ratio": 0.89,
            "reinvestment_rate": -10.93,
            "research_to_sale_ratio": 2.39,
            "price_fair": 81.55,
            "eps_avg_yearly": 2.33,
            "eps_latest_yearly": 0.52,
            "eps_growth_yearly": 249.42
        },
        "20202": {
            "year_quarter": 20202,
            "year": 2020,
            "quarter": 2,
            "eps": -0.17,
            "eps_growth_year": -288.89,
            "eps_4q": -0.59,
            "eps_4q_growth_year": null,
            "roe": -1.6,
            "roe_4q": -5.41,
            "gross_profit": 23218,
            "gross_margin": 9.91,
            "gross_margin_4q_avg": 9.38,
            "net_income": -14636,
            "revenue": 234359,
            "common_shares": 891939,
            "book_valuer_per_share": 10.39,
            "book_valuer_per_share_4q_avg": 10.76,
            "equity": 901884,
            "current_ratio": 141.52,
            "debt_ratio": 44.37,
            "inventory_turnover_ratio": 0.76,
            "account_receivable_turnover_ratio": 0.91,
            "reinvestment_rate": -11.5,
            "research_to_sale_ratio": 2.21,
            "price_fair": 81.55,
            "eps_avg_yearly": 2.33,
            "eps_latest_yearly": 0.52,
            "eps_growth_yearly": 249.42
        },
        "20203": {
            "year_quarter": 20203,
            "year": 2020,
            "quarter": 3,
            "eps": -0.13,
            "eps_growth_year": null,
            "eps_4q": -0.58,
            "eps_4q_growth_year": null,
            "roe": -1.25,
            "roe_4q": -5.45,
            "gross_profit": 25478,
            "gross_margin": 8.83,
            "gross_margin_4q_avg": 9.26,
            "net_income": -11277,
            "revenue": 288448,
            "common_shares": 891939,
            "book_valuer_per_share": 10.4,
            "book_valuer_per_share_4q_avg": 10.59,
            "equity": 902330,
            "current_ratio": 142.95,
            "debt_ratio": 43.78,
            "inventory_turnover_ratio": 1.05,
            "account_receivable_turnover_ratio": 1.1,
            "reinvestment_rate": -146.5,
            "research_to_sale_ratio": 1.77,
            "price_fair": 69.07,
            "eps_avg_yearly": 1.97,
            "eps_latest_yearly": 0.52,
            "eps_growth_yearly": 182.56
        },
        "20204": {
            "year_quarter": 20204,
            "year": 2020,
            "quarter": 4,
            "eps": -0.26,
            "eps_growth_year": null,
            "eps_4q": -0.72,
            "eps_4q_growth_year": null,
            "roe": -2.48,
            "roe_4q": -6.82,
            "gross_profit": 40122,
            "gross_margin": 12.42,
            "gross_margin_4q_avg": 9.44,
            "net_income": -22260,
            "revenue": 323150,
            "common_shares": 891939,
            "book_valuer_per_share": 10.31,
            "book_valuer_per_share_4q_avg": 10.44,
            "equity": 895063,
            "current_ratio": 136.3,
            "debt_ratio": 45.78,
            "inventory_turnover_ratio": 1.25,
            "account_receivable_turnover_ratio": 1.04,
            "reinvestment_rate": null,
            "research_to_sale_ratio": 1.56,
            "price_fair": 53.2,
            "eps_avg_yearly": 1.52,
            "eps_latest_yearly": 0.52,
            "eps_growth_yearly": 304.43
        },
        "20211": {
            "year_quarter": 20211,
            "year": 2021,
            "quarter": 1,
            "eps": 0.33,
            "eps_growth_year": null,
            "eps_4q": -0.22,
            "eps_4q_growth_year": null,
            "roe": 3.18,
            "roe_4q": -2.15,
            "gross_profit": 68334,
            "gross_margin": 22,
            "gross_margin_4q_avg": 13.29,
            "net_income": 28817,
            "revenue": 310553,
            "common_shares": 891939,
            "book_valuer_per_share": 10.59,
            "book_valuer_per_share_4q_avg": 10.42,
            "equity": 918783,
            "current_ratio": 139.73,
            "debt_ratio": 45.86,
            "inventory_turnover_ratio": 1,
            "account_receivable_turnover_ratio": 0.91,
            "reinvestment_rate": -529.66,
            "research_to_sale_ratio": 1.2,
            "price_fair": 53.2,
            "eps_avg_yearly": 1.52,
            "eps_latest_yearly": 0.52,
            "eps_growth_yearly": 304.43
        },
        "20212": {
            "year_quarter": 20212,
            "year": 2021,
            "quarter": 2,
            "eps": 0.29,
            "eps_growth_year": null,
            "eps_4q": 0.24,
            "eps_4q_growth_year": null,
            "roe": 2.7,
            "roe_4q": 2.150000000000001,
            "gross_profit": 70604,
            "gross_margin": 20.84,
            "gross_margin_4q_avg": 16.02,
            "net_income": 25124,
            "revenue": 338850,
            "common_shares": 891939,
            "book_valuer_per_share": 10.82,
            "book_valuer_per_share_4q_avg": 10.53,
            "equity": 939461,
            "current_ratio": 138.57,
            "debt_ratio": 46.82,
            "inventory_turnover_ratio": 0.92,
            "account_receivable_turnover_ratio": 0.92,
            "reinvestment_rate": -507.89,
            "research_to_sale_ratio": 0.77,
            "price_fair": 49,
            "eps_avg_yearly": 1.4,
            "eps_latest_yearly": 1.16,
            "eps_growth_yearly": 186.79
        },
        "20213": {
            "year_quarter": 20213,
            "year": 2021,
            "quarter": 3,
            "eps": 0.37,
            "eps_growth_year": null,
            "eps_4q": 0.73,
            "eps_4q_growth_year": null,
            "roe": 3.32,
            "roe_4q": 6.719999999999999,
            "gross_profit": 82715,
            "gross_margin": 25.34,
            "gross_margin_4q_avg": 20.15,
            "net_income": 31712,
            "revenue": 326469,
            "common_shares": 891939,
            "book_valuer_per_share": 11.19,
            "book_valuer_per_share_4q_avg": 10.73,
            "equity": 970784,
            "current_ratio": 156.01,
            "debt_ratio": 46.64,
            "inventory_turnover_ratio": 0.69,
            "account_receivable_turnover_ratio": 0.87,
            "reinvestment_rate": -3843.74,
            "research_to_sale_ratio": 1.28,
            "price_fair": 3.16,
            "eps_avg_yearly": 1.05,
            "eps_latest_yearly": 1.48,
            "eps_growth_yearly": -85.2
        },
        "20214": {
            "year_quarter": 20214,
            "year": 2021,
            "quarter": 4,
            "eps": -0.39,
            "eps_growth_year": null,
            "eps_4q": 0.59,
            "eps_4q_growth_year": null,
            "roe": -3.56,
            "roe_4q": 5.640000000000001,
            "gross_profit": 9814,
            "gross_margin": 4.28,
            "gross_margin_4q_avg": 18.12,
            "net_income": -34102,
            "revenue": 229178,
            "common_shares": 867889,
            "book_valuer_per_share": 10.87,
            "book_valuer_per_share_4q_avg": 10.87,
            "equity": 943066,
            "current_ratio": 155.16,
            "debt_ratio": 46.21,
            "inventory_turnover_ratio": 0.57,
            "account_receivable_turnover_ratio": 0.69,
            "reinvestment_rate": null,
            "research_to_sale_ratio": 1.63,
            "price_fair": 46.2,
            "eps_avg_yearly": 1.32,
            "eps_latest_yearly": 1.48,
            "eps_growth_yearly": 30.93
        },
        "20221": {
            "year_quarter": 20221,
            "year": 2022,
            "quarter": 1,
            "eps": -0.51,
            "eps_growth_year": -254.55,
            "eps_4q": -0.25,
            "eps_4q_growth_year": null,
            "roe": -4.77,
            "roe_4q": -2.3099999999999996,
            "gross_profit": 6741,
            "gross_margin": 2.88,
            "gross_margin_4q_avg": 13.34,
            "net_income": -44423,
            "revenue": 234389,
            "common_shares": 867889,
            "book_valuer_per_share": 10.6,
            "book_valuer_per_share_4q_avg": 10.87,
            "equity": 920087,
            "current_ratio": 158.35,
            "debt_ratio": 44.37,
            "inventory_turnover_ratio": 0.6,
            "account_receivable_turnover_ratio": 0.78,
            "reinvestment_rate": null,
            "research_to_sale_ratio": 1.44,
            "price_fair": 46.2,
            "eps_avg_yearly": 1.32,
            "eps_latest_yearly": 1.48,
            "eps_growth_yearly": 30.93
        },
        "20222": {
            "year_quarter": 20222,
            "year": 2022,
            "quarter": 2,
            "eps": -0.11,
            "eps_growth_year": -137.93,
            "eps_4q": -0.65,
            "eps_4q_growth_year": -377.95,
            "roe": -1.09,
            "roe_4q": -6.1,
            "gross_profit": 23735,
            "gross_margin": 9.96,
            "gross_margin_4q_avg": 10.62,
            "net_income": -9900,
            "revenue": 238388,
            "common_shares": 867889,
            "book_valuer_per_share": 10.39,
            "book_valuer_per_share_4q_avg": 10.76,
            "equity": 901775,
            "current_ratio": 155.98,
            "debt_ratio": 44.74,
            "inventory_turnover_ratio": 0.57,
            "account_receivable_turnover_ratio": 0.75,
            "reinvestment_rate": null,
            "research_to_sale_ratio": 1.36,
            "price_fair": 46.2,
            "eps_avg_yearly": 1.32,
            "eps_latest_yearly": 1.48,
            "eps_growth_yearly": 30.93
        },
        "20223": {
            "year_quarter": 20223,
            "year": 2022,
            "quarter": 3,
            "eps": -0.22,
            "eps_growth_year": -159.46,
            "eps_4q": -1.24,
            "eps_4q_growth_year": -269.74,
            "roe": -2.15,
            "roe_4q": -11.57,
            "gross_profit": 13877,
            "gross_margin": 6.65,
            "gross_margin_4q_avg": 5.94,
            "net_income": -19176,
            "revenue": 208699,
            "common_shares": 867889,
            "book_valuer_per_share": 10.21,
            "book_valuer_per_share_4q_avg": 10.52,
            "equity": 885816,
            "current_ratio": 155.52,
            "debt_ratio": 44.65,
            "inventory_turnover_ratio": 0.53,
            "account_receivable_turnover_ratio": 0.7,
            "reinvestment_rate": null,
            "research_to_sale_ratio": 1.74,
            "price_fair": 46.2,
            "eps_avg_yearly": 1.32,
            "eps_latest_yearly": 1.48,
            "eps_growth_yearly": 30.93
        },
        "20224": {
            "year_quarter": 20224,
            "year": 2022,
            "quarter": 4,
            "eps": -0.86,
            "eps_growth_year": null,
            "eps_4q": -1.71,
            "eps_4q_growth_year": -387.63,
            "roe": -8.87,
            "roe_4q": -16.88,
            "gross_profit": -12925,
            "gross_margin": -6.76,
            "gross_margin_4q_avg": 3.18,
            "net_income": -74779,
            "revenue": 191090,
            "common_shares": 867889,
            "book_valuer_per_share": 9.23,
            "book_valuer_per_share_4q_avg": 10.11,
            "equity": 800771,
            "current_ratio": 148.19,
            "debt_ratio": 46.54,
            "inventory_turnover_ratio": 0.61,
            "account_receivable_turnover_ratio": 0.83,
            "reinvestment_rate": null,
            "research_to_sale_ratio": 2.84,
            "price_fair": 46.2,
            "eps_avg_yearly": 1.32,
            "eps_latest_yearly": 1.48,
            "eps_growth_yearly": 30.93
        },
        "20231": {
            "year_quarter": 20231,
            "year": 2023,
            "quarter": 1,
            "eps": -0.64,
            "eps_growth_year": null,
            "eps_4q": -1.84,
            "eps_4q_growth_year": null,
            "roe": -7.18,
            "roe_4q": -19.289999999999996,
            "gross_profit": -19470,
            "gross_margin": -11.39,
            "gross_margin_4q_avg": -0.38,
            "net_income": -55582,
            "revenue": 170993,
            "common_shares": 867889,
            "book_valuer_per_share": 8.62,
            "book_valuer_per_share_4q_avg": 9.61,
            "equity": 747803,
            "current_ratio": 143.37,
            "debt_ratio": 47.59,
            "inventory_turnover_ratio": 0.67,
            "account_receivable_turnover_ratio": 0.84,
            "reinvestment_rate": null,
            "research_to_sale_ratio": 2.36,
            "price_fair": 46.2,
            "eps_avg_yearly": 1.32,
            "eps_latest_yearly": 1.48,
            "eps_growth_yearly": 30.93
        }
    },
    "months": {
        "2003-03": {
            "month": "2003-03",
            "price": "27.00",
            "revenue": 16340
        },
        "2003-04": {
            "month": "2003-04",
            "price": "25.96",
            "revenue": 33420
        },
        "2003-05": {
            "month": "2003-05",
            "price": "28.66",
            "revenue": 38220
        },
        "2003-06": {
            "month": "2003-06",
            "price": "27.54",
            "revenue": 41307
        },
        "2003-07": {
            "month": "2003-07",
            "price": "26.78",
            "revenue": 51984
        },
        "2003-08": {
            "month": "2003-08",
            "price": "27.48",
            "revenue": 51901
        },
        "2003-09": {
            "month": "2003-09",
            "price": "33.65",
            "revenue": 70040
        },
        "2003-10": {
            "month": "2003-10",
            "price": "42.76",
            "revenue": 47520
        },
        "2003-11": {
            "month": "2003-11",
            "price": "37.64",
            "revenue": 29003
        },
        "2003-12": {
            "month": "2003-12",
            "price": "33.31",
            "revenue": 20958
        },
        "2004-01": {
            "month": "2004-01",
            "price": "28.18",
            "revenue": 25568
        },
        "2004-02": {
            "month": "2004-02",
            "price": "30.47",
            "revenue": 25782
        },
        "2004-03": {
            "month": "2004-03",
            "price": "29.97",
            "revenue": 27574
        },
        "2004-04": {
            "month": "2004-04",
            "price": "32.40",
            "revenue": 27952
        },
        "2004-05": {
            "month": "2004-05",
            "price": "31.60",
            "revenue": 31718
        },
        "2004-06": {
            "month": "2004-06",
            "price": "31.96",
            "revenue": 47172
        },
        "2004-07": {
            "month": "2004-07",
            "price": "28.70",
            "revenue": 55722
        },
        "2004-08": {
            "month": "2004-08",
            "price": "28.86",
            "revenue": 54368
        },
        "2004-09": {
            "month": "2004-09",
            "price": "25.53",
            "revenue": 61971
        },
        "2004-10": {
            "month": "2004-10",
            "price": "22.98",
            "revenue": 48055
        },
        "2004-11": {
            "month": "2004-11",
            "price": "17.83",
            "revenue": 42778
        },
        "2004-12": {
            "month": "2004-12",
            "price": "17.32",
            "revenue": 53346
        },
        "2005-01": {
            "month": "2005-01",
            "price": "17.85",
            "revenue": 43894
        },
        "2005-02": {
            "month": "2005-02",
            "price": "20.21",
            "revenue": 15852
        },
        "2005-03": {
            "month": "2005-03",
            "price": "20.35",
            "revenue": 26913
        },
        "2005-04": {
            "month": "2005-04",
            "price": "19.96",
            "revenue": 22379
        },
        "2005-05": {
            "month": "2005-05",
            "price": "15.76",
            "revenue": 17744
        },
        "2005-06": {
            "month": "2005-06",
            "price": "15.81",
            "revenue": 27785
        },
        "2005-07": {
            "month": "2005-07",
            "price": "15.65",
            "revenue": 41039
        },
        "2005-08": {
            "month": "2005-08",
            "price": "15.19",
            "revenue": 48191
        },
        "2005-09": {
            "month": "2005-09",
            "price": "14.49",
            "revenue": 45598
        },
        "2005-10": {
            "month": "2005-10",
            "price": "12.82",
            "revenue": 21716
        },
        "2005-11": {
            "month": "2005-11",
            "price": "12.23",
            "revenue": 44115
        },
        "2005-12": {
            "month": "2005-12",
            "price": "11.44",
            "revenue": 36376
        },
        "2006-01": {
            "month": "2006-01",
            "price": "12.42",
            "revenue": 12471
        },
        "2006-02": {
            "month": "2006-02",
            "price": "11.61",
            "revenue": 17485
        },
        "2006-03": {
            "month": "2006-03",
            "price": "10.97",
            "revenue": 29284
        },
        "2006-04": {
            "month": "2006-04",
            "price": "11.32",
            "revenue": 15944
        },
        "2006-05": {
            "month": "2006-05",
            "price": "10.36",
            "revenue": 33037
        },
        "2006-06": {
            "month": "2006-06",
            "price": "9.85",
            "revenue": 41390
        },
        "2006-07": {
            "month": "2006-07",
            "price": "9.95",
            "revenue": 41256
        },
        "2006-08": {
            "month": "2006-08",
            "price": "9.76",
            "revenue": 47019
        },
        "2006-09": {
            "month": "2006-09",
            "price": "8.44",
            "revenue": 48177
        },
        "2006-10": {
            "month": "2006-10",
            "price": "8.14",
            "revenue": 27672
        },
        "2006-11": {
            "month": "2006-11",
            "price": "8.27",
            "revenue": 31799
        },
        "2006-12": {
            "month": "2006-12",
            "price": "8.88",
            "revenue": 24488
        },
        "2007-01": {
            "month": "2007-01",
            "price": "7.60",
            "revenue": 23679
        },
        "2007-02": {
            "month": "2007-02",
            "price": "6.92",
            "revenue": 16883
        },
        "2007-03": {
            "month": "2007-03",
            "price": "7.05",
            "revenue": 25663
        },
        "2007-04": {
            "month": "2007-04",
            "price": "9.59",
            "revenue": 31818
        },
        "2007-05": {
            "month": "2007-05",
            "price": "9.34",
            "revenue": 31985
        },
        "2007-06": {
            "month": "2007-06",
            "price": "9.34",
            "revenue": 25499
        },
        "2007-07": {
            "month": "2007-07",
            "price": "11.93",
            "revenue": 33605
        },
        "2007-08": {
            "month": "2007-08",
            "price": "13.78",
            "revenue": 36688
        },
        "2007-09": {
            "month": "2007-09",
            "price": "11.71",
            "revenue": 27228
        },
        "2007-10": {
            "month": "2007-10",
            "price": "10.80",
            "revenue": 26108
        },
        "2007-11": {
            "month": "2007-11",
            "price": "9.44",
            "revenue": 21534
        },
        "2007-12": {
            "month": "2007-12",
            "price": "8.40",
            "revenue": 19992
        },
        "2008-01": {
            "month": "2008-01",
            "price": "8.48",
            "revenue": 31827
        },
        "2008-02": {
            "month": "2008-02",
            "price": "8.75",
            "revenue": 14126
        },
        "2008-03": {
            "month": "2008-03",
            "price": "9.03",
            "revenue": 23407
        },
        "2008-04": {
            "month": "2008-04",
            "price": "8.02",
            "revenue": 22812
        },
        "2008-05": {
            "month": "2008-05",
            "price": "7.63",
            "revenue": 20852
        },
        "2008-06": {
            "month": "2008-06",
            "price": "7.16",
            "revenue": 26009
        },
        "2008-07": {
            "month": "2008-07",
            "price": "6.71",
            "revenue": 33314
        },
        "2008-08": {
            "month": "2008-08",
            "price": "5.89",
            "revenue": 28287
        },
        "2008-09": {
            "month": "2008-09",
            "price": "4.64",
            "revenue": 18460
        },
        "2008-10": {
            "month": "2008-10",
            "price": "3.90",
            "revenue": 16292
        },
        "2008-11": {
            "month": "2008-11",
            "price": "3.76",
            "revenue": 15867
        },
        "2008-12": {
            "month": "2008-12",
            "price": "3.43",
            "revenue": 20466
        },
        "2009-01": {
            "month": "2009-01",
            "price": "3.67",
            "revenue": 14470
        },
        "2009-02": {
            "month": "2009-02",
            "price": "3.65",
            "revenue": 13925
        },
        "2009-03": {
            "month": "2009-03",
            "price": "4.08",
            "revenue": 14465
        },
        "2009-04": {
            "month": "2009-04",
            "price": "4.84",
            "revenue": 22793
        },
        "2009-05": {
            "month": "2009-05",
            "price": "4.78",
            "revenue": 18207
        },
        "2009-06": {
            "month": "2009-06",
            "price": "4.82",
            "revenue": 28958
        },
        "2009-07": {
            "month": "2009-07",
            "price": "4.81",
            "revenue": 25898
        },
        "2009-08": {
            "month": "2009-08",
            "price": "5.53",
            "revenue": 25813
        },
        "2009-09": {
            "month": "2009-09",
            "price": "6.24",
            "revenue": 30901
        },
        "2009-10": {
            "month": "2009-10",
            "price": "7.95",
            "revenue": 21300
        },
        "2009-11": {
            "month": "2009-11",
            "price": "12.86",
            "revenue": 20426
        },
        "2009-12": {
            "month": "2009-12",
            "price": "12.69",
            "revenue": 21868
        },
        "2010-01": {
            "month": "2010-01",
            "price": "12.48",
            "revenue": 30443
        },
        "2010-02": {
            "month": "2010-02",
            "price": "11.80",
            "revenue": 15519
        },
        "2010-03": {
            "month": "2010-03",
            "price": "12.37",
            "revenue": 31731
        },
        "2010-04": {
            "month": "2010-04",
            "price": "15.65",
            "revenue": 35659
        },
        "2010-05": {
            "month": "2010-05",
            "price": "14.12",
            "revenue": 31649
        },
        "2010-06": {
            "month": "2010-06",
            "price": "13.81",
            "revenue": 35825
        },
        "2010-07": {
            "month": "2010-07",
            "price": "15.99",
            "revenue": 32318
        },
        "2010-08": {
            "month": "2010-08",
            "price": "17.56",
            "revenue": 27025
        },
        "2010-09": {
            "month": "2010-09",
            "price": "16.25",
            "revenue": 23895
        },
        "2010-10": {
            "month": "2010-10",
            "price": "15.88",
            "revenue": 25597
        },
        "2010-11": {
            "month": "2010-11",
            "price": "15.21",
            "revenue": 24928
        },
        "2010-12": {
            "month": "2010-12",
            "price": "15.25",
            "revenue": 28332
        },
        "2011-01": {
            "month": "2011-01",
            "price": "16.16",
            "revenue": 29763
        },
        "2011-02": {
            "month": "2011-02",
            "price": "15.86",
            "revenue": 16955
        },
        "2011-03": {
            "month": "2011-03",
            "price": "15.41",
            "revenue": 36111
        },
        "2011-04": {
            "month": "2011-04",
            "price": "16.18",
            "revenue": 32703
        },
        "2011-05": {
            "month": "2011-05",
            "price": "15.26",
            "revenue": 38284
        },
        "2011-06": {
            "month": "2011-06",
            "price": "15.56",
            "revenue": 39930
        },
        "2011-07": {
            "month": "2011-07",
            "price": "14.49",
            "revenue": 37390
        },
        "2011-08": {
            "month": "2011-08",
            "price": "13.00",
            "revenue": 33989
        },
        "2011-09": {
            "month": "2011-09",
            "price": "12.04",
            "revenue": 39182
        },
        "2011-10": {
            "month": "2011-10",
            "price": "11.64",
            "revenue": 29187
        },
        "2011-11": {
            "month": "2011-11",
            "price": "10.50",
            "revenue": 32494
        },
        "2011-12": {
            "month": "2011-12",
            "price": "9.80",
            "revenue": 30595
        },
        "2012-01": {
            "month": "2012-01",
            "price": "9.17",
            "revenue": 28926
        },
        "2012-02": {
            "month": "2012-02",
            "price": "10.41",
            "revenue": 30312
        },
        "2012-03": {
            "month": "2012-03",
            "price": "9.53",
            "revenue": 35026
        },
        "2012-04": {
            "month": "2012-04",
            "price": "8.74",
            "revenue": 27122
        },
        "2012-05": {
            "month": "2012-05",
            "price": "8.45",
            "revenue": 27621
        },
        "2012-06": {
            "month": "2012-06",
            "price": "8.32",
            "revenue": 38465
        },
        "2012-07": {
            "month": "2012-07",
            "price": "8.62",
            "revenue": 33994
        },
        "2012-08": {
            "month": "2012-08",
            "price": "8.72",
            "revenue": 38320
        },
        "2012-09": {
            "month": "2012-09",
            "price": "8.24",
            "revenue": 26392
        },
        "2012-10": {
            "month": "2012-10",
            "price": "7.49",
            "revenue": 29238
        },
        "2012-11": {
            "month": "2012-11",
            "price": "8.05",
            "revenue": 29176
        },
        "2012-12": {
            "month": "2012-12",
            "price": "7.95",
            "revenue": 29491
        },
        "2013-01": {
            "month": "2013-01",
            "price": "8.32",
            "revenue": 89519
        },
        "2013-02": {
            "month": "2013-02",
            "price": "9.03",
            "revenue": 43275
        },
        "2013-03": {
            "month": "2013-03",
            "price": "9.11",
            "revenue": 76139
        },
        "2013-04": {
            "month": "2013-04",
            "price": "8.88",
            "revenue": 89930
        },
        "2013-05": {
            "month": "2013-05",
            "price": "8.82",
            "revenue": 95755
        },
        "2013-06": {
            "month": "2013-06",
            "price": "8.61",
            "revenue": 88419
        },
        "2013-07": {
            "month": "2013-07",
            "price": "10.01",
            "revenue": 92983
        },
        "2013-08": {
            "month": "2013-08",
            "price": "12.62",
            "revenue": 79241
        },
        "2013-09": {
            "month": "2013-09",
            "price": "13.00",
            "revenue": 90717
        },
        "2013-10": {
            "month": "2013-10",
            "price": "13.86",
            "revenue": 87148
        },
        "2013-11": {
            "month": "2013-11",
            "price": "13.25",
            "revenue": 89699
        },
        "2013-12": {
            "month": "2013-12",
            "price": "16.44",
            "revenue": 95190
        },
        "2014-01": {
            "month": "2014-01",
            "price": "18.61",
            "revenue": 99388
        },
        "2014-02": {
            "month": "2014-02",
            "price": "20.64",
            "revenue": 55560
        },
        "2014-03": {
            "month": "2014-03",
            "price": "21.41",
            "revenue": 101538
        },
        "2014-04": {
            "month": "2014-04",
            "price": "20.99",
            "revenue": 103453
        },
        "2014-05": {
            "month": "2014-05",
            "price": "18.55",
            "revenue": 112898
        },
        "2014-06": {
            "month": "2014-06",
            "price": "21.24",
            "revenue": 102287
        },
        "2014-07": {
            "month": "2014-07",
            "price": "20.78",
            "revenue": 105211
        },
        "2014-08": {
            "month": "2014-08",
            "price": "19.54",
            "revenue": 83883
        },
        "2014-09": {
            "month": "2014-09",
            "price": "16.76",
            "revenue": 90818
        },
        "2014-10": {
            "month": "2014-10",
            "price": "15.12",
            "revenue": 82967
        },
        "2014-11": {
            "month": "2014-11",
            "price": "14.36",
            "revenue": 83464
        },
        "2014-12": {
            "month": "2014-12",
            "price": "14.68",
            "revenue": 114759
        },
        "2015-01": {
            "month": "2015-01",
            "price": "16.49",
            "revenue": 100420
        },
        "2015-02": {
            "month": "2015-02",
            "price": "15.83",
            "revenue": 57724
        },
        "2015-03": {
            "month": "2015-03",
            "price": "15.77",
            "revenue": 104249
        },
        "2015-04": {
            "month": "2015-04",
            "price": "16.58",
            "revenue": 99551
        },
        "2015-05": {
            "month": "2015-05",
            "price": "14.19",
            "revenue": 95840
        },
        "2015-06": {
            "month": "2015-06",
            "price": "13.75",
            "revenue": 97153
        },
        "2015-07": {
            "month": "2015-07",
            "price": "12.32",
            "revenue": 116258
        },
        "2015-08": {
            "month": "2015-08",
            "price": "11.01",
            "revenue": 103235
        },
        "2015-09": {
            "month": "2015-09",
            "price": "10.92",
            "revenue": 86816
        },
        "2015-10": {
            "month": "2015-10",
            "price": "11.20",
            "revenue": 91075
        },
        "2015-11": {
            "month": "2015-11",
            "price": "10.52",
            "revenue": 106326
        },
        "2015-12": {
            "month": "2015-12",
            "price": "10.06",
            "revenue": 105536
        },
        "2016-01": {
            "month": "2016-01",
            "price": "9.97",
            "revenue": 118598
        },
        "2016-02": {
            "month": "2016-02",
            "price": "11.45",
            "revenue": 49605
        },
        "2016-03": {
            "month": "2016-03",
            "price": "14.70",
            "revenue": 91496
        },
        "2016-04": {
            "month": "2016-04",
            "price": "21.97",
            "revenue": 113059
        },
        "2016-05": {
            "month": "2016-05",
            "price": "26.06",
            "revenue": 221463
        },
        "2016-06": {
            "month": "2016-06",
            "price": "33.27",
            "revenue": 214930
        },
        "2016-07": {
            "month": "2016-07",
            "price": "40.16",
            "revenue": 300226
        },
        "2016-08": {
            "month": "2016-08",
            "price": "36.72",
            "revenue": 321936
        },
        "2016-09": {
            "month": "2016-09",
            "price": "33.79",
            "revenue": 207911
        },
        "2016-10": {
            "month": "2016-10",
            "price": "32.02",
            "revenue": 221848
        },
        "2016-11": {
            "month": "2016-11",
            "price": "30.75",
            "revenue": 253379
        },
        "2016-12": {
            "month": "2016-12",
            "price": "30.62",
            "revenue": 150014
        },
        "2017-01": {
            "month": "2017-01",
            "price": "26.87",
            "revenue": 161790
        },
        "2017-02": {
            "month": "2017-02",
            "price": "27.49",
            "revenue": 225301
        },
        "2017-03": {
            "month": "2017-03",
            "price": "28.62",
            "revenue": 309622
        },
        "2017-04": {
            "month": "2017-04",
            "price": "28.94",
            "revenue": 260973
        },
        "2017-05": {
            "month": "2017-05",
            "price": "25.65",
            "revenue": 220577
        },
        "2017-06": {
            "month": "2017-06",
            "price": "25.62",
            "revenue": 208815
        },
        "2017-07": {
            "month": "2017-07",
            "price": "25.22",
            "revenue": 182180
        },
        "2017-08": {
            "month": "2017-08",
            "price": "21.71",
            "revenue": 183823
        },
        "2017-09": {
            "month": "2017-09",
            "price": "19.81",
            "revenue": 136609
        },
        "2017-10": {
            "month": "2017-10",
            "price": "18.63",
            "revenue": 100429
        },
        "2017-11": {
            "month": "2017-11",
            "price": "18.29",
            "revenue": 151964
        },
        "2017-12": {
            "month": "2017-12",
            "price": "18.03",
            "revenue": 133615
        },
        "2018-01": {
            "month": "2018-01",
            "price": "18.22",
            "revenue": 180930
        },
        "2018-02": {
            "month": "2018-02",
            "price": "17.28",
            "revenue": 76383
        },
        "2018-03": {
            "month": "2018-03",
            "price": "17.15",
            "revenue": 124275
        },
        "2018-04": {
            "month": "2018-04",
            "price": "16.32",
            "revenue": 122891
        },
        "2018-05": {
            "month": "2018-05",
            "price": "14.05",
            "revenue": 179555
        },
        "2018-06": {
            "month": "2018-06",
            "price": "15.86",
            "revenue": 112593
        },
        "2018-07": {
            "month": "2018-07",
            "price": "14.63",
            "revenue": 129606
        },
        "2018-08": {
            "month": "2018-08",
            "price": "14.12",
            "revenue": 121328
        },
        "2018-09": {
            "month": "2018-09",
            "price": "12.44",
            "revenue": 107208
        },
        "2018-10": {
            "month": "2018-10",
            "price": "9.26",
            "revenue": 95126
        },
        "2018-11": {
            "month": "2018-11",
            "price": "9.00",
            "revenue": 148975
        },
        "2018-12": {
            "month": "2018-12",
            "price": "9.54",
            "revenue": 171046
        },
        "2019-01": {
            "month": "2019-01",
            "price": "9.42",
            "revenue": 125452
        },
        "2019-02": {
            "month": "2019-02",
            "price": "9.60",
            "revenue": 87171
        },
        "2019-03": {
            "month": "2019-03",
            "price": "11.18",
            "revenue": 119400
        },
        "2019-04": {
            "month": "2019-04",
            "price": "11.11",
            "revenue": 122367
        },
        "2019-05": {
            "month": "2019-05",
            "price": "10.05",
            "revenue": 131046
        },
        "2019-06": {
            "month": "2019-06",
            "price": "9.37",
            "revenue": 100679
        },
        "2019-07": {
            "month": "2019-07",
            "price": "9.28",
            "revenue": 101288
        },
        "2019-08": {
            "month": "2019-08",
            "price": "8.79",
            "revenue": 95592
        },
        "2019-09": {
            "month": "2019-09",
            "price": "8.80",
            "revenue": 91258
        },
        "2019-10": {
            "month": "2019-10",
            "price": "8.58",
            "revenue": 86414
        },
        "2019-11": {
            "month": "2019-11",
            "price": "7.93",
            "revenue": 123004
        },
        "2019-12": {
            "month": "2019-12",
            "price": "7.56",
            "revenue": 120685
        },
        "2020-01": {
            "month": "2020-01",
            "price": "8.06",
            "revenue": 78164
        },
        "2020-02": {
            "month": "2020-02",
            "price": "7.84",
            "revenue": 52459
        },
        "2020-03": {
            "month": "2020-03",
            "price": "6.08",
            "revenue": 123152
        },
        "2020-04": {
            "month": "2020-04",
            "price": "6.10",
            "revenue": 72148
        },
        "2020-05": {
            "month": "2020-05",
            "price": "7.53",
            "revenue": 78216
        },
        "2020-06": {
            "month": "2020-06",
            "price": "7.30",
            "revenue": 80316
        },
        "2020-07": {
            "month": "2020-07",
            "price": "7.62",
            "revenue": 90956
        },
        "2020-08": {
            "month": "2020-08",
            "price": "7.10",
            "revenue": 93515
        },
        "2020-09": {
            "month": "2020-09",
            "price": "7.71",
            "revenue": 104727
        },
        "2020-10": {
            "month": "2020-10",
            "price": "8.00",
            "revenue": 97104
        },
        "2020-11": {
            "month": "2020-11",
            "price": "8.38",
            "revenue": 98233
        },
        "2020-12": {
            "month": "2020-12",
            "price": "8.99",
            "revenue": 124882
        },
        "2021-01": {
            "month": "2021-01",
            "price": "8.87",
            "revenue": 146534
        },
        "2021-02": {
            "month": "2021-02",
            "price": "9.83",
            "revenue": 56499
        },
        "2021-03": {
            "month": "2021-03",
            "price": "14.34",
            "revenue": 113210
        },
        "2021-04": {
            "month": "2021-04",
            "price": "14.53",
            "revenue": 108472
        },
        "2021-05": {
            "month": "2021-05",
            "price": "13.21",
            "revenue": 122480
        },
        "2021-06": {
            "month": "2021-06",
            "price": "14.35",
            "revenue": 111158
        },
        "2021-07": {
            "month": "2021-07",
            "price": "14.72",
            "revenue": 122942
        },
        "2021-08": {
            "month": "2021-08",
            "price": "13.46",
            "revenue": 94724
        },
        "2021-09": {
            "month": "2021-09",
            "price": "12.58",
            "revenue": 95896
        },
        "2021-10": {
            "month": "2021-10",
            "price": "11.52",
            "revenue": 76530
        },
        "2021-11": {
            "month": "2021-11",
            "price": "12.45",
            "revenue": 87654
        },
        "2021-12": {
            "month": "2021-12",
            "price": "12.95",
            "revenue": 75831
        },
        "2022-01": {
            "month": "2022-01",
            "price": "13.88",
            "revenue": 79573
        },
        "2022-02": {
            "month": "2022-02",
            "price": "14.29",
            "revenue": 55020
        },
        "2022-03": {
            "month": "2022-03",
            "price": "12.91",
            "revenue": 98008
        },
        "2022-04": {
            "month": "2022-04",
            "price": "11.83",
            "revenue": 80738
        },
        "2022-05": {
            "month": "2022-05",
            "price": "10.36",
            "revenue": 73323
        },
        "2022-06": {
            "month": "2022-06",
            "price": "10.22",
            "revenue": 75185
        },
        "2022-07": {
            "month": "2022-07",
            "price": "9.69",
            "revenue": 78061
        },
        "2022-08": {
            "month": "2022-08",
            "price": "9.93",
            "revenue": 76939
        },
        "2022-09": {
            "month": "2022-09",
            "price": "9.49",
            "revenue": 64572
        },
        "2022-10": {
            "month": "2022-10",
            "price": "8.68",
            "revenue": 47396
        },
        "2022-11": {
            "month": "2022-11",
            "price": "8.80",
            "revenue": 69761
        },
        "2022-12": {
            "month": "2022-12",
            "price": "9.09",
            "revenue": 74033
        },
        "2023-01": {
            "month": "2023-01",
            "price": "8.90",
            "revenue": 40612
        },
        "2023-02": {
            "month": "2023-02",
            "price": "9.09",
            "revenue": 53524
        },
        "2023-03": {
            "month": "2023-03",
            "price": "9.78",
            "revenue": 76857
        },
        "2023-04": {
            "month": "2023-04",
            "price": "9.75",
            "revenue": 63634
        }
    }
}
