{
    "summary": {
        "stock_name": "至興",
        "stock_id": "4535",
        "category": "電機機械",
        "main_business": "汽機車座椅及座椅調角器、機車煞車圓盤及齒輪、精沖件等",
        "website_url": "http://www.fineblanking.com.tw",
        "ceo": "吳宗明",
        "pe_ratio": 14,
        "report_year_from": 2001,
        "report_year_to": 2023,
        "age": 23,
        "eps_negative_percentage": 0,
        "eps_growth_avg": {
            "last_all": 5.82,
            "last_2y": 18.4,
            "last_4y": 19.89,
            "last_8y": 4.91,
            "last_12y": 3.07,
            "last_16y": 1.88,
            "last_20y": 1.33,
            "at_2006_last_3y": -0.97,
            "at_2007_last_3y": -4.89,
            "at_2008_last_3y": -10.32,
            "at_2009_last_3y": -11.09,
            "at_2010_last_3y": -2.01,
            "at_2011_last_3y": 1.58,
            "at_2012_last_3y": -4.17,
            "at_2013_last_3y": 4.61,
            "at_2014_last_3y": -1.06,
            "at_2015_last_3y": -5.21,
            "at_2016_last_3y": 3.7,
            "at_2017_last_3y": 0.78,
            "at_2018_last_3y": -13.83,
            "at_2019_last_3y": -27.62,
            "at_2020_last_3y": -5.33,
            "at_2021_last_3y": 15.5,
            "at_2022_last_3y": 34.18,
            "at_2023_last_3y": 35.72,
            "at_2024_last_3y": 35.72,
            "at_2006_last_all": 19.22,
            "at_2007_last_all": 18.36,
            "at_2008_last_all": 13.71,
            "at_2009_last_all": 7.96,
            "at_2010_last_all": 9.79,
            "at_2011_last_all": 11.65,
            "at_2012_last_all": 7.21,
            "at_2013_last_all": 6.85,
            "at_2014_last_all": 6.45,
            "at_2015_last_all": 6.83,
            "at_2016_last_all": 6.28,
            "at_2017_last_all": 5.33,
            "at_2018_last_all": 1.68,
            "at_2019_last_all": -0.83,
            "at_2020_last_all": 3.83,
            "at_2021_last_all": 7.36,
            "at_2022_last_all": 7.87,
            "at_2023_last_all": 5.82,
            "at_2024_last_all": 5.82
        },
        "latest_eps": 2.34,
        "latest_price": 33.35,
        "latest_roe": 9.54,
        "latest_gross_margin": 18.65,
        "latest_equity": 2753899,
        "latest_revenue": 722230,
        "latest_gross_profit": 134685,
        "latest_net_income": 71361,
        "latest_debt_ratio": 15.06,
        "latest_current_ratio": 430.28,
        "latest_account_receivable_turnover_ratio": 1.55,
        "latest_inventory_turnover_ratio": 1.45,
        "latest_reinvestment_rate": 3.03,
        "latest_research_to_sale_ratio": 0.93
    },
    "eps_dividends": {
        "2001": {
            "cash": 0,
            "stock": 0,
            "eps": 1.15
        },
        "2002": {
            "cash": 0,
            "stock": 0,
            "eps": 4.91
        },
        "2003": {
            "cash": 1.5,
            "stock": 1,
            "eps": 6.37
        },
        "2004": {
            "cash": 1.5,
            "stock": 2.5,
            "eps": 6.85
        },
        "2005": {
            "cash": 1.5,
            "stock": 2.5,
            "eps": 4.85
        },
        "2006": {
            "cash": 1.2,
            "stock": 1.8,
            "eps": 4.27
        },
        "2007": {
            "cash": 1.5,
            "stock": 1,
            "eps": 4.87
        },
        "2008": {
            "cash": 2.5,
            "stock": 0,
            "eps": 4.18
        },
        "2009": {
            "cash": 2,
            "stock": 0.3,
            "eps": 2.83
        },
        "2010": {
            "cash": 2,
            "stock": 0,
            "eps": 3.52
        },
        "2011": {
            "cash": 2.5,
            "stock": 0,
            "eps": 4.52
        },
        "2012": {
            "cash": 2.5,
            "stock": 0.5,
            "eps": 2.84
        },
        "2013": {
            "cash": 2,
            "stock": 0,
            "eps": 2.92
        },
        "2014": {
            "cash": 2,
            "stock": 0,
            "eps": 2.97
        },
        "2015": {
            "cash": 2.5,
            "stock": 0,
            "eps": 3.32
        },
        "2016": {
            "cash": 2.25,
            "stock": 0,
            "eps": 3.27
        },
        "2017": {
            "cash": 2.25,
            "stock": 0,
            "eps": 2.98
        },
        "2018": {
            "cash": 2.15,
            "stock": 0,
            "eps": 1.29
        },
        "2019": {
            "cash": 1.15,
            "stock": 0,
            "eps": 0.73
        },
        "2020": {
            "cash": 1,
            "stock": 0,
            "eps": 1.37
        },
        "2021": {
            "cash": 0.7,
            "stock": 0,
            "eps": 2.39
        },
        "2022": {
            "cash": 1.6,
            "stock": 0,
            "eps": 2.82
        },
        "2023": {
            "cash": 2,
            "stock": 0,
            "eps": 1.77
        },
        "2024": {
            "cash": 1.6,
            "stock": 0,
            "eps": 0
        }
    },
    "dividends": {
        "2003-06-20": {
            "cash": 1.5,
            "stock": 1
        },
        "2004-04-02": {
            "cash": 1.5,
            "stock": 2.5
        },
        "2005-03-31": {
            "cash": 1.5,
            "stock": 2.5
        },
        "2006-03-13": {
            "cash": 1.2,
            "stock": 1.8
        },
        "2007-03-21": {
            "cash": 1.5,
            "stock": 1
        },
        "2008-03-28": {
            "cash": 2.5,
            "stock": 0
        },
        "2009-03-26": {
            "cash": 2,
            "stock": 0.3
        },
        "2010-03-20": {
            "cash": 2,
            "stock": 0
        },
        "2011-04-27": {
            "cash": 2.5,
            "stock": 0
        },
        "2012-06-26": {
            "cash": 2.5,
            "stock": 0.5
        },
        "2013-06-17": {
            "cash": 2,
            "stock": 0
        },
        "2014-06-23": {
            "cash": 2,
            "stock": 0
        },
        "2015-07-30": {
            "cash": 2.5,
            "stock": 0
        },
        "2016-07-27": {
            "cash": 2.25,
            "stock": 0
        },
        "2017-07-27": {
            "cash": 2.25,
            "stock": 0
        },
        "2018-07-27": {
            "cash": 2.15,
            "stock": 0
        },
        "2019-07-26": {
            "cash": 1.15,
            "stock": 0
        },
        "2020-07-30": {
            "cash": 1,
            "stock": 0
        },
        "2021-08-27": {
            "cash": 0.7,
            "stock": 0
        },
        "2022-06-30": {
            "cash": 1.6,
            "stock": 0
        },
        "2023-07-12": {
            "cash": 2,
            "stock": 0
        },
        "2024-02-27": {
            "cash": 1.6,
            "stock": 0
        }
    },
    "prices": {
        "200101": "無",
        "200102": "無",
        "200103": "無",
        "200104": "無",
        "200105": "無",
        "200106": "無",
        "200107": "無",
        "200108": "無",
        "200109": "無",
        "200110": "無",
        "200111": "無",
        "200112": "無",
        "200201": "無",
        "200202": "無",
        "200203": "無",
        "200204": "無",
        "200205": "無",
        "200206": "無",
        "200207": "無",
        "200208": "無",
        "200209": "無",
        "200210": "無",
        "200211": "無",
        "200212": "無",
        "200301": "無",
        "200302": "無",
        "200303": "無",
        "200304": "50.86",
        "200305": "64.60",
        "200306": "73.60",
        "200307": "76.54",
        "200308": "87.83",
        "200309": "78.57",
        "200310": "75.43",
        "200311": "75.65",
        "200312": "77.15",
        "200401": "75.73",
        "200402": "75.85",
        "200403": "73.30",
        "200404": "70.55",
        "200405": "66.55",
        "200406": "67.86",
        "200407": "65.70",
        "200408": "63.12",
        "200409": "56.79",
        "200410": "56.48",
        "200411": "55.25",
        "200412": "57.57",
        "200501": "60.57",
        "200502": "69.27",
        "200503": "68.99",
        "200504": "67.61",
        "200505": "63.35",
        "200506": "64.63",
        "200507": "66.58",
        "200508": "63.55",
        "200509": "51.91",
        "200510": "50.42",
        "200511": "46.64",
        "200512": "48.45",
        "200601": "49.14",
        "200602": "49.18",
        "200603": "48.15",
        "200604": "50.54",
        "200605": "48.78",
        "200606": "43.92",
        "200607": "42.62",
        "200608": "38.94",
        "200609": "37.44",
        "200610": "39.88",
        "200611": "39.70",
        "200612": "41.62",
        "200701": "42.67",
        "200702": "43.52",
        "200703": "47.67",
        "200704": "55.32",
        "200705": "58.97",
        "200706": "66.92",
        "200707": "76.98",
        "200708": "67.99",
        "200709": "71.67",
        "200710": "65.81",
        "200711": "52.42",
        "200712": "50.14",
        "200801": "51.19",
        "200802": "52.99",
        "200803": "51.55",
        "200804": "49.54",
        "200805": "49.74",
        "200806": "47.43",
        "200807": "42.11",
        "200808": "42.08",
        "200809": "41.31",
        "200810": "38.10",
        "200811": "37.03",
        "200812": "33.50",
        "200901": "31.87",
        "200902": "29.14",
        "200903": "31.29",
        "200904": "36.68",
        "200905": "37.51",
        "200906": "36.76",
        "200907": "37.38",
        "200908": "39.13",
        "200909": "38.58",
        "200910": "40.26",
        "200911": "42.79",
        "200912": "43.88",
        "201001": "42.93",
        "201002": "43.59",
        "201003": "44.49",
        "201004": "47.11",
        "201005": "46.81",
        "201006": "45.28",
        "201007": "43.89",
        "201008": "44.90",
        "201009": "45.69",
        "201010": "44.82",
        "201011": "43.84",
        "201012": "44.50",
        "201101": "42.88",
        "201102": "41.72",
        "201103": "41.93",
        "201104": "43.63",
        "201105": "43.85",
        "201106": "43.19",
        "201107": "43.71",
        "201108": "41.67",
        "201109": "39.53",
        "201110": "39.38",
        "201111": "40.72",
        "201112": "38.37",
        "201201": "39.95",
        "201202": "51.49",
        "201203": "53.86",
        "201204": "52.74",
        "201205": "47.80",
        "201206": "47.57",
        "201207": "49.07",
        "201208": "49.44",
        "201209": "42.49",
        "201210": "41.28",
        "201211": "36.76",
        "201212": "37.56",
        "201301": "38.45",
        "201302": "39.92",
        "201303": "40.05",
        "201304": "38.49",
        "201305": "39.18",
        "201306": "39.30",
        "201307": "37.87",
        "201308": "39.97",
        "201309": "40.98",
        "201310": "43.27",
        "201311": "41.31",
        "201312": "42.84",
        "201401": "45.60",
        "201402": "45.17",
        "201403": "47.05",
        "201404": "50.73",
        "201405": "49.96",
        "201406": "51.18",
        "201407": "51.05",
        "201408": "49.58",
        "201409": "49.61",
        "201410": "47.72",
        "201411": "45.32",
        "201412": "44.38",
        "201501": "44.88",
        "201502": "46.94",
        "201503": "47.52",
        "201504": "48.46",
        "201505": "49.96",
        "201506": "48.70",
        "201507": "46.28",
        "201508": "45.05",
        "201509": "44.12",
        "201510": "45.32",
        "201511": "45.93",
        "201512": "42.88",
        "201601": "42.88",
        "201602": "43.93",
        "201603": "44.72",
        "201604": "45.98",
        "201605": "41.57",
        "201606": "41.05",
        "201607": "39.18",
        "201608": "40.37",
        "201609": "43.47",
        "201610": "43.68",
        "201611": "41.28",
        "201612": "42.21",
        "201701": "44.70",
        "201702": "45.38",
        "201703": "45.76",
        "201704": "44.59",
        "201705": "44.33",
        "201706": "44.72",
        "201707": "43.23",
        "201708": "41.55",
        "201709": "41.16",
        "201710": "41.59",
        "201711": "42.05",
        "201712": "42.01",
        "201801": "42.81",
        "201802": "41.98",
        "201803": "42.27",
        "201804": "41.96",
        "201805": "41.42",
        "201806": "41.19",
        "201807": "40.06",
        "201808": "38.64",
        "201809": "37.42",
        "201810": "36.55",
        "201811": "33.66",
        "201812": "32.13",
        "201901": "31.32",
        "201902": "32.25",
        "201903": "33.68",
        "201904": "33.57",
        "201905": "31.40",
        "201906": "31.04",
        "201907": "30.24",
        "201908": "29.66",
        "201909": "29.84",
        "201910": "29.78",
        "201911": "28.55",
        "201912": "27.41",
        "202001": "27.25",
        "202002": "26.56",
        "202003": "23.60",
        "202004": "23.21",
        "202005": "24.21",
        "202006": "27.72",
        "202007": "26.11",
        "202008": "24.43",
        "202009": "24.64",
        "202010": "26.16",
        "202011": "27.07",
        "202012": "29.45",
        "202101": "31.73",
        "202102": "32.15",
        "202103": "33.18",
        "202104": "35.77",
        "202105": "35.34",
        "202106": "35.23",
        "202107": "35.61",
        "202108": "34.07",
        "202109": "34.14",
        "202110": "33.36",
        "202111": "33.54",
        "202112": "33.98",
        "202201": "33.80",
        "202202": "34.84",
        "202203": "35.38",
        "202204": "35.75",
        "202205": "35.62",
        "202206": "35.94",
        "202207": "36.26",
        "202208": "36.95",
        "202209": "40.52",
        "202210": "38.93",
        "202211": "38.46",
        "202212": "38.38",
        "202301": "38.37",
        "202302": "38.37",
        "202303": "38.43",
        "202304": "39.23",
        "202305": "39.67",
        "202306": "39.31",
        "202307": "38.70",
        "202308": "37.62",
        "202309": "36.84",
        "202310": "35.44",
        "202311": "33.88",
        "202312": "35.60"
    },
    "quarters": {
        "20011": {
            "year_quarter": 20011,
            "year": 2001,
            "quarter": 1,
            "eps": null,
            "eps_growth_year": null,
            "eps_4q": null,
            "eps_4q_growth_year": null,
            "roe": null,
            "roe_4q": 0,
            "gross_profit": null,
            "gross_margin": null,
            "gross_margin_4q_avg": 0,
            "net_income": null,
            "net_income_4q": null,
            "revenue": null,
            "revenue_4q": null,
            "common_shares": null,
            "book_valuer_per_share": null,
            "book_valuer_per_share_4q_avg": 0,
            "equity": null,
            "current_ratio": null,
            "debt_ratio": null,
            "inventory_turnover_ratio": null,
            "account_receivable_turnover_ratio": null,
            "reinvestment_rate": null,
            "research_to_sale_ratio": null,
            "price_fair": 0,
            "eps_avg_yearly": 0,
            "eps_latest_yearly": 0,
            "eps_growth_yearly": 0
        },
        "20012": {
            "year_quarter": 20012,
            "year": 2001,
            "quarter": 2,
            "eps": null,
            "eps_growth_year": null,
            "eps_4q": null,
            "eps_4q_growth_year": null,
            "roe": null,
            "roe_4q": 0,
            "gross_profit": null,
            "gross_margin": null,
            "gross_margin_4q_avg": 0,
            "net_income": null,
            "net_income_4q": null,
            "revenue": null,
            "revenue_4q": null,
            "common_shares": null,
            "book_valuer_per_share": null,
            "book_valuer_per_share_4q_avg": 0,
            "equity": null,
            "current_ratio": null,
            "debt_ratio": null,
            "inventory_turnover_ratio": null,
            "account_receivable_turnover_ratio": null,
            "reinvestment_rate": null,
            "research_to_sale_ratio": null,
            "price_fair": 0,
            "eps_avg_yearly": 0,
            "eps_latest_yearly": 0,
            "eps_growth_yearly": 0
        },
        "20013": {
            "year_quarter": 20013,
            "year": 2001,
            "quarter": 3,
            "eps": 0.37,
            "eps_growth_year": null,
            "eps_4q": null,
            "eps_4q_growth_year": null,
            "roe": 1.75,
            "roe_4q": 1.75,
            "gross_profit": 20578,
            "gross_margin": 17.16,
            "gross_margin_4q_avg": 5.72,
            "net_income": 7993,
            "net_income_4q": null,
            "revenue": 119924,
            "revenue_4q": null,
            "common_shares": 217536,
            "book_valuer_per_share": 20.95,
            "book_valuer_per_share_4q_avg": 6.98,
            "equity": 455704,
            "current_ratio": 171.65,
            "debt_ratio": 41.41,
            "inventory_turnover_ratio": 0.83,
            "account_receivable_turnover_ratio": null,
            "reinvestment_rate": null,
            "research_to_sale_ratio": null,
            "price_fair": 0,
            "eps_avg_yearly": 0,
            "eps_latest_yearly": 0,
            "eps_growth_yearly": 0
        },
        "20014": {
            "year_quarter": 20014,
            "year": 2001,
            "quarter": 4,
            "eps": 0.78,
            "eps_growth_year": null,
            "eps_4q": null,
            "eps_4q_growth_year": null,
            "roe": 3.67,
            "roe_4q": 5.42,
            "gross_profit": 30167,
            "gross_margin": 24.14,
            "gross_margin_4q_avg": 10.33,
            "net_income": 17028,
            "net_income_4q": null,
            "revenue": 124987,
            "revenue_4q": null,
            "common_shares": 217536,
            "book_valuer_per_share": 21.73,
            "book_valuer_per_share_4q_avg": 10.67,
            "equity": 472732,
            "current_ratio": 201.79,
            "debt_ratio": 39.51,
            "inventory_turnover_ratio": 0.83,
            "account_receivable_turnover_ratio": null,
            "reinvestment_rate": null,
            "research_to_sale_ratio": null,
            "price_fair": 0,
            "eps_avg_yearly": 0,
            "eps_latest_yearly": 0,
            "eps_growth_yearly": 0
        },
        "20021": {
            "year_quarter": 20021,
            "year": 2002,
            "quarter": 1,
            "eps": 1.25,
            "eps_growth_year": null,
            "eps_4q": null,
            "eps_4q_growth_year": null,
            "roe": 5.57,
            "roe_4q": 10.99,
            "gross_profit": 49380,
            "gross_margin": 29.61,
            "gross_margin_4q_avg": 17.73,
            "net_income": 27102,
            "net_income_4q": null,
            "revenue": 166743,
            "revenue_4q": null,
            "common_shares": 217536,
            "book_valuer_per_share": 22.98,
            "book_valuer_per_share_4q_avg": 16.42,
            "equity": 499834,
            "current_ratio": 202.79,
            "debt_ratio": 37.57,
            "inventory_turnover_ratio": 1.11,
            "account_receivable_turnover_ratio": null,
            "reinvestment_rate": null,
            "research_to_sale_ratio": null,
            "price_fair": 175,
            "eps_avg_yearly": 5,
            "eps_latest_yearly": 5,
            "eps_growth_yearly": 241.03
        },
        "20022": {
            "year_quarter": 20022,
            "year": 2002,
            "quarter": 2,
            "eps": 1.14,
            "eps_growth_year": null,
            "eps_4q": 3.53,
            "eps_4q_growth_year": null,
            "roe": 5.08,
            "roe_4q": 16.07,
            "gross_profit": 59996,
            "gross_margin": 30.48,
            "gross_margin_4q_avg": 25.35,
            "net_income": 24872,
            "net_income_4q": null,
            "revenue": 196819,
            "revenue_4q": null,
            "common_shares": 217536,
            "book_valuer_per_share": 21.99,
            "book_valuer_per_share_4q_avg": 21.91,
            "equity": 478422,
            "current_ratio": 176.21,
            "debt_ratio": 40.58,
            "inventory_turnover_ratio": 1.4,
            "account_receivable_turnover_ratio": null,
            "reinvestment_rate": null,
            "research_to_sale_ratio": null,
            "price_fair": 167.3,
            "eps_avg_yearly": 4.78,
            "eps_latest_yearly": 4.56,
            "eps_growth_yearly": 102.91
        },
        "20023": {
            "year_quarter": 20023,
            "year": 2002,
            "quarter": 3,
            "eps": 1.47,
            "eps_growth_year": 297.3,
            "eps_4q": 4.64,
            "eps_4q_growth_year": null,
            "roe": 6.48,
            "roe_4q": 20.800000000000004,
            "gross_profit": 53772,
            "gross_margin": 28.23,
            "gross_margin_4q_avg": 28.12,
            "net_income": 32024,
            "net_income_4q": null,
            "revenue": 190447,
            "revenue_4q": null,
            "common_shares": 217536,
            "book_valuer_per_share": 23.46,
            "book_valuer_per_share_4q_avg": 22.54,
            "equity": 510446,
            "current_ratio": 185.11,
            "debt_ratio": 35.76,
            "inventory_turnover_ratio": 1.47,
            "account_receivable_turnover_ratio": null,
            "reinvestment_rate": null,
            "research_to_sale_ratio": null,
            "price_fair": 180.13,
            "eps_avg_yearly": 5.15,
            "eps_latest_yearly": 5.88,
            "eps_growth_yearly": 107.21
        },
        "20024": {
            "year_quarter": 20024,
            "year": 2002,
            "quarter": 4,
            "eps": 1.05,
            "eps_growth_year": 34.62,
            "eps_4q": 4.03,
            "eps_4q_growth_year": null,
            "roe": 5.63,
            "roe_4q": 22.759999999999998,
            "gross_profit": 52029,
            "gross_margin": 27.5,
            "gross_margin_4q_avg": 28.96,
            "net_income": 29597,
            "net_income_4q": null,
            "revenue": 189205,
            "revenue_4q": null,
            "common_shares": 282797,
            "book_valuer_per_share": 19.1,
            "book_valuer_per_share_4q_avg": 21.88,
            "equity": 540043,
            "current_ratio": 207.35,
            "debt_ratio": 33.99,
            "inventory_turnover_ratio": 1.28,
            "account_receivable_turnover_ratio": null,
            "reinvestment_rate": null,
            "research_to_sale_ratio": null,
            "price_fair": 171.85,
            "eps_avg_yearly": 4.91,
            "eps_latest_yearly": 4.2,
            "eps_growth_yearly": 51.83
        },
        "20031": {
            "year_quarter": 20031,
            "year": 2003,
            "quarter": 1,
            "eps": 1.84,
            "eps_growth_year": 47.2,
            "eps_4q": 4.89,
            "eps_4q_growth_year": null,
            "roe": 9.2,
            "roe_4q": 26.39,
            "gross_profit": 80021,
            "gross_margin": 31.6,
            "gross_margin_4q_avg": 29.45,
            "net_income": 52107,
            "net_income_4q": null,
            "revenue": 253262,
            "revenue_4q": null,
            "common_shares": 282797,
            "book_valuer_per_share": 20.94,
            "book_valuer_per_share_4q_avg": 21.37,
            "equity": 592150,
            "current_ratio": 208.59,
            "debt_ratio": 33.58,
            "inventory_turnover_ratio": 1.33,
            "account_receivable_turnover_ratio": null,
            "reinvestment_rate": null,
            "research_to_sale_ratio": null,
            "price_fair": 189,
            "eps_avg_yearly": 5.4,
            "eps_latest_yearly": 7.36,
            "eps_growth_yearly": 101.66
        },
        "20032": {
            "year_quarter": 20032,
            "year": 2003,
            "quarter": 2,
            "eps": 1.44,
            "eps_growth_year": 26.32,
            "eps_4q": 5.11,
            "eps_4q_growth_year": 44.66,
            "roe": 7.58,
            "roe_4q": 28.89,
            "gross_profit": 71999,
            "gross_margin": 29.78,
            "gross_margin_4q_avg": 29.28,
            "net_income": 44683,
            "net_income_4q": null,
            "revenue": 241729,
            "revenue_4q": null,
            "common_shares": 282797,
            "book_valuer_per_share": 20.73,
            "book_valuer_per_share_4q_avg": 21.06,
            "equity": 586235,
            "current_ratio": 153.75,
            "debt_ratio": 41.5,
            "inventory_turnover_ratio": 1.1,
            "account_receivable_turnover_ratio": null,
            "reinvestment_rate": null,
            "research_to_sale_ratio": null,
            "price_fair": 191.1,
            "eps_avg_yearly": 5.46,
            "eps_latest_yearly": 5.76,
            "eps_growth_yearly": 70.22
        },
        "20033": {
            "year_quarter": 20033,
            "year": 2003,
            "quarter": 3,
            "eps": 1.24,
            "eps_growth_year": -15.65,
            "eps_4q": 5.29,
            "eps_4q_growth_year": 14.06,
            "roe": 6.39,
            "roe_4q": 28.799999999999997,
            "gross_profit": 67121,
            "gross_margin": 27.1,
            "gross_margin_4q_avg": 29,
            "net_income": 38702,
            "net_income_4q": null,
            "revenue": 247704,
            "revenue_4q": null,
            "common_shares": 311077,
            "book_valuer_per_share": 20.09,
            "book_valuer_per_share_4q_avg": 20.22,
            "equity": 624937,
            "current_ratio": 143.84,
            "debt_ratio": 39.96,
            "inventory_turnover_ratio": 1.06,
            "account_receivable_turnover_ratio": null,
            "reinvestment_rate": null,
            "research_to_sale_ratio": null,
            "price_fair": 188.6,
            "eps_avg_yearly": 5.39,
            "eps_latest_yearly": 4.96,
            "eps_growth_yearly": 52.25
        },
        "20034": {
            "year_quarter": 20034,
            "year": 2003,
            "quarter": 4,
            "eps": 1.85,
            "eps_growth_year": 76.19,
            "eps_4q": 6.2,
            "eps_4q_growth_year": 53.95,
            "roe": 8.81,
            "roe_4q": 31.98,
            "gross_profit": 80151,
            "gross_margin": 31.11,
            "gross_margin_4q_avg": 29.9,
            "net_income": 57566,
            "net_income_4q": null,
            "revenue": 257619,
            "revenue_4q": null,
            "common_shares": 311077,
            "book_valuer_per_share": 21.94,
            "book_valuer_per_share_4q_avg": 20.93,
            "equity": 682503,
            "current_ratio": 171.02,
            "debt_ratio": 38.74,
            "inventory_turnover_ratio": 1.04,
            "account_receivable_turnover_ratio": null,
            "reinvestment_rate": null,
            "research_to_sale_ratio": null,
            "price_fair": 197.4,
            "eps_avg_yearly": 5.64,
            "eps_latest_yearly": 7.4,
            "eps_growth_yearly": 70.32
        },
        "20041": {
            "year_quarter": 20041,
            "year": 2004,
            "quarter": 1,
            "eps": 1.83,
            "eps_growth_year": -0.54,
            "eps_4q": 6.36,
            "eps_4q_growth_year": 29.98,
            "roe": 8.01,
            "roe_4q": 30.79,
            "gross_profit": 97456,
            "gross_margin": 32.72,
            "gross_margin_4q_avg": 30.18,
            "net_income": 56922,
            "net_income_4q": null,
            "revenue": 297884,
            "revenue_4q": null,
            "common_shares": 311077,
            "book_valuer_per_share": 23.77,
            "book_valuer_per_share_4q_avg": 21.63,
            "equity": 739425,
            "current_ratio": 188.86,
            "debt_ratio": 36.02,
            "inventory_turnover_ratio": 1.23,
            "account_receivable_turnover_ratio": null,
            "reinvestment_rate": null,
            "research_to_sale_ratio": null,
            "price_fair": 203.93,
            "eps_avg_yearly": 5.83,
            "eps_latest_yearly": 7.32,
            "eps_growth_yearly": 62.02
        },
        "20042": {
            "year_quarter": 20042,
            "year": 2004,
            "quarter": 2,
            "eps": 2.08,
            "eps_growth_year": 44.44,
            "eps_4q": 7,
            "eps_4q_growth_year": 37.09,
            "roe": 8.74,
            "roe_4q": 31.950000000000003,
            "gross_profit": 116777,
            "gross_margin": 33.36,
            "gross_margin_4q_avg": 31.07,
            "net_income": 64779,
            "net_income_4q": null,
            "revenue": 350031,
            "revenue_4q": null,
            "common_shares": 311077,
            "book_valuer_per_share": 23.91,
            "book_valuer_per_share_4q_avg": 22.43,
            "equity": 743643,
            "current_ratio": 171.3,
            "debt_ratio": 39.39,
            "inventory_turnover_ratio": 1.46,
            "account_receivable_turnover_ratio": null,
            "reinvestment_rate": null,
            "research_to_sale_ratio": null,
            "price_fair": 212.66,
            "eps_avg_yearly": 6.08,
            "eps_latest_yearly": 8.32,
            "eps_growth_yearly": 61.29
        },
        "20043": {
            "year_quarter": 20043,
            "year": 2004,
            "quarter": 3,
            "eps": 1.69,
            "eps_growth_year": 36.29,
            "eps_4q": 6.29,
            "eps_4q_growth_year": 18.87,
            "roe": 8.49,
            "roe_4q": 34.050000000000004,
            "gross_profit": 103928,
            "gross_margin": 31.56,
            "gross_margin_4q_avg": 32.19,
            "net_income": 65895,
            "net_income_4q": null,
            "revenue": 329266,
            "revenue_4q": null,
            "common_shares": 388846,
            "book_valuer_per_share": 20.82,
            "book_valuer_per_share_4q_avg": 22.61,
            "equity": 809538,
            "current_ratio": 207.53,
            "debt_ratio": 33.53,
            "inventory_turnover_ratio": 1.21,
            "account_receivable_turnover_ratio": null,
            "reinvestment_rate": null,
            "research_to_sale_ratio": null,
            "price_fair": 214.84,
            "eps_avg_yearly": 6.14,
            "eps_latest_yearly": 6.76,
            "eps_growth_yearly": 48.9
        },
        "20044": {
            "year_quarter": 20044,
            "year": 2004,
            "quarter": 4,
            "eps": 1.25,
            "eps_growth_year": -32.43,
            "eps_4q": 6.09,
            "eps_4q_growth_year": -1.8,
            "roe": 5.81,
            "roe_4q": 31.049999999999997,
            "gross_profit": 86840,
            "gross_margin": 29.57,
            "gross_margin_4q_avg": 31.8,
            "net_income": 48426,
            "net_income_4q": null,
            "revenue": 293633,
            "revenue_4q": null,
            "common_shares": 388846,
            "book_valuer_per_share": 22.06,
            "book_valuer_per_share_4q_avg": 22.64,
            "equity": 857963,
            "current_ratio": 227.26,
            "debt_ratio": 30.98,
            "inventory_turnover_ratio": 0.91,
            "account_receivable_turnover_ratio": null,
            "reinvestment_rate": null,
            "research_to_sale_ratio": null,
            "price_fair": 211.52,
            "eps_avg_yearly": 6.04,
            "eps_latest_yearly": 5,
            "eps_growth_yearly": 36.14
        },
        "20051": {
            "year_quarter": 20051,
            "year": 2005,
            "quarter": 1,
            "eps": 1.36,
            "eps_growth_year": -25.68,
            "eps_4q": 5.95,
            "eps_4q_growth_year": -6.4,
            "roe": 5.99,
            "roe_4q": 29.03,
            "gross_profit": 98308,
            "gross_margin": 31.8,
            "gross_margin_4q_avg": 31.57,
            "net_income": 53014,
            "net_income_4q": null,
            "revenue": 309187,
            "revenue_4q": null,
            "common_shares": 388846,
            "book_valuer_per_share": 23.43,
            "book_valuer_per_share_4q_avg": 22.56,
            "equity": 910977,
            "current_ratio": 222.61,
            "debt_ratio": 31.11,
            "inventory_turnover_ratio": 0.84,
            "account_receivable_turnover_ratio": null,
            "reinvestment_rate": null,
            "research_to_sale_ratio": null,
            "price_fair": 209.89,
            "eps_avg_yearly": 6,
            "eps_latest_yearly": 5.44,
            "eps_growth_yearly": 36.07
        },
        "20052": {
            "year_quarter": 20052,
            "year": 2005,
            "quarter": 2,
            "eps": 1.26,
            "eps_growth_year": -39.42,
            "eps_4q": 4.69,
            "eps_4q_growth_year": -32.95,
            "roe": 6.79,
            "roe_4q": 27.08,
            "gross_profit": 104994,
            "gross_margin": 29.53,
            "gross_margin_4q_avg": 30.62,
            "net_income": 61422,
            "net_income_4q": null,
            "revenue": 355499,
            "revenue_4q": null,
            "common_shares": 388846,
            "book_valuer_per_share": 23.07,
            "book_valuer_per_share_4q_avg": 22.35,
            "equity": 897009,
            "current_ratio": 192.43,
            "debt_ratio": 34.55,
            "inventory_turnover_ratio": 0.98,
            "account_receivable_turnover_ratio": null,
            "reinvestment_rate": 86.79,
            "research_to_sale_ratio": null,
            "price_fair": 207.5,
            "eps_avg_yearly": 5.93,
            "eps_latest_yearly": 5.04,
            "eps_growth_yearly": 31.39
        },
        "20053": {
            "year_quarter": 20053,
            "year": 2005,
            "quarter": 3,
            "eps": 1.07,
            "eps_growth_year": -36.69,
            "eps_4q": 4.42,
            "eps_4q_growth_year": -29.64,
            "roe": 5.62,
            "roe_4q": 24.209999999999997,
            "gross_profit": 88298,
            "gross_margin": 27.46,
            "gross_margin_4q_avg": 29.59,
            "net_income": 51956,
            "net_income_4q": null,
            "revenue": 321552,
            "revenue_4q": null,
            "common_shares": 486057,
            "book_valuer_per_share": 19.58,
            "book_valuer_per_share_4q_avg": 22.04,
            "equity": 951503,
            "current_ratio": 214.86,
            "debt_ratio": 30.41,
            "inventory_turnover_ratio": 0.9,
            "account_receivable_turnover_ratio": null,
            "reinvestment_rate": 22.03,
            "research_to_sale_ratio": null,
            "price_fair": 203.65,
            "eps_avg_yearly": 5.82,
            "eps_latest_yearly": 4.28,
            "eps_growth_yearly": 25.28
        },
        "20054": {
            "year_quarter": 20054,
            "year": 2005,
            "quarter": 4,
            "eps": 1.16,
            "eps_growth_year": -7.2,
            "eps_4q": 4.57,
            "eps_4q_growth_year": -24.91,
            "roe": 5.59,
            "roe_4q": 23.990000000000002,
            "gross_profit": 88541,
            "gross_margin": 29.63,
            "gross_margin_4q_avg": 29.61,
            "net_income": 56524,
            "net_income_4q": null,
            "revenue": 298839,
            "revenue_4q": null,
            "common_shares": 486057,
            "book_valuer_per_share": 20.72,
            "book_valuer_per_share_4q_avg": 21.7,
            "equity": 1072129,
            "current_ratio": 242.49,
            "debt_ratio": 26.6,
            "inventory_turnover_ratio": 0.79,
            "account_receivable_turnover_ratio": null,
            "reinvestment_rate": 33.28,
            "research_to_sale_ratio": null,
            "price_fair": 201.08,
            "eps_avg_yearly": 5.75,
            "eps_latest_yearly": 4.64,
            "eps_growth_yearly": 25.8
        },
        "20061": {
            "year_quarter": 20061,
            "year": 2006,
            "quarter": 1,
            "eps": 1.13,
            "eps_growth_year": -16.91,
            "eps_4q": 4.64,
            "eps_4q_growth_year": -22.12,
            "roe": 5.13,
            "roe_4q": 23.13,
            "gross_profit": 95754,
            "gross_margin": 29.28,
            "gross_margin_4q_avg": 28.98,
            "net_income": 54742,
            "net_income_4q": null,
            "revenue": 327039,
            "revenue_4q": null,
            "common_shares": 486057,
            "book_valuer_per_share": 21.83,
            "book_valuer_per_share_4q_avg": 21.3,
            "equity": 1061047,
            "current_ratio": 277.28,
            "debt_ratio": 23.41,
            "inventory_turnover_ratio": 0.91,
            "account_receivable_turnover_ratio": null,
            "reinvestment_rate": 24.52,
            "research_to_sale_ratio": null,
            "price_fair": 114.82,
            "eps_avg_yearly": 5.72,
            "eps_latest_yearly": 4.52,
            "eps_growth_yearly": 10.09
        },
        "20062": {
            "year_quarter": 20062,
            "year": 2006,
            "quarter": 2,
            "eps": 1.05,
            "eps_growth_year": -16.67,
            "eps_4q": 4.41,
            "eps_4q_growth_year": -5.95,
            "roe": 4.86,
            "roe_4q": 21.2,
            "gross_profit": 98480,
            "gross_margin": 29.33,
            "gross_margin_4q_avg": 28.93,
            "net_income": 50956,
            "net_income_4q": null,
            "revenue": 335745,
            "revenue_4q": null,
            "common_shares": 486057,
            "book_valuer_per_share": 21.34,
            "book_valuer_per_share_4q_avg": 20.87,
            "equity": 1037383,
            "current_ratio": 218.5,
            "debt_ratio": 28.24,
            "inventory_turnover_ratio": 0.96,
            "account_receivable_turnover_ratio": null,
            "reinvestment_rate": 26.29,
            "research_to_sale_ratio": null,
            "price_fair": 116.82,
            "eps_avg_yearly": 5.69,
            "eps_latest_yearly": 4.2,
            "eps_growth_yearly": 10.52
        },
        "20063": {
            "year_quarter": 20063,
            "year": 2006,
            "quarter": 3,
            "eps": 1.06,
            "eps_growth_year": -0.93,
            "eps_4q": 3.88,
            "eps_4q_growth_year": -12.22,
            "roe": 5.21,
            "roe_4q": 20.79,
            "gross_profit": 104646,
            "gross_margin": 27.63,
            "gross_margin_4q_avg": 28.97,
            "net_income": 60899,
            "net_income_4q": null,
            "revenue": 378702,
            "revenue_4q": null,
            "common_shares": 636000,
            "book_valuer_per_share": 20.44,
            "book_valuer_per_share_4q_avg": 21.08,
            "equity": 1299752,
            "current_ratio": 299.18,
            "debt_ratio": 23.15,
            "inventory_turnover_ratio": 1.03,
            "account_receivable_turnover_ratio": null,
            "reinvestment_rate": 26.61,
            "research_to_sale_ratio": null,
            "price_fair": 75.59,
            "eps_avg_yearly": 5.59,
            "eps_latest_yearly": 4.24,
            "eps_growth_yearly": 3.52
        },
        "20064": {
            "year_quarter": 20064,
            "year": 2006,
            "quarter": 4,
            "eps": 1.03,
            "eps_growth_year": -11.21,
            "eps_4q": 3.86,
            "eps_4q_growth_year": -15.57,
            "roe": 4.46,
            "roe_4q": 19.66,
            "gross_profit": 98762,
            "gross_margin": 29.62,
            "gross_margin_4q_avg": 28.97,
            "net_income": 60583,
            "net_income_4q": null,
            "revenue": 333392,
            "revenue_4q": null,
            "common_shares": 636000,
            "book_valuer_per_share": 21.37,
            "book_valuer_per_share_4q_avg": 21.25,
            "equity": 1419367,
            "current_ratio": 332.86,
            "debt_ratio": 19.82,
            "inventory_turnover_ratio": 0.8,
            "account_receivable_turnover_ratio": null,
            "reinvestment_rate": 43.73,
            "research_to_sale_ratio": null,
            "price_fair": 111.47,
            "eps_avg_yearly": 5.59,
            "eps_latest_yearly": 4.12,
            "eps_growth_yearly": 9.96
        },
        "20071": {
            "year_quarter": 20071,
            "year": 2007,
            "quarter": 1,
            "eps": 1.34,
            "eps_growth_year": 18.58,
            "eps_4q": 4.06,
            "eps_4q_growth_year": -12.52,
            "roe": 5.94,
            "roe_4q": 20.47,
            "gross_profit": 153420,
            "gross_margin": 33.47,
            "gross_margin_4q_avg": 30.01,
            "net_income": 85053,
            "net_income_4q": null,
            "revenue": 458314,
            "revenue_4q": null,
            "common_shares": 636000,
            "book_valuer_per_share": 22.75,
            "book_valuer_per_share_4q_avg": 21.48,
            "equity": 1446655,
            "current_ratio": 270.25,
            "debt_ratio": 23.14,
            "inventory_turnover_ratio": 0.98,
            "account_receivable_turnover_ratio": null,
            "reinvestment_rate": 25.59,
            "research_to_sale_ratio": null,
            "price_fair": 16.38,
            "eps_avg_yearly": 5.46,
            "eps_latest_yearly": 5.36,
            "eps_growth_yearly": -1.33
        },
        "20072": {
            "year_quarter": 20072,
            "year": 2007,
            "quarter": 2,
            "eps": 1.37,
            "eps_growth_year": 30.48,
            "eps_4q": 4.33,
            "eps_4q_growth_year": -1.92,
            "roe": 6.65,
            "roe_4q": 22.26,
            "gross_profit": 183844,
            "gross_margin": 35.88,
            "gross_margin_4q_avg": 31.65,
            "net_income": 95635,
            "net_income_4q": null,
            "revenue": 512407,
            "revenue_4q": null,
            "common_shares": 636000,
            "book_valuer_per_share": 22.48,
            "book_valuer_per_share_4q_avg": 21.76,
            "equity": 1429465,
            "current_ratio": 197.06,
            "debt_ratio": 29.49,
            "inventory_turnover_ratio": 0.96,
            "account_receivable_turnover_ratio": null,
            "reinvestment_rate": 18.44,
            "research_to_sale_ratio": null,
            "price_fair": 79.83,
            "eps_avg_yearly": 5.44,
            "eps_latest_yearly": 5.48,
            "eps_growth_yearly": 4.67
        },
        "20073": {
            "year_quarter": 20073,
            "year": 2007,
            "quarter": 3,
            "eps": 0.77,
            "eps_growth_year": -27.36,
            "eps_4q": 4.21,
            "eps_4q_growth_year": 8.34,
            "roe": 3.71,
            "roe_4q": 20.76,
            "gross_profit": 102250,
            "gross_margin": 23.13,
            "gross_margin_4q_avg": 30.53,
            "net_income": 54042,
            "net_income_4q": null,
            "revenue": 442073,
            "revenue_4q": null,
            "common_shares": 699600,
            "book_valuer_per_share": 21.21,
            "book_valuer_per_share_4q_avg": 21.95,
            "equity": 1483825,
            "current_ratio": 222.23,
            "debt_ratio": 25.67,
            "inventory_turnover_ratio": 0.91,
            "account_receivable_turnover_ratio": null,
            "reinvestment_rate": 12.47,
            "research_to_sale_ratio": null,
            "price_fair": 15.98,
            "eps_avg_yearly": 5.33,
            "eps_latest_yearly": 3.08,
            "eps_growth_yearly": -2.81
        },
        "20074": {
            "year_quarter": 20074,
            "year": 2007,
            "quarter": 4,
            "eps": 1.39,
            "eps_growth_year": 34.95,
            "eps_4q": 4.74,
            "eps_4q_growth_year": 22.6,
            "roe": 6.12,
            "roe_4q": 22.42,
            "gross_profit": 117071,
            "gross_margin": 28.04,
            "gross_margin_4q_avg": 30.13,
            "net_income": 97533,
            "net_income_4q": null,
            "revenue": 417582,
            "revenue_4q": null,
            "common_shares": 699600,
            "book_valuer_per_share": 22.68,
            "book_valuer_per_share_4q_avg": 22.28,
            "equity": 1702703,
            "current_ratio": 199.5,
            "debt_ratio": 28.59,
            "inventory_turnover_ratio": 0.73,
            "account_receivable_turnover_ratio": null,
            "reinvestment_rate": 45.67,
            "research_to_sale_ratio": null,
            "price_fair": 78.27,
            "eps_avg_yearly": 5.21,
            "eps_latest_yearly": 5.56,
            "eps_growth_yearly": 5.02
        },
        "20081": {
            "year_quarter": 20081,
            "year": 2008,
            "quarter": 1,
            "eps": 1.2,
            "eps_growth_year": -10.45,
            "eps_4q": 4.57,
            "eps_4q_growth_year": 12.67,
            "roe": 5.02,
            "roe_4q": 21.5,
            "gross_profit": 170662,
            "gross_margin": 29.57,
            "gross_margin_4q_avg": 29.16,
            "net_income": 86953,
            "net_income_4q": null,
            "revenue": 577238,
            "revenue_4q": null,
            "common_shares": 699600,
            "book_valuer_per_share": 23.61,
            "book_valuer_per_share_4q_avg": 22.5,
            "equity": 1763637,
            "current_ratio": 215.63,
            "debt_ratio": 28.52,
            "inventory_turnover_ratio": 0.98,
            "account_receivable_turnover_ratio": null,
            "reinvestment_rate": 54.21,
            "research_to_sale_ratio": null,
            "price_fair": 60,
            "eps_avg_yearly": 5.05,
            "eps_latest_yearly": 4.8,
            "eps_growth_yearly": 1.88
        },
        "20082": {
            "year_quarter": 20082,
            "year": 2008,
            "quarter": 2,
            "eps": 1.25,
            "eps_growth_year": -8.76,
            "eps_4q": 4.73,
            "eps_4q_growth_year": 9.3,
            "roe": 4.98,
            "roe_4q": 19.830000000000002,
            "gross_profit": 169001,
            "gross_margin": 29.13,
            "gross_margin_4q_avg": 27.47,
            "net_income": 85280,
            "net_income_4q": null,
            "revenue": 580218,
            "revenue_4q": null,
            "common_shares": 699600,
            "book_valuer_per_share": 22.13,
            "book_valuer_per_share_4q_avg": 22.41,
            "equity": 1658019,
            "current_ratio": 171.82,
            "debt_ratio": 34.93,
            "inventory_turnover_ratio": 1.06,
            "account_receivable_turnover_ratio": null,
            "reinvestment_rate": 57.64,
            "research_to_sale_ratio": null,
            "price_fair": 14.54,
            "eps_avg_yearly": 4.85,
            "eps_latest_yearly": 5,
            "eps_growth_yearly": -0.5
        },
        "20083": {
            "year_quarter": 20083,
            "year": 2008,
            "quarter": 3,
            "eps": 1.26,
            "eps_growth_year": 63.64,
            "eps_4q": 5.1,
            "eps_4q_growth_year": 21.15,
            "roe": 5.13,
            "roe_4q": 21.25,
            "gross_profit": 156390,
            "gross_margin": 26.84,
            "gross_margin_4q_avg": 28.4,
            "net_income": 88235,
            "net_income_4q": null,
            "revenue": 582609,
            "revenue_4q": null,
            "common_shares": 699600,
            "book_valuer_per_share": 23.82,
            "book_valuer_per_share_4q_avg": 23.06,
            "equity": 1782688,
            "current_ratio": 192.37,
            "debt_ratio": 29.77,
            "inventory_turnover_ratio": 1.05,
            "account_receivable_turnover_ratio": null,
            "reinvestment_rate": 58.66,
            "research_to_sale_ratio": null,
            "price_fair": 68.17,
            "eps_avg_yearly": 4.74,
            "eps_latest_yearly": 5.04,
            "eps_growth_yearly": 4.39
        },
        "20084": {
            "year_quarter": 20084,
            "year": 2008,
            "quarter": 4,
            "eps": 0.47,
            "eps_growth_year": -66.19,
            "eps_4q": 4.57,
            "eps_4q_growth_year": -3.57,
            "roe": 1.67,
            "roe_4q": 16.8,
            "gross_profit": 92329,
            "gross_margin": 19.84,
            "gross_margin_4q_avg": 26.35,
            "net_income": 30069,
            "net_income_4q": null,
            "revenue": 465424,
            "revenue_4q": null,
            "common_shares": 699600,
            "book_valuer_per_share": 24.48,
            "book_valuer_per_share_4q_avg": 23.51,
            "equity": 1828780,
            "current_ratio": 214.75,
            "debt_ratio": 26.1,
            "inventory_turnover_ratio": 0.84,
            "account_receivable_turnover_ratio": 2.21,
            "reinvestment_rate": 58.03,
            "research_to_sale_ratio": null,
            "price_fair": 13.63,
            "eps_avg_yearly": 4.54,
            "eps_latest_yearly": 1.88,
            "eps_growth_yearly": -4.78
        },
        "20091": {
            "year_quarter": 20091,
            "year": 2009,
            "quarter": 1,
            "eps": 0.56,
            "eps_growth_year": -53.33,
            "eps_4q": 3.67,
            "eps_4q_growth_year": -19.74,
            "roe": 2.03,
            "roe_4q": 13.81,
            "gross_profit": 85062,
            "gross_margin": 19.91,
            "gross_margin_4q_avg": 23.93,
            "net_income": 37709,
            "net_income_4q": null,
            "revenue": 427282,
            "revenue_4q": null,
            "common_shares": 699600,
            "book_valuer_per_share": 25.27,
            "book_valuer_per_share_4q_avg": 23.93,
            "equity": 1886707,
            "current_ratio": 238.18,
            "debt_ratio": 22.99,
            "inventory_turnover_ratio": 0.78,
            "account_receivable_turnover_ratio": 1.01,
            "reinvestment_rate": 62.34,
            "research_to_sale_ratio": null,
            "price_fair": 13.03,
            "eps_avg_yearly": 4.34,
            "eps_latest_yearly": 2.24,
            "eps_growth_yearly": -2.19
        },
        "20092": {
            "year_quarter": 20092,
            "year": 2009,
            "quarter": 2,
            "eps": 0.65,
            "eps_growth_year": -48,
            "eps_4q": 2.7,
            "eps_4q_growth_year": -42.9,
            "roe": 2.71,
            "roe_4q": 11.54,
            "gross_profit": 128165,
            "gross_margin": 24.98,
            "gross_margin_4q_avg": 22.89,
            "net_income": 49669,
            "net_income_4q": null,
            "revenue": 513113,
            "revenue_4q": null,
            "common_shares": 699600,
            "book_valuer_per_share": 23.69,
            "book_valuer_per_share_4q_avg": 24.32,
            "equity": 1773881,
            "current_ratio": 160.46,
            "debt_ratio": 31.9,
            "inventory_turnover_ratio": 0.94,
            "account_receivable_turnover_ratio": 1.13,
            "reinvestment_rate": 74.09,
            "research_to_sale_ratio": null,
            "price_fair": 57.26,
            "eps_avg_yearly": 4.19,
            "eps_latest_yearly": 2.6,
            "eps_growth_yearly": 3.67
        },
        "20093": {
            "year_quarter": 20093,
            "year": 2009,
            "quarter": 3,
            "eps": 0.79,
            "eps_growth_year": -37.3,
            "eps_4q": 2.23,
            "eps_4q_growth_year": -56.19,
            "roe": 3.44,
            "roe_4q": 9.85,
            "gross_profit": 134691,
            "gross_margin": 23.18,
            "gross_margin_4q_avg": 21.98,
            "net_income": 61868,
            "net_income_4q": null,
            "revenue": 581070,
            "revenue_4q": null,
            "common_shares": 720588,
            "book_valuer_per_share": 23.65,
            "book_valuer_per_share_4q_avg": 24.27,
            "equity": 1823444,
            "current_ratio": 175.33,
            "debt_ratio": 30.1,
            "inventory_turnover_ratio": 1.11,
            "account_receivable_turnover_ratio": 1.14,
            "reinvestment_rate": 72.44,
            "research_to_sale_ratio": null,
            "price_fair": 94.02,
            "eps_avg_yearly": 4.12,
            "eps_latest_yearly": 3.16,
            "eps_growth_yearly": 12.82
        },
        "20094": {
            "year_quarter": 20094,
            "year": 2009,
            "quarter": 4,
            "eps": 0.83,
            "eps_growth_year": 76.6,
            "eps_4q": 2.8,
            "eps_4q_growth_year": -38.58,
            "roe": 3.44,
            "roe_4q": 11.62,
            "gross_profit": 125352,
            "gross_margin": 20.13,
            "gross_margin_4q_avg": 22.05,
            "net_income": 63705,
            "net_income_4q": null,
            "revenue": 622707,
            "revenue_4q": null,
            "common_shares": 720588,
            "book_valuer_per_share": 24.44,
            "book_valuer_per_share_4q_avg": 24.26,
            "equity": 1883581,
            "current_ratio": 192.46,
            "debt_ratio": 28.39,
            "inventory_turnover_ratio": 1.24,
            "account_receivable_turnover_ratio": 2.34,
            "reinvestment_rate": 113.36,
            "research_to_sale_ratio": null,
            "price_fair": 88.76,
            "eps_avg_yearly": 4.04,
            "eps_latest_yearly": 3.32,
            "eps_growth_yearly": 11.98
        },
        "20101": {
            "year_quarter": 20101,
            "year": 2010,
            "quarter": 1,
            "eps": 1.07,
            "eps_growth_year": 91.07,
            "eps_4q": 3.33,
            "eps_4q_growth_year": -9.13,
            "roe": 4.16,
            "roe_4q": 13.75,
            "gross_profit": 163029,
            "gross_margin": 25.14,
            "gross_margin_4q_avg": 23.36,
            "net_income": 79928,
            "net_income_4q": null,
            "revenue": 648588,
            "revenue_4q": null,
            "common_shares": 720588,
            "book_valuer_per_share": 25.46,
            "book_valuer_per_share_4q_avg": 24.31,
            "equity": 1959220,
            "current_ratio": 211.21,
            "debt_ratio": 25.92,
            "inventory_turnover_ratio": 1.2,
            "account_receivable_turnover_ratio": 1.2,
            "reinvestment_rate": 117.41,
            "research_to_sale_ratio": 0.71,
            "price_fair": 120.11,
            "eps_avg_yearly": 4.02,
            "eps_latest_yearly": 4.28,
            "eps_growth_yearly": 19.86
        },
        "20102": {
            "year_quarter": 20102,
            "year": 2010,
            "quarter": 2,
            "eps": 0.93,
            "eps_growth_year": 43.09,
            "eps_4q": 3.62,
            "eps_4q_growth_year": 33.88,
            "roe": 3.51,
            "roe_4q": 14.549999999999999,
            "gross_profit": 137986,
            "gross_margin": 20.99,
            "gross_margin_4q_avg": 22.36,
            "net_income": 67607,
            "net_income_4q": null,
            "revenue": 657283,
            "revenue_4q": null,
            "common_shares": 720588,
            "book_valuer_per_share": 24.53,
            "book_valuer_per_share_4q_avg": 24.52,
            "equity": 1894703,
            "current_ratio": 161.09,
            "debt_ratio": 33.54,
            "inventory_turnover_ratio": 1.1,
            "account_receivable_turnover_ratio": 1.14,
            "reinvestment_rate": 117.45,
            "research_to_sale_ratio": 0.84,
            "price_fair": 113.22,
            "eps_avg_yearly": 3.99,
            "eps_latest_yearly": 3.72,
            "eps_growth_yearly": 18.36
        },
        "20103": {
            "year_quarter": 20103,
            "year": 2010,
            "quarter": 3,
            "eps": 0.99,
            "eps_growth_year": 25.02,
            "eps_4q": 3.82,
            "eps_4q_growth_year": 70.93,
            "roe": 3.97,
            "roe_4q": 15.08,
            "gross_profit": 147466,
            "gross_margin": 21.87,
            "gross_margin_4q_avg": 22.03,
            "net_income": 76453,
            "net_income_4q": null,
            "revenue": 674397,
            "revenue_4q": null,
            "common_shares": 720588,
            "book_valuer_per_share": 25.4,
            "book_valuer_per_share_4q_avg": 24.96,
            "equity": 1956112,
            "current_ratio": 163.88,
            "debt_ratio": 33.74,
            "inventory_turnover_ratio": 0.95,
            "account_receivable_turnover_ratio": 1.07,
            "reinvestment_rate": 115.22,
            "research_to_sale_ratio": 0.88,
            "price_fair": 118.19,
            "eps_avg_yearly": 3.98,
            "eps_latest_yearly": 3.96,
            "eps_growth_yearly": 19.73
        },
        "20104": {
            "year_quarter": 20104,
            "year": 2010,
            "quarter": 4,
            "eps": 0.53,
            "eps_growth_year": -35.58,
            "eps_4q": 3.52,
            "eps_4q_growth_year": 25.58,
            "roe": 1.97,
            "roe_4q": 13.61,
            "gross_profit": 122829,
            "gross_margin": 15.63,
            "gross_margin_4q_avg": 20.91,
            "net_income": 38612,
            "net_income_4q": null,
            "revenue": 786021,
            "revenue_4q": null,
            "common_shares": 720588,
            "book_valuer_per_share": 25.63,
            "book_valuer_per_share_4q_avg": 25.26,
            "equity": 1959981,
            "current_ratio": 163.69,
            "debt_ratio": 34.17,
            "inventory_turnover_ratio": 1.15,
            "account_receivable_turnover_ratio": 1.23,
            "reinvestment_rate": 102.8,
            "research_to_sale_ratio": 0.83,
            "price_fair": 72.48,
            "eps_avg_yearly": 3.85,
            "eps_latest_yearly": 2.12,
            "eps_growth_yearly": 8.82
        },
        "20111": {
            "year_quarter": 20111,
            "year": 2011,
            "quarter": 1,
            "eps": 0.89,
            "eps_growth_year": -16.82,
            "eps_4q": 3.34,
            "eps_4q_growth_year": 0.2,
            "roe": 2.86,
            "roe_4q": 12.31,
            "gross_profit": 136445,
            "gross_margin": 19.35,
            "gross_margin_4q_avg": 19.46,
            "net_income": 56234,
            "net_income_4q": null,
            "revenue": 705106,
            "revenue_4q": null,
            "common_shares": 720588,
            "book_valuer_per_share": 26.13,
            "book_valuer_per_share_4q_avg": 25.42,
            "equity": 1975057,
            "current_ratio": 143.9,
            "debt_ratio": 37.64,
            "inventory_turnover_ratio": 0.96,
            "account_receivable_turnover_ratio": 1.11,
            "reinvestment_rate": 130.85,
            "research_to_sale_ratio": 0.89,
            "price_fair": 105.7,
            "eps_avg_yearly": 3.74,
            "eps_latest_yearly": 3.56,
            "eps_growth_yearly": 18.28
        },
        "20112": {
            "year_quarter": 20112,
            "year": 2011,
            "quarter": 2,
            "eps": 0.87,
            "eps_growth_year": -6.56,
            "eps_4q": 3.28,
            "eps_4q_growth_year": -9.34,
            "roe": 3.31,
            "roe_4q": 12.110000000000001,
            "gross_profit": 139857,
            "gross_margin": 18.99,
            "gross_margin_4q_avg": 18.96,
            "net_income": 63239,
            "net_income_4q": null,
            "revenue": 736405,
            "revenue_4q": null,
            "common_shares": 720588,
            "book_valuer_per_share": 24.41,
            "book_valuer_per_share_4q_avg": 25.39,
            "equity": 1849715,
            "current_ratio": 121.92,
            "debt_ratio": 43.53,
            "inventory_turnover_ratio": 0.99,
            "account_receivable_turnover_ratio": 1.06,
            "reinvestment_rate": 140.41,
            "research_to_sale_ratio": 0.7,
            "price_fair": 98.12,
            "eps_avg_yearly": 3.61,
            "eps_latest_yearly": 3.48,
            "eps_growth_yearly": 17.16
        },
        "20113": {
            "year_quarter": 20113,
            "year": 2011,
            "quarter": 3,
            "eps": 1.4,
            "eps_growth_year": 41.37,
            "eps_4q": 3.69,
            "eps_4q_growth_year": -3.4,
            "roe": 5.38,
            "roe_4q": 13.52,
            "gross_profit": 168010,
            "gross_margin": 19.21,
            "gross_margin_4q_avg": 18.3,
            "net_income": 107301,
            "net_income_4q": null,
            "revenue": 874466,
            "revenue_4q": null,
            "common_shares": 720588,
            "book_valuer_per_share": 26.42,
            "book_valuer_per_share_4q_avg": 25.65,
            "equity": 2138948,
            "current_ratio": 135.76,
            "debt_ratio": 40.75,
            "inventory_turnover_ratio": 1.17,
            "account_receivable_turnover_ratio": 1.13,
            "reinvestment_rate": 161.69,
            "research_to_sale_ratio": 0.63,
            "price_fair": 131.95,
            "eps_avg_yearly": 3.77,
            "eps_latest_yearly": 5.6,
            "eps_growth_yearly": 43.34
        },
        "20114": {
            "year_quarter": 20114,
            "year": 2011,
            "quarter": 4,
            "eps": 1.36,
            "eps_growth_year": 154.54,
            "eps_4q": 4.51,
            "eps_4q_growth_year": 28.18,
            "roe": 4.8,
            "roe_4q": 16.35,
            "gross_profit": 210279,
            "gross_margin": 21.8,
            "gross_margin_4q_avg": 19.84,
            "net_income": 105124,
            "net_income_4q": null,
            "revenue": 964592,
            "revenue_4q": null,
            "common_shares": 720588,
            "book_valuer_per_share": 27.77,
            "book_valuer_per_share_4q_avg": 26.18,
            "equity": 2242070,
            "current_ratio": 142.59,
            "debt_ratio": 38.98,
            "inventory_turnover_ratio": 1.14,
            "account_receivable_turnover_ratio": 1.16,
            "reinvestment_rate": 129.8,
            "research_to_sale_ratio": 0.8,
            "price_fair": 122.26,
            "eps_avg_yearly": 3.76,
            "eps_latest_yearly": 5.44,
            "eps_growth_yearly": 22.49
        },
        "20121": {
            "year_quarter": 20121,
            "year": 2012,
            "quarter": 1,
            "eps": 1.08,
            "eps_growth_year": 21.35,
            "eps_4q": 4.71,
            "eps_4q_growth_year": 40.98,
            "roe": 3.64,
            "roe_4q": 17.13,
            "gross_profit": 182569,
            "gross_margin": 19.55,
            "gross_margin_4q_avg": 19.89,
            "net_income": 82707,
            "net_income_4q": null,
            "revenue": 933724,
            "revenue_4q": null,
            "common_shares": 720588,
            "book_valuer_per_share": 28.6,
            "book_valuer_per_share_4q_avg": 26.8,
            "equity": 2300070,
            "current_ratio": 144.81,
            "debt_ratio": 38.48,
            "inventory_turnover_ratio": 1.02,
            "account_receivable_turnover_ratio": 1.11,
            "reinvestment_rate": 123.42,
            "research_to_sale_ratio": 0.89,
            "price_fair": 114.83,
            "eps_avg_yearly": 3.73,
            "eps_latest_yearly": 4.32,
            "eps_growth_yearly": 20.77
        },
        "20122": {
            "year_quarter": 20122,
            "year": 2012,
            "quarter": 2,
            "eps": 0.69,
            "eps_growth_year": -20.66,
            "eps_4q": 4.35,
            "eps_4q_growth_year": 32.55,
            "roe": 2.46,
            "roe_4q": 16.279999999999998,
            "gross_profit": 141773,
            "gross_margin": 15.97,
            "gross_margin_4q_avg": 19.13,
            "net_income": 55203,
            "net_income_4q": null,
            "revenue": 887668,
            "revenue_4q": null,
            "common_shares": 720588,
            "book_valuer_per_share": 26.92,
            "book_valuer_per_share_4q_avg": 27.43,
            "equity": 2184564,
            "current_ratio": 126.94,
            "debt_ratio": 43.67,
            "inventory_turnover_ratio": 0.97,
            "account_receivable_turnover_ratio": 1.09,
            "reinvestment_rate": 128.7,
            "research_to_sale_ratio": 0.53,
            "price_fair": 74.35,
            "eps_avg_yearly": 3.59,
            "eps_latest_yearly": 2.76,
            "eps_growth_yearly": 10.7
        },
        "20123": {
            "year_quarter": 20123,
            "year": 2012,
            "quarter": 3,
            "eps": 0.55,
            "eps_growth_year": -60.36,
            "eps_4q": 3.57,
            "eps_4q_growth_year": -3.19,
            "roe": 2.01,
            "roe_4q": 12.91,
            "gross_profit": 129057,
            "gross_margin": 14.27,
            "gross_margin_4q_avg": 17.9,
            "net_income": 44174,
            "net_income_4q": null,
            "revenue": 904097,
            "revenue_4q": null,
            "common_shares": 756617,
            "book_valuer_per_share": 25.98,
            "book_valuer_per_share_4q_avg": 27.32,
            "equity": 2207958,
            "current_ratio": 126.62,
            "debt_ratio": 42.61,
            "inventory_turnover_ratio": 1,
            "account_receivable_turnover_ratio": 1.11,
            "reinvestment_rate": 134.95,
            "research_to_sale_ratio": 0.44,
            "price_fair": 52.67,
            "eps_avg_yearly": 3.42,
            "eps_latest_yearly": 2.2,
            "eps_growth_yearly": 5.42
        },
        "20124": {
            "year_quarter": 20124,
            "year": 2012,
            "quarter": 4,
            "eps": 0.52,
            "eps_growth_year": -61.88,
            "eps_4q": 2.79,
            "eps_4q_growth_year": -38.13,
            "roe": 2.06,
            "roe_4q": 10.17,
            "gross_profit": 114381,
            "gross_margin": 12.12,
            "gross_margin_4q_avg": 15.48,
            "net_income": 45994,
            "net_income_4q": null,
            "revenue": 943448,
            "revenue_4q": null,
            "common_shares": 756617,
            "book_valuer_per_share": 26.46,
            "book_valuer_per_share_4q_avg": 26.99,
            "equity": 2249305,
            "current_ratio": 129.25,
            "debt_ratio": 39.69,
            "inventory_turnover_ratio": 1.18,
            "account_receivable_turnover_ratio": 1.2,
            "reinvestment_rate": 136.28,
            "research_to_sale_ratio": 0.29,
            "price_fair": 101.91,
            "eps_avg_yearly": 3.43,
            "eps_latest_yearly": 2.08,
            "eps_growth_yearly": 19.73
        },
        "20131": {
            "year_quarter": 20131,
            "year": 2013,
            "quarter": 1,
            "eps": 0.74,
            "eps_growth_year": -31.48,
            "eps_4q": 2.5,
            "eps_4q_growth_year": -46.98,
            "roe": 2.53,
            "roe_4q": 9.059999999999999,
            "gross_profit": 118792,
            "gross_margin": 13.92,
            "gross_margin_4q_avg": 14.07,
            "net_income": 57798,
            "net_income_4q": null,
            "revenue": 853208,
            "revenue_4q": null,
            "common_shares": 756617,
            "book_valuer_per_share": 27.24,
            "book_valuer_per_share_4q_avg": 26.65,
            "equity": 2316271,
            "current_ratio": 136.01,
            "debt_ratio": 38.54,
            "inventory_turnover_ratio": 1.16,
            "account_receivable_turnover_ratio": 1.11,
            "reinvestment_rate": 52.8,
            "research_to_sale_ratio": 0.46,
            "price_fair": 121.54,
            "eps_avg_yearly": 3.47,
            "eps_latest_yearly": 2.96,
            "eps_growth_yearly": 25.52
        },
        "20132": {
            "year_quarter": 20132,
            "year": 2013,
            "quarter": 2,
            "eps": 0.82,
            "eps_growth_year": 18.93,
            "eps_4q": 2.63,
            "eps_4q_growth_year": -39.59,
            "roe": 2.76,
            "roe_4q": 9.36,
            "gross_profit": 132805,
            "gross_margin": 15.28,
            "gross_margin_4q_avg": 13.9,
            "net_income": 62536,
            "net_income_4q": null,
            "revenue": 869001,
            "revenue_4q": null,
            "common_shares": 756617,
            "book_valuer_per_share": 26.17,
            "book_valuer_per_share_4q_avg": 26.46,
            "equity": 2221560,
            "current_ratio": 129.09,
            "debt_ratio": 39.92,
            "inventory_turnover_ratio": 1.28,
            "account_receivable_turnover_ratio": 1.12,
            "reinvestment_rate": 38.21,
            "research_to_sale_ratio": 0.48,
            "price_fair": 120.24,
            "eps_avg_yearly": 3.52,
            "eps_latest_yearly": 3.28,
            "eps_growth_yearly": 24.21
        },
        "20133": {
            "year_quarter": 20133,
            "year": 2013,
            "quarter": 3,
            "eps": 0.62,
            "eps_growth_year": 12.04,
            "eps_4q": 2.7,
            "eps_4q_growth_year": -24.46,
            "roe": 2.22,
            "roe_4q": 9.57,
            "gross_profit": 120191,
            "gross_margin": 14.48,
            "gross_margin_4q_avg": 13.95,
            "net_income": 49798,
            "net_income_4q": null,
            "revenue": 830042,
            "revenue_4q": null,
            "common_shares": 756617,
            "book_valuer_per_share": 26.69,
            "book_valuer_per_share_4q_avg": 26.64,
            "equity": 2260856,
            "current_ratio": 136.5,
            "debt_ratio": 37.66,
            "inventory_turnover_ratio": 1.39,
            "account_receivable_turnover_ratio": 1.08,
            "reinvestment_rate": 35.3,
            "research_to_sale_ratio": 0.51,
            "price_fair": 78.92,
            "eps_avg_yearly": 3.47,
            "eps_latest_yearly": 2.48,
            "eps_growth_yearly": 12.73
        },
        "20134": {
            "year_quarter": 20134,
            "year": 2013,
            "quarter": 4,
            "eps": 0.74,
            "eps_growth_year": 41.98,
            "eps_4q": 2.91,
            "eps_4q_growth_year": 4.36,
            "roe": 2.56,
            "roe_4q": 10.07,
            "gross_profit": 124303,
            "gross_margin": 14.23,
            "gross_margin_4q_avg": 14.48,
            "net_income": 58918,
            "net_income_4q": null,
            "revenue": 873407,
            "revenue_4q": null,
            "common_shares": 756617,
            "book_valuer_per_share": 27.65,
            "book_valuer_per_share_4q_avg": 26.94,
            "equity": 2338595,
            "current_ratio": 141,
            "debt_ratio": 36.8,
            "inventory_turnover_ratio": 1.56,
            "account_receivable_turnover_ratio": 1.13,
            "reinvestment_rate": -18,
            "research_to_sale_ratio": 0.47,
            "price_fair": 90.73,
            "eps_avg_yearly": 3.45,
            "eps_latest_yearly": 2.96,
            "eps_growth_yearly": 16.3
        },
        "20141": {
            "year_quarter": 20141,
            "year": 2014,
            "quarter": 1,
            "eps": 0.95,
            "eps_growth_year": 28.38,
            "eps_4q": 3.13,
            "eps_4q_growth_year": 25.37,
            "roe": 3.27,
            "roe_4q": 10.81,
            "gross_profit": 144017,
            "gross_margin": 16.53,
            "gross_margin_4q_avg": 15.13,
            "net_income": 78068,
            "net_income_4q": null,
            "revenue": 871075,
            "revenue_4q": null,
            "common_shares": 756617,
            "book_valuer_per_share": 28.78,
            "book_valuer_per_share_4q_avg": 27.32,
            "equity": 2435675,
            "current_ratio": 150.13,
            "debt_ratio": 35,
            "inventory_turnover_ratio": 1.67,
            "account_receivable_turnover_ratio": 1.11,
            "reinvestment_rate": -19.87,
            "research_to_sale_ratio": 0.51,
            "price_fair": 89.48,
            "eps_avg_yearly": 3.42,
            "eps_latest_yearly": 3.8,
            "eps_growth_yearly": 16.17
        },
        "20142": {
            "year_quarter": 20142,
            "year": 2014,
            "quarter": 2,
            "eps": 0.66,
            "eps_growth_year": -19.51,
            "eps_4q": 2.97,
            "eps_4q_growth_year": 13.08,
            "roe": 2.29,
            "roe_4q": 10.340000000000002,
            "gross_profit": 146087,
            "gross_margin": 16.67,
            "gross_margin_4q_avg": 15.48,
            "net_income": 54239,
            "net_income_4q": null,
            "revenue": 876604,
            "revenue_4q": null,
            "common_shares": 756617,
            "book_valuer_per_share": 27.17,
            "book_valuer_per_share_4q_avg": 27.57,
            "equity": 2310964,
            "current_ratio": 145.33,
            "debt_ratio": 35.12,
            "inventory_turnover_ratio": 1.77,
            "account_receivable_turnover_ratio": 1.11,
            "reinvestment_rate": -29.96,
            "research_to_sale_ratio": 0.44,
            "price_fair": 73.1,
            "eps_avg_yearly": 3.35,
            "eps_latest_yearly": 2.64,
            "eps_growth_yearly": 11.8
        },
        "20143": {
            "year_quarter": 20143,
            "year": 2014,
            "quarter": 3,
            "eps": 0.67,
            "eps_growth_year": 8.06,
            "eps_4q": 3.01,
            "eps_4q_growth_year": 11.76,
            "roe": 2.3,
            "roe_4q": 10.42,
            "gross_profit": 121713,
            "gross_margin": 14.55,
            "gross_margin_4q_avg": 15.5,
            "net_income": 53694,
            "net_income_4q": null,
            "revenue": 836730,
            "revenue_4q": null,
            "common_shares": 756617,
            "book_valuer_per_share": 28.06,
            "book_valuer_per_share_4q_avg": 27.92,
            "equity": 2365783,
            "current_ratio": 154.56,
            "debt_ratio": 32.76,
            "inventory_turnover_ratio": 1.67,
            "account_receivable_turnover_ratio": 1.09,
            "reinvestment_rate": -30.14,
            "research_to_sale_ratio": 0.43,
            "price_fair": 67.32,
            "eps_avg_yearly": 3.27,
            "eps_latest_yearly": 2.68,
            "eps_growth_yearly": 10.57
        },
        "20144": {
            "year_quarter": 20144,
            "year": 2014,
            "quarter": 4,
            "eps": 0.69,
            "eps_growth_year": -6.38,
            "eps_4q": 2.97,
            "eps_4q_growth_year": 1.79,
            "roe": 2.4,
            "roe_4q": 10.26,
            "gross_profit": 126068,
            "gross_margin": 14.59,
            "gross_margin_4q_avg": 15.59,
            "net_income": 57938,
            "net_income_4q": null,
            "revenue": 864249,
            "revenue_4q": null,
            "common_shares": 756617,
            "book_valuer_per_share": 29.18,
            "book_valuer_per_share_4q_avg": 28.3,
            "equity": 2464269,
            "current_ratio": 174.37,
            "debt_ratio": 28.44,
            "inventory_turnover_ratio": 1.67,
            "account_receivable_turnover_ratio": 1.16,
            "reinvestment_rate": -29.5,
            "research_to_sale_ratio": 0.49,
            "price_fair": 109.09,
            "eps_avg_yearly": 3.31,
            "eps_latest_yearly": 2.76,
            "eps_growth_yearly": 22.93
        },
        "20151": {
            "year_quarter": 20151,
            "year": 2015,
            "quarter": 1,
            "eps": 0.73,
            "eps_growth_year": -23.16,
            "eps_4q": 2.75,
            "eps_4q_growth_year": -12.25,
            "roe": 2.27,
            "roe_4q": 9.26,
            "gross_profit": 136246,
            "gross_margin": 15.74,
            "gross_margin_4q_avg": 15.39,
            "net_income": 56294,
            "net_income_4q": null,
            "revenue": 865795,
            "revenue_4q": null,
            "common_shares": 756617,
            "book_valuer_per_share": 29.73,
            "book_valuer_per_share_4q_avg": 28.54,
            "equity": 2502661,
            "current_ratio": 183.46,
            "debt_ratio": 28.03,
            "inventory_turnover_ratio": 1.69,
            "account_receivable_turnover_ratio": 1.12,
            "reinvestment_rate": -48.95,
            "research_to_sale_ratio": 0.49,
            "price_fair": 56.94,
            "eps_avg_yearly": 3.27,
            "eps_latest_yearly": 2.92,
            "eps_growth_yearly": 7.4
        },
        "20152": {
            "year_quarter": 20152,
            "year": 2015,
            "quarter": 2,
            "eps": 0.77,
            "eps_growth_year": 16.67,
            "eps_4q": 2.86,
            "eps_4q_growth_year": -3.68,
            "roe": 2.62,
            "roe_4q": 9.59,
            "gross_profit": 139704,
            "gross_margin": 16.88,
            "gross_margin_4q_avg": 15.44,
            "net_income": 63474,
            "net_income_4q": null,
            "revenue": 827734,
            "revenue_4q": null,
            "common_shares": 756617,
            "book_valuer_per_share": 27.83,
            "book_valuer_per_share_4q_avg": 28.7,
            "equity": 2343912,
            "current_ratio": 161.31,
            "debt_ratio": 32.47,
            "inventory_turnover_ratio": 1.67,
            "account_receivable_turnover_ratio": 1.08,
            "reinvestment_rate": -58.56,
            "research_to_sale_ratio": 0.46,
            "price_fair": 62.78,
            "eps_avg_yearly": 3.25,
            "eps_latest_yearly": 3.08,
            "eps_growth_yearly": 9.33
        },
        "20153": {
            "year_quarter": 20153,
            "year": 2015,
            "quarter": 3,
            "eps": 1.06,
            "eps_growth_year": 58.21,
            "eps_4q": 3.25,
            "eps_4q_growth_year": 7.86,
            "roe": 3.73,
            "roe_4q": 11.02,
            "gross_profit": 140976,
            "gross_margin": 17.41,
            "gross_margin_4q_avg": 16.16,
            "net_income": 89594,
            "net_income_4q": null,
            "revenue": 809599,
            "revenue_4q": null,
            "common_shares": 756617,
            "book_valuer_per_share": 29.19,
            "book_valuer_per_share_4q_avg": 28.98,
            "equity": 2464112,
            "current_ratio": 209.1,
            "debt_ratio": 23.86,
            "inventory_turnover_ratio": 1.65,
            "account_receivable_turnover_ratio": 1.11,
            "reinvestment_rate": -94.66,
            "research_to_sale_ratio": 0.51,
            "price_fair": 42.75,
            "eps_avg_yearly": 3.16,
            "eps_latest_yearly": 4.24,
            "eps_growth_yearly": 3.52
        },
        "20154": {
            "year_quarter": 20154,
            "year": 2015,
            "quarter": 4,
            "eps": 0.76,
            "eps_growth_year": 10.62,
            "eps_4q": 3.32,
            "eps_4q_growth_year": 12.03,
            "roe": 2.75,
            "roe_4q": 11.370000000000001,
            "gross_profit": 147248,
            "gross_margin": 17.29,
            "gross_margin_4q_avg": 16.83,
            "net_income": 68534,
            "net_income_4q": null,
            "revenue": 851570,
            "revenue_4q": null,
            "common_shares": 756617,
            "book_valuer_per_share": 29.71,
            "book_valuer_per_share_4q_avg": 29.12,
            "equity": 2513761,
            "current_ratio": 230.02,
            "debt_ratio": 22.66,
            "inventory_turnover_ratio": 1.82,
            "account_receivable_turnover_ratio": 1.2,
            "reinvestment_rate": -105.97,
            "research_to_sale_ratio": 0.45,
            "price_fair": 9.04,
            "eps_avg_yearly": 3.01,
            "eps_latest_yearly": 3.04,
            "eps_growth_yearly": -2.84
        },
        "20161": {
            "year_quarter": 20161,
            "year": 2016,
            "quarter": 1,
            "eps": 0.85,
            "eps_growth_year": 16.44,
            "eps_4q": 3.45,
            "eps_4q_growth_year": 25.54,
            "roe": 2.99,
            "roe_4q": 12.09,
            "gross_profit": 154277,
            "gross_margin": 19.68,
            "gross_margin_4q_avg": 17.82,
            "net_income": 76025,
            "net_income_4q": null,
            "revenue": 784031,
            "revenue_4q": null,
            "common_shares": 756617,
            "book_valuer_per_share": 30.41,
            "book_valuer_per_share_4q_avg": 29.29,
            "equity": 2574932,
            "current_ratio": 266.76,
            "debt_ratio": 20.1,
            "inventory_turnover_ratio": 1.68,
            "account_receivable_turnover_ratio": 1.13,
            "reinvestment_rate": -114.4,
            "research_to_sale_ratio": 0.88,
            "price_fair": 45.11,
            "eps_avg_yearly": 2.96,
            "eps_latest_yearly": 3.4,
            "eps_growth_yearly": 5.26
        },
        "20162": {
            "year_quarter": 20162,
            "year": 2016,
            "quarter": 2,
            "eps": 0.74,
            "eps_growth_year": -3.9,
            "eps_4q": 3.42,
            "eps_4q_growth_year": 19.58,
            "roe": 2.56,
            "roe_4q": 12.030000000000001,
            "gross_profit": 148068,
            "gross_margin": 19.04,
            "gross_margin_4q_avg": 18.36,
            "net_income": 64315,
            "net_income_4q": null,
            "revenue": 777745,
            "revenue_4q": null,
            "common_shares": 756617,
            "book_valuer_per_share": 28.77,
            "book_valuer_per_share_4q_avg": 29.52,
            "equity": 2442991,
            "current_ratio": 232.64,
            "debt_ratio": 23.06,
            "inventory_turnover_ratio": 1.79,
            "account_receivable_turnover_ratio": 1.12,
            "reinvestment_rate": -123.56,
            "research_to_sale_ratio": 1.03,
            "price_fair": 62.49,
            "eps_avg_yearly": 2.97,
            "eps_latest_yearly": 2.96,
            "eps_growth_yearly": 11.06
        },
        "20163": {
            "year_quarter": 20163,
            "year": 2016,
            "quarter": 3,
            "eps": 0.81,
            "eps_growth_year": -23.58,
            "eps_4q": 3.17,
            "eps_4q_growth_year": -2.44,
            "roe": 3.03,
            "roe_4q": 11.33,
            "gross_profit": 155936,
            "gross_margin": 19.22,
            "gross_margin_4q_avg": 18.81,
            "net_income": 74399,
            "net_income_4q": null,
            "revenue": 811525,
            "revenue_4q": null,
            "common_shares": 756617,
            "book_valuer_per_share": 29.22,
            "book_valuer_per_share_4q_avg": 29.53,
            "equity": 2471244,
            "current_ratio": 315.8,
            "debt_ratio": 17.09,
            "inventory_turnover_ratio": 1.96,
            "account_receivable_turnover_ratio": 1.16,
            "reinvestment_rate": -130.06,
            "research_to_sale_ratio": 0.5,
            "price_fair": 86.41,
            "eps_avg_yearly": 3.03,
            "eps_latest_yearly": 3.24,
            "eps_growth_yearly": 18.49
        },
        "20164": {
            "year_quarter": 20164,
            "year": 2016,
            "quarter": 4,
            "eps": 0.87,
            "eps_growth_year": 13.74,
            "eps_4q": 3.28,
            "eps_4q_growth_year": -1.44,
            "roe": 3.08,
            "roe_4q": 11.66,
            "gross_profit": 161831,
            "gross_margin": 19.87,
            "gross_margin_4q_avg": 19.45,
            "net_income": 77317,
            "net_income_4q": null,
            "revenue": 814437,
            "revenue_4q": null,
            "common_shares": 756617,
            "book_valuer_per_share": 30.09,
            "book_valuer_per_share_4q_avg": 29.62,
            "equity": 2551243,
            "current_ratio": 293.08,
            "debt_ratio": 19.55,
            "inventory_turnover_ratio": 1.84,
            "account_receivable_turnover_ratio": 1.15,
            "reinvestment_rate": -132.21,
            "research_to_sale_ratio": 1.32,
            "price_fair": 98.94,
            "eps_avg_yearly": 3.12,
            "eps_latest_yearly": 3.48,
            "eps_growth_yearly": 21.71
        },
        "20171": {
            "year_quarter": 20171,
            "year": 2017,
            "quarter": 1,
            "eps": 0.76,
            "eps_growth_year": -10.59,
            "eps_4q": 3.18,
            "eps_4q_growth_year": -7.7,
            "roe": 2.65,
            "roe_4q": 11.32,
            "gross_profit": 165425,
            "gross_margin": 21.07,
            "gross_margin_4q_avg": 19.8,
            "net_income": 67780,
            "net_income_4q": null,
            "revenue": 785289,
            "revenue_4q": null,
            "common_shares": 756617,
            "book_valuer_per_share": 30.24,
            "book_valuer_per_share_4q_avg": 29.58,
            "equity": 2556615,
            "current_ratio": 333.3,
            "debt_ratio": 17.69,
            "inventory_turnover_ratio": 1.56,
            "account_receivable_turnover_ratio": 1.1,
            "reinvestment_rate": -55.41,
            "research_to_sale_ratio": 0.82,
            "price_fair": 56.16,
            "eps_avg_yearly": 3.13,
            "eps_latest_yearly": 3.04,
            "eps_growth_yearly": 7.97
        },
        "20172": {
            "year_quarter": 20172,
            "year": 2017,
            "quarter": 2,
            "eps": 0.77,
            "eps_growth_year": 4.05,
            "eps_4q": 3.21,
            "eps_4q_growth_year": -6.1,
            "roe": 2.68,
            "roe_4q": 11.44,
            "gross_profit": 139112,
            "gross_margin": 18.19,
            "gross_margin_4q_avg": 19.59,
            "net_income": 66867,
            "net_income_4q": null,
            "revenue": 764759,
            "revenue_4q": null,
            "common_shares": 756617,
            "book_valuer_per_share": 28.91,
            "book_valuer_per_share_4q_avg": 29.62,
            "equity": 2425885,
            "current_ratio": 260.63,
            "debt_ratio": 22.25,
            "inventory_turnover_ratio": 1.46,
            "account_receivable_turnover_ratio": 1.1,
            "reinvestment_rate": -53.14,
            "research_to_sale_ratio": 0.21,
            "price_fair": 48.55,
            "eps_avg_yearly": 3.11,
            "eps_latest_yearly": 3.08,
            "eps_growth_yearly": 5.6
        },
        "20173": {
            "year_quarter": 20173,
            "year": 2017,
            "quarter": 3,
            "eps": 0.86,
            "eps_growth_year": 6.17,
            "eps_4q": 3.26,
            "eps_4q_growth_year": 2.74,
            "roe": 3.14,
            "roe_4q": 11.55,
            "gross_profit": 155265,
            "gross_margin": 19.25,
            "gross_margin_4q_avg": 19.6,
            "net_income": 77362,
            "net_income_4q": null,
            "revenue": 806617,
            "revenue_4q": null,
            "common_shares": 756617,
            "book_valuer_per_share": 29.83,
            "book_valuer_per_share_4q_avg": 29.77,
            "equity": 2507187,
            "current_ratio": 331.53,
            "debt_ratio": 17.75,
            "inventory_turnover_ratio": 1.46,
            "account_receivable_turnover_ratio": 1.17,
            "reinvestment_rate": -50.3,
            "research_to_sale_ratio": 1.46,
            "price_fair": 78.1,
            "eps_avg_yearly": 3.17,
            "eps_latest_yearly": 3.44,
            "eps_growth_yearly": 14.62
        },
        "20174": {
            "year_quarter": 20174,
            "year": 2017,
            "quarter": 4,
            "eps": 0.59,
            "eps_growth_year": -31.63,
            "eps_4q": 2.98,
            "eps_4q_growth_year": -8.93,
            "roe": 2.26,
            "roe_4q": 10.73,
            "gross_profit": 153034,
            "gross_margin": 19.06,
            "gross_margin_4q_avg": 19.39,
            "net_income": 57086,
            "net_income_4q": null,
            "revenue": 803000,
            "revenue_4q": null,
            "common_shares": 756617,
            "book_valuer_per_share": 30.33,
            "book_valuer_per_share_4q_avg": 29.83,
            "equity": 2552709,
            "current_ratio": 328.16,
            "debt_ratio": 18.64,
            "inventory_turnover_ratio": 1.42,
            "account_receivable_turnover_ratio": 1.13,
            "reinvestment_rate": -51.47,
            "research_to_sale_ratio": 0.88,
            "price_fair": 37.4,
            "eps_avg_yearly": 3.14,
            "eps_latest_yearly": 2.36,
            "eps_growth_yearly": 1.93
        },
        "20181": {
            "year_quarter": 20181,
            "year": 2018,
            "quarter": 1,
            "eps": 0.56,
            "eps_growth_year": -26.32,
            "eps_4q": 2.78,
            "eps_4q_growth_year": -12.64,
            "roe": 2.09,
            "roe_4q": 10.17,
            "gross_profit": 146042,
            "gross_margin": 18.13,
            "gross_margin_4q_avg": 18.66,
            "net_income": 53779,
            "net_income_4q": null,
            "revenue": 805323,
            "revenue_4q": null,
            "common_shares": 756617,
            "book_valuer_per_share": 30.83,
            "book_valuer_per_share_4q_avg": 29.98,
            "equity": 2595136,
            "current_ratio": 362.09,
            "debt_ratio": 17.28,
            "inventory_turnover_ratio": 1.5,
            "account_receivable_turnover_ratio": 1.1,
            "reinvestment_rate": -54.36,
            "research_to_sale_ratio": 0.84,
            "price_fair": 9.11,
            "eps_avg_yearly": 3.04,
            "eps_latest_yearly": 2.24,
            "eps_growth_yearly": -6.44
        },
        "20182": {
            "year_quarter": 20182,
            "year": 2018,
            "quarter": 2,
            "eps": 0.7,
            "eps_growth_year": -9.09,
            "eps_4q": 2.7,
            "eps_4q_growth_year": -15.79,
            "roe": 2.63,
            "roe_4q": 10.12,
            "gross_profit": 124381,
            "gross_margin": 16.69,
            "gross_margin_4q_avg": 18.28,
            "net_income": 66702,
            "net_income_4q": null,
            "revenue": 745378,
            "revenue_4q": null,
            "common_shares": 756617,
            "book_valuer_per_share": 29.52,
            "book_valuer_per_share_4q_avg": 30.13,
            "equity": 2478637,
            "current_ratio": 288.62,
            "debt_ratio": 21.3,
            "inventory_turnover_ratio": 1.46,
            "account_receivable_turnover_ratio": 1,
            "reinvestment_rate": -48.85,
            "research_to_sale_ratio": 0.93,
            "price_fair": 53.17,
            "eps_avg_yearly": 3.05,
            "eps_latest_yearly": 2.8,
            "eps_growth_yearly": 7.45
        },
        "20183": {
            "year_quarter": 20183,
            "year": 2018,
            "quarter": 3,
            "eps": 0.3,
            "eps_growth_year": -65.12,
            "eps_4q": 2.15,
            "eps_4q_growth_year": -34.09,
            "roe": 1.54,
            "roe_4q": 8.52,
            "gross_profit": 112138,
            "gross_margin": 15.57,
            "gross_margin_4q_avg": 17.36,
            "net_income": 38297,
            "net_income_4q": null,
            "revenue": 720114,
            "revenue_4q": null,
            "common_shares": 756617,
            "book_valuer_per_share": 29.58,
            "book_valuer_per_share_4q_avg": 30.07,
            "equity": 2495562,
            "current_ratio": 382.83,
            "debt_ratio": 15.95,
            "inventory_turnover_ratio": 1.44,
            "account_receivable_turnover_ratio": 0.99,
            "reinvestment_rate": -53.45,
            "research_to_sale_ratio": 1,
            "price_fair": 8.87,
            "eps_avg_yearly": 2.96,
            "eps_latest_yearly": 1.2,
            "eps_growth_yearly": -7.22
        },
        "20184": {
            "year_quarter": 20184,
            "year": 2018,
            "quarter": 4,
            "eps": -0.27,
            "eps_growth_year": -145.5,
            "eps_4q": 1.28,
            "eps_4q_growth_year": -56.95,
            "roe": -0.22,
            "roe_4q": 6.04,
            "gross_profit": 92287,
            "gross_margin": 14.98,
            "gross_margin_4q_avg": 16.34,
            "net_income": -5582,
            "net_income_4q": null,
            "revenue": 616024,
            "revenue_4q": null,
            "common_shares": 756617,
            "book_valuer_per_share": 29.44,
            "book_valuer_per_share_4q_avg": 29.84,
            "equity": 2502261,
            "current_ratio": 434.4,
            "debt_ratio": 13.93,
            "inventory_turnover_ratio": 1.25,
            "account_receivable_turnover_ratio": 1.01,
            "reinvestment_rate": -59.8,
            "research_to_sale_ratio": 1.03,
            "price_fair": 8.9,
            "eps_avg_yearly": 2.97,
            "eps_latest_yearly": 1.2,
            "eps_growth_yearly": -8.5
        },
        "20191": {
            "year_quarter": 20191,
            "year": 2019,
            "quarter": 1,
            "eps": 0.22,
            "eps_growth_year": -60.71,
            "eps_4q": 0.94,
            "eps_4q_growth_year": -66.13,
            "roe": 1.21,
            "roe_4q": 5.16,
            "gross_profit": 81592,
            "gross_margin": 14.79,
            "gross_margin_4q_avg": 15.51,
            "net_income": 30652,
            "net_income_4q": null,
            "revenue": 551734,
            "revenue_4q": null,
            "common_shares": 756617,
            "book_valuer_per_share": 29.79,
            "book_valuer_per_share_4q_avg": 29.58,
            "equity": 2544331,
            "current_ratio": 503.15,
            "debt_ratio": 12.72,
            "inventory_turnover_ratio": 1.14,
            "account_receivable_turnover_ratio": 1.06,
            "reinvestment_rate": -58.72,
            "research_to_sale_ratio": 1.01,
            "price_fair": 8.91,
            "eps_avg_yearly": 2.97,
            "eps_latest_yearly": 1.2,
            "eps_growth_yearly": -10.76
        },
        "20192": {
            "year_quarter": 20192,
            "year": 2019,
            "quarter": 2,
            "eps": 0.21,
            "eps_growth_year": -70,
            "eps_4q": 0.46,
            "eps_4q_growth_year": -83.05,
            "roe": 1.22,
            "roe_4q": 3.7499999999999996,
            "gross_profit": 86796,
            "gross_margin": 15.28,
            "gross_margin_4q_avg": 15.16,
            "net_income": 30434,
            "net_income_4q": null,
            "revenue": 567882,
            "revenue_4q": null,
            "common_shares": 756617,
            "book_valuer_per_share": 28.81,
            "book_valuer_per_share_4q_avg": 29.41,
            "equity": 2431893,
            "current_ratio": 376.77,
            "debt_ratio": 16.1,
            "inventory_turnover_ratio": 1.23,
            "account_receivable_turnover_ratio": 1.1,
            "reinvestment_rate": -59.52,
            "research_to_sale_ratio": 1.17,
            "price_fair": 8.43,
            "eps_avg_yearly": 2.81,
            "eps_latest_yearly": 0.84,
            "eps_growth_yearly": -13.62
        },
        "20193": {
            "year_quarter": 20193,
            "year": 2019,
            "quarter": 3,
            "eps": 0.29,
            "eps_growth_year": -3.33,
            "eps_4q": 0.45,
            "eps_4q_growth_year": -79.11,
            "roe": 1.94,
            "roe_4q": 4.15,
            "gross_profit": 99013,
            "gross_margin": 16.09,
            "gross_margin_4q_avg": 15.29,
            "net_income": 47591,
            "net_income_4q": null,
            "revenue": 615314,
            "revenue_4q": null,
            "common_shares": 756617,
            "book_valuer_per_share": 28.98,
            "book_valuer_per_share_4q_avg": 29.26,
            "equity": 2471467,
            "current_ratio": 490.9,
            "debt_ratio": 12.76,
            "inventory_turnover_ratio": 1.39,
            "account_receivable_turnover_ratio": 1.18,
            "reinvestment_rate": -67.82,
            "research_to_sale_ratio": 1.12,
            "price_fair": 7.77,
            "eps_avg_yearly": 2.59,
            "eps_latest_yearly": 1.16,
            "eps_growth_yearly": -13.5
        },
        "20194": {
            "year_quarter": 20194,
            "year": 2019,
            "quarter": 4,
            "eps": 0.01,
            "eps_growth_year": null,
            "eps_4q": 0.73,
            "eps_4q_growth_year": -43.03,
            "roe": 0.46,
            "roe_4q": 4.83,
            "gross_profit": 94782,
            "gross_margin": 15.61,
            "gross_margin_4q_avg": 15.44,
            "net_income": 11242,
            "net_income_4q": null,
            "revenue": 607271,
            "revenue_4q": null,
            "common_shares": 756617,
            "book_valuer_per_share": 28.78,
            "book_valuer_per_share_4q_avg": 29.09,
            "equity": 2457327,
            "current_ratio": 467.28,
            "debt_ratio": 13.52,
            "inventory_turnover_ratio": 1.46,
            "account_receivable_turnover_ratio": 1.17,
            "reinvestment_rate": -74.06,
            "research_to_sale_ratio": 0.99,
            "price_fair": 7.13,
            "eps_avg_yearly": 2.38,
            "eps_latest_yearly": 0.04,
            "eps_growth_yearly": -33
        },
        "20201": {
            "year_quarter": 20201,
            "year": 2020,
            "quarter": 1,
            "eps": 0.32,
            "eps_growth_year": 45.45,
            "eps_4q": 0.84,
            "eps_4q_growth_year": -11.19,
            "roe": 1.5,
            "roe_4q": 5.12,
            "gross_profit": 88902,
            "gross_margin": 16.72,
            "gross_margin_4q_avg": 15.93,
            "net_income": 37031,
            "net_income_4q": null,
            "revenue": 531854,
            "revenue_4q": null,
            "common_shares": 756617,
            "book_valuer_per_share": 29.03,
            "book_valuer_per_share_4q_avg": 28.9,
            "equity": 2486628,
            "current_ratio": 539.43,
            "debt_ratio": 11.96,
            "inventory_turnover_ratio": 1.29,
            "account_receivable_turnover_ratio": 1.08,
            "reinvestment_rate": -74.85,
            "research_to_sale_ratio": 0.93,
            "price_fair": 77.9,
            "eps_avg_yearly": 2.23,
            "eps_latest_yearly": 1.28,
            "eps_growth_yearly": 849.33
        },
        "20202": {
            "year_quarter": 20202,
            "year": 2020,
            "quarter": 2,
            "eps": 0.14,
            "eps_growth_year": -33.33,
            "eps_4q": 0.77,
            "eps_4q_growth_year": 67.36,
            "roe": 0.55,
            "roe_4q": 4.449999999999999,
            "gross_profit": 32613,
            "gross_margin": 9.16,
            "gross_margin_4q_avg": 14.4,
            "net_income": 13420,
            "net_income_4q": null,
            "revenue": 356153,
            "revenue_4q": null,
            "common_shares": 756617,
            "book_valuer_per_share": 28.07,
            "book_valuer_per_share_4q_avg": 28.72,
            "equity": 2353373,
            "current_ratio": 499.54,
            "debt_ratio": 12.15,
            "inventory_turnover_ratio": 0.94,
            "account_receivable_turnover_ratio": 0.92,
            "reinvestment_rate": -78.24,
            "research_to_sale_ratio": 1.62,
            "price_fair": 71.9,
            "eps_avg_yearly": 2.05,
            "eps_latest_yearly": 0.56,
            "eps_growth_yearly": 836.96
        },
        "20203": {
            "year_quarter": 20203,
            "year": 2020,
            "quarter": 3,
            "eps": 0.34,
            "eps_growth_year": 17.24,
            "eps_4q": 0.81,
            "eps_4q_growth_year": 80.35,
            "roe": 1.55,
            "roe_4q": 4.0600000000000005,
            "gross_profit": 87072,
            "gross_margin": 14.56,
            "gross_margin_4q_avg": 14.01,
            "net_income": 36700,
            "net_income_4q": null,
            "revenue": 597944,
            "revenue_4q": null,
            "common_shares": 756617,
            "book_valuer_per_share": 28.42,
            "book_valuer_per_share_4q_avg": 28.58,
            "equity": 2387055,
            "current_ratio": 515.54,
            "debt_ratio": 12.2,
            "inventory_turnover_ratio": 1.62,
            "account_receivable_turnover_ratio": 1.61,
            "reinvestment_rate": -75.87,
            "research_to_sale_ratio": 0.9,
            "price_fair": 67.2,
            "eps_avg_yearly": 1.92,
            "eps_latest_yearly": 1.36,
            "eps_growth_yearly": 875.07
        },
        "20204": {
            "year_quarter": 20204,
            "year": 2020,
            "quarter": 4,
            "eps": 0.57,
            "eps_growth_year": 4144.82,
            "eps_4q": 1.36,
            "eps_4q_growth_year": 86.15,
            "roe": 2.33,
            "roe_4q": 5.93,
            "gross_profit": 128120,
            "gross_margin": 20.46,
            "gross_margin_4q_avg": 15.23,
            "net_income": 56187,
            "net_income_4q": null,
            "revenue": 626063,
            "revenue_4q": null,
            "common_shares": 756617,
            "book_valuer_per_share": 28.99,
            "book_valuer_per_share_4q_avg": 28.63,
            "equity": 2439429,
            "current_ratio": 421.83,
            "debt_ratio": 15.53,
            "inventory_turnover_ratio": 1.67,
            "account_receivable_turnover_ratio": 1.33,
            "reinvestment_rate": -72.21,
            "research_to_sale_ratio": 0.9,
            "price_fair": 64.2,
            "eps_avg_yearly": 1.83,
            "eps_latest_yearly": 2.28,
            "eps_growth_yearly": 892.28
        },
        "20211": {
            "year_quarter": 20211,
            "year": 2021,
            "quarter": 1,
            "eps": 0.84,
            "eps_growth_year": 162.5,
            "eps_4q": 1.89,
            "eps_4q_growth_year": 125.61,
            "roe": 3.61,
            "roe_4q": 8.04,
            "gross_profit": 166699,
            "gross_margin": 22.17,
            "gross_margin_4q_avg": 16.59,
            "net_income": 89774,
            "net_income_4q": null,
            "revenue": 752030,
            "revenue_4q": null,
            "common_shares": 756617,
            "book_valuer_per_share": 29.83,
            "book_valuer_per_share_4q_avg": 28.83,
            "equity": 2529739,
            "current_ratio": 441.68,
            "debt_ratio": 15.17,
            "inventory_turnover_ratio": 1.85,
            "account_receivable_turnover_ratio": 1.47,
            "reinvestment_rate": -63.57,
            "research_to_sale_ratio": 0.66,
            "price_fair": 65,
            "eps_avg_yearly": 1.86,
            "eps_latest_yearly": 3.36,
            "eps_growth_yearly": 909.43
        },
        "20212": {
            "year_quarter": 20212,
            "year": 2021,
            "quarter": 2,
            "eps": 0.55,
            "eps_growth_year": 292.86,
            "eps_4q": 2.29,
            "eps_4q_growth_year": 198.08,
            "roe": 2.39,
            "roe_4q": 9.88,
            "gross_profit": 138496,
            "gross_margin": 20.21,
            "gross_margin_4q_avg": 19.35,
            "net_income": 59845,
            "net_income_4q": null,
            "revenue": 685282,
            "revenue_4q": null,
            "common_shares": 756617,
            "book_valuer_per_share": 29.55,
            "book_valuer_per_share_4q_avg": 29.2,
            "equity": 2482017,
            "current_ratio": 376.9,
            "debt_ratio": 17.69,
            "inventory_turnover_ratio": 1.62,
            "account_receivable_turnover_ratio": 1.3,
            "reinvestment_rate": -68.7,
            "research_to_sale_ratio": 0.81,
            "price_fair": 62.8,
            "eps_avg_yearly": 1.79,
            "eps_latest_yearly": 2.2,
            "eps_growth_yearly": 899.19
        },
        "20213": {
            "year_quarter": 20213,
            "year": 2021,
            "quarter": 3,
            "eps": 0.52,
            "eps_growth_year": 52.94,
            "eps_4q": 2.48,
            "eps_4q_growth_year": 206.32,
            "roe": 2.03,
            "roe_4q": 10.36,
            "gross_profit": 109952,
            "gross_margin": 17.48,
            "gross_margin_4q_avg": 20.08,
            "net_income": 50870,
            "net_income_4q": null,
            "revenue": 629082,
            "revenue_4q": null,
            "common_shares": 756617,
            "book_valuer_per_share": 30.1,
            "book_valuer_per_share_4q_avg": 29.62,
            "equity": 2537461,
            "current_ratio": 458.18,
            "debt_ratio": 14.74,
            "inventory_turnover_ratio": 1.37,
            "account_receivable_turnover_ratio": 1.31,
            "reinvestment_rate": -67.41,
            "research_to_sale_ratio": 0.83,
            "price_fair": 59.4,
            "eps_avg_yearly": 1.7,
            "eps_latest_yearly": 2.08,
            "eps_growth_yearly": 894.29
        },
        "20214": {
            "year_quarter": 20214,
            "year": 2021,
            "quarter": 4,
            "eps": 0.48,
            "eps_growth_year": -14.67,
            "eps_4q": 2.39,
            "eps_4q_growth_year": 75.81,
            "roe": 2.05,
            "roe_4q": 10.08,
            "gross_profit": 125184,
            "gross_margin": 17.88,
            "gross_margin_4q_avg": 19.44,
            "net_income": 52464,
            "net_income_4q": null,
            "revenue": 700044,
            "revenue_4q": null,
            "common_shares": 756617,
            "book_valuer_per_share": 30.61,
            "book_valuer_per_share_4q_avg": 30.02,
            "equity": 2591356,
            "current_ratio": 410.94,
            "debt_ratio": 16.7,
            "inventory_turnover_ratio": 1.34,
            "account_receivable_turnover_ratio": 1.47,
            "reinvestment_rate": -56.98,
            "research_to_sale_ratio": 0.99,
            "price_fair": 58.3,
            "eps_avg_yearly": 1.67,
            "eps_latest_yearly": 1.92,
            "eps_growth_yearly": 901.06
        },
        "20221": {
            "year_quarter": 20221,
            "year": 2022,
            "quarter": 1,
            "eps": 0.76,
            "eps_growth_year": -9.52,
            "eps_4q": 2.32,
            "eps_4q_growth_year": 22.73,
            "roe": 3.16,
            "roe_4q": 9.63,
            "gross_profit": 150574,
            "gross_margin": 19.31,
            "gross_margin_4q_avg": 18.72,
            "net_income": 83809,
            "net_income_4q": null,
            "revenue": 779691,
            "revenue_4q": null,
            "common_shares": 756617,
            "book_valuer_per_share": 31.68,
            "book_valuer_per_share_4q_avg": 30.49,
            "equity": 2706620,
            "current_ratio": 453.09,
            "debt_ratio": 15.49,
            "inventory_turnover_ratio": 1.42,
            "account_receivable_turnover_ratio": 1.49,
            "reinvestment_rate": -43.86,
            "research_to_sale_ratio": 0.75,
            "price_fair": 60.3,
            "eps_avg_yearly": 1.72,
            "eps_latest_yearly": 3.04,
            "eps_growth_yearly": 919.18
        },
        "20222": {
            "year_quarter": 20222,
            "year": 2022,
            "quarter": 2,
            "eps": 0.78,
            "eps_growth_year": 41.82,
            "eps_4q": 2.55,
            "eps_4q_growth_year": 11.38,
            "roe": 3.04,
            "roe_4q": 10.28,
            "gross_profit": 155771,
            "gross_margin": 20.79,
            "gross_margin_4q_avg": 18.87,
            "net_income": 80811,
            "net_income_4q": null,
            "revenue": 749219,
            "revenue_4q": null,
            "common_shares": 756617,
            "book_valuer_per_share": 30.87,
            "book_valuer_per_share_4q_avg": 30.82,
            "equity": 2610018,
            "current_ratio": 436.25,
            "debt_ratio": 15.44,
            "inventory_turnover_ratio": 1.32,
            "account_receivable_turnover_ratio": 1.43,
            "reinvestment_rate": -36.65,
            "research_to_sale_ratio": 0.76,
            "price_fair": 61.1,
            "eps_avg_yearly": 1.75,
            "eps_latest_yearly": 3.12,
            "eps_growth_yearly": 912.79
        },
        "20223": {
            "year_quarter": 20223,
            "year": 2022,
            "quarter": 3,
            "eps": 0.71,
            "eps_growth_year": 36.54,
            "eps_4q": 2.73,
            "eps_4q_growth_year": 10.21,
            "roe": 2.95,
            "roe_4q": 11.2,
            "gross_profit": 143443,
            "gross_margin": 17.72,
            "gross_margin_4q_avg": 18.93,
            "net_income": 78568,
            "net_income_4q": null,
            "revenue": 809516,
            "revenue_4q": null,
            "common_shares": 756617,
            "book_valuer_per_share": 31.83,
            "book_valuer_per_share_4q_avg": 31.25,
            "equity": 2720133,
            "current_ratio": 432.2,
            "debt_ratio": 15.74,
            "inventory_turnover_ratio": 1.46,
            "account_receivable_turnover_ratio": 1.47,
            "reinvestment_rate": -19.52,
            "research_to_sale_ratio": 0.66,
            "price_fair": 65.2,
            "eps_avg_yearly": 1.86,
            "eps_latest_yearly": 2.84,
            "eps_growth_yearly": 926.55
        },
        "20224": {
            "year_quarter": 20224,
            "year": 2022,
            "quarter": 4,
            "eps": 0.57,
            "eps_growth_year": 18.48,
            "eps_4q": 2.82,
            "eps_4q_growth_year": 17.76,
            "roe": 2.31,
            "roe_4q": 11.46,
            "gross_profit": 158608,
            "gross_margin": 19.75,
            "gross_margin_4q_avg": 19.39,
            "net_income": 63290,
            "net_income_4q": null,
            "revenue": 802879,
            "revenue_4q": null,
            "common_shares": 756617,
            "book_valuer_per_share": 32.26,
            "book_valuer_per_share_4q_avg": 31.66,
            "equity": 2766936,
            "current_ratio": 418.23,
            "debt_ratio": 16.46,
            "inventory_turnover_ratio": 1.41,
            "account_receivable_turnover_ratio": 1.45,
            "reinvestment_rate": -12.95,
            "research_to_sale_ratio": 0.83,
            "price_fair": 66.17,
            "eps_avg_yearly": 1.89,
            "eps_latest_yearly": 2.28,
            "eps_growth_yearly": 859.53
        },
        "20231": {
            "year_quarter": 20231,
            "year": 2023,
            "quarter": 1,
            "eps": 0.65,
            "eps_growth_year": -14.47,
            "eps_4q": 2.71,
            "eps_4q_growth_year": 16.84,
            "roe": 2.51,
            "roe_4q": 10.81,
            "gross_profit": 141313,
            "gross_margin": 20.26,
            "gross_margin_4q_avg": 19.63,
            "net_income": 70329,
            "net_income_4q": null,
            "revenue": 697631,
            "revenue_4q": null,
            "common_shares": 756617,
            "book_valuer_per_share": 32.91,
            "book_valuer_per_share_4q_avg": 31.97,
            "equity": 2836229,
            "current_ratio": 501.05,
            "debt_ratio": 13.91,
            "inventory_turnover_ratio": 1.22,
            "account_receivable_turnover_ratio": 1.34,
            "reinvestment_rate": -6.84,
            "research_to_sale_ratio": 0.96,
            "price_fair": 67.73,
            "eps_avg_yearly": 1.94,
            "eps_latest_yearly": 2.6,
            "eps_growth_yearly": 809.31
        },
        "20232": {
            "year_quarter": 20232,
            "year": 2023,
            "quarter": 2,
            "eps": 0.51,
            "eps_growth_year": -34.62,
            "eps_4q": 2.44,
            "eps_4q_growth_year": -4.13,
            "roe": 2.04,
            "roe_4q": 9.809999999999999,
            "gross_profit": 122052,
            "gross_margin": 18.23,
            "gross_margin_4q_avg": 18.99,
            "net_income": 56147,
            "net_income_4q": null,
            "revenue": 669473,
            "revenue_4q": null,
            "common_shares": 756617,
            "book_valuer_per_share": 31.4,
            "book_valuer_per_share_4q_avg": 32.1,
            "equity": 2662794,
            "current_ratio": 374.93,
            "debt_ratio": 17.59,
            "inventory_turnover_ratio": 1.3,
            "account_receivable_turnover_ratio": 1.37,
            "reinvestment_rate": -5.07,
            "research_to_sale_ratio": 1.02,
            "price_fair": 70.35,
            "eps_avg_yearly": 2.01,
            "eps_latest_yearly": 2.04,
            "eps_growth_yearly": 805.07
        },
        "20233": {
            "year_quarter": 20233,
            "year": 2023,
            "quarter": 3,
            "eps": 0.61,
            "eps_growth_year": -14.08,
            "eps_4q": 2.34,
            "eps_4q_growth_year": -14.16,
            "roe": 2.63,
            "roe_4q": 9.49,
            "gross_profit": 134685,
            "gross_margin": 18.65,
            "gross_margin_4q_avg": 19.22,
            "net_income": 71361,
            "net_income_4q": null,
            "revenue": 722230,
            "revenue_4q": null,
            "common_shares": 756617,
            "book_valuer_per_share": 32.23,
            "book_valuer_per_share_4q_avg": 32.2,
            "equity": 2753899,
            "current_ratio": 430.28,
            "debt_ratio": 15.06,
            "inventory_turnover_ratio": 1.45,
            "account_receivable_turnover_ratio": 1.55,
            "reinvestment_rate": 3.03,
            "research_to_sale_ratio": 0.93,
            "price_fair": 73.15,
            "eps_avg_yearly": 2.09,
            "eps_latest_yearly": 2.44,
            "eps_growth_yearly": 800.44
        }
    },
    "months": {
        "2003-04": {
            "month": "2003-04",
            "price": "50.86",
            "revenue": 79244
        },
        "2003-05": {
            "month": "2003-05",
            "price": "64.60",
            "revenue": 85664
        },
        "2003-06": {
            "month": "2003-06",
            "price": "73.60",
            "revenue": 76819
        },
        "2003-07": {
            "month": "2003-07",
            "price": "76.54",
            "revenue": 91922
        },
        "2003-08": {
            "month": "2003-08",
            "price": "87.83",
            "revenue": 74265
        },
        "2003-09": {
            "month": "2003-09",
            "price": "78.57",
            "revenue": 81518
        },
        "2003-10": {
            "month": "2003-10",
            "price": "75.43",
            "revenue": 80588
        },
        "2003-11": {
            "month": "2003-11",
            "price": "75.65",
            "revenue": 80497
        },
        "2003-12": {
            "month": "2003-12",
            "price": "77.15",
            "revenue": 97253
        },
        "2004-01": {
            "month": "2004-01",
            "price": "75.73",
            "revenue": 92431
        },
        "2004-02": {
            "month": "2004-02",
            "price": "75.85",
            "revenue": 93203
        },
        "2004-03": {
            "month": "2004-03",
            "price": "73.30",
            "revenue": 112252
        },
        "2004-04": {
            "month": "2004-04",
            "price": "70.55",
            "revenue": 106414
        },
        "2004-05": {
            "month": "2004-05",
            "price": "66.55",
            "revenue": 128158
        },
        "2004-06": {
            "month": "2004-06",
            "price": "67.86",
            "revenue": 115458
        },
        "2004-07": {
            "month": "2004-07",
            "price": "65.70",
            "revenue": 117927
        },
        "2004-08": {
            "month": "2004-08",
            "price": "63.12",
            "revenue": 109723
        },
        "2004-09": {
            "month": "2004-09",
            "price": "56.79",
            "revenue": 101617
        },
        "2004-10": {
            "month": "2004-10",
            "price": "56.48",
            "revenue": 96023
        },
        "2004-11": {
            "month": "2004-11",
            "price": "55.25",
            "revenue": 100348
        },
        "2004-12": {
            "month": "2004-12",
            "price": "57.57",
            "revenue": 97262
        },
        "2005-01": {
            "month": "2005-01",
            "price": "60.57",
            "revenue": 116578
        },
        "2005-02": {
            "month": "2005-02",
            "price": "69.27",
            "revenue": 80597
        },
        "2005-03": {
            "month": "2005-03",
            "price": "68.99",
            "revenue": 112013
        },
        "2005-04": {
            "month": "2005-04",
            "price": "67.61",
            "revenue": 110106
        },
        "2005-05": {
            "month": "2005-05",
            "price": "63.35",
            "revenue": 134446
        },
        "2005-06": {
            "month": "2005-06",
            "price": "64.63",
            "revenue": 110947
        },
        "2005-07": {
            "month": "2005-07",
            "price": "66.58",
            "revenue": 110752
        },
        "2005-08": {
            "month": "2005-08",
            "price": "63.55",
            "revenue": 110608
        },
        "2005-09": {
            "month": "2005-09",
            "price": "51.91",
            "revenue": 100192
        },
        "2005-10": {
            "month": "2005-10",
            "price": "50.42",
            "revenue": 96363
        },
        "2005-11": {
            "month": "2005-11",
            "price": "46.64",
            "revenue": 100900
        },
        "2005-12": {
            "month": "2005-12",
            "price": "48.45",
            "revenue": 101576
        },
        "2006-01": {
            "month": "2006-01",
            "price": "49.14",
            "revenue": 106951
        },
        "2006-02": {
            "month": "2006-02",
            "price": "49.18",
            "revenue": 96759
        },
        "2006-03": {
            "month": "2006-03",
            "price": "48.15",
            "revenue": 123329
        },
        "2006-04": {
            "month": "2006-04",
            "price": "50.54",
            "revenue": 96302
        },
        "2006-05": {
            "month": "2006-05",
            "price": "48.78",
            "revenue": 106210
        },
        "2006-06": {
            "month": "2006-06",
            "price": "43.92",
            "revenue": 133233
        },
        "2006-07": {
            "month": "2006-07",
            "price": "42.62",
            "revenue": 117339
        },
        "2006-08": {
            "month": "2006-08",
            "price": "38.94",
            "revenue": 131533
        },
        "2006-09": {
            "month": "2006-09",
            "price": "37.44",
            "revenue": 129829
        },
        "2006-10": {
            "month": "2006-10",
            "price": "39.88",
            "revenue": 113618
        },
        "2006-11": {
            "month": "2006-11",
            "price": "39.70",
            "revenue": 106080
        },
        "2006-12": {
            "month": "2006-12",
            "price": "41.62",
            "revenue": 114165
        },
        "2007-01": {
            "month": "2007-01",
            "price": "42.67",
            "revenue": 145839
        },
        "2007-02": {
            "month": "2007-02",
            "price": "43.52",
            "revenue": 130591
        },
        "2007-03": {
            "month": "2007-03",
            "price": "47.67",
            "revenue": 181414
        },
        "2007-04": {
            "month": "2007-04",
            "price": "55.32",
            "revenue": 182568
        },
        "2007-05": {
            "month": "2007-05",
            "price": "58.97",
            "revenue": 183325
        },
        "2007-06": {
            "month": "2007-06",
            "price": "66.92",
            "revenue": 159584
        },
        "2007-07": {
            "month": "2007-07",
            "price": "76.98",
            "revenue": 155929
        },
        "2007-08": {
            "month": "2007-08",
            "price": "67.99",
            "revenue": 155046
        },
        "2007-09": {
            "month": "2007-09",
            "price": "71.67",
            "revenue": 124285
        },
        "2007-10": {
            "month": "2007-10",
            "price": "65.81",
            "revenue": 145889
        },
        "2007-11": {
            "month": "2007-11",
            "price": "52.42",
            "revenue": 140678
        },
        "2007-12": {
            "month": "2007-12",
            "price": "50.14",
            "revenue": 131015
        },
        "2008-01": {
            "month": "2008-01",
            "price": "51.19",
            "revenue": 183840
        },
        "2008-02": {
            "month": "2008-02",
            "price": "52.99",
            "revenue": 127358
        },
        "2008-03": {
            "month": "2008-03",
            "price": "51.55",
            "revenue": 181411
        },
        "2008-04": {
            "month": "2008-04",
            "price": "49.54",
            "revenue": 184054
        },
        "2008-05": {
            "month": "2008-05",
            "price": "49.74",
            "revenue": 175649
        },
        "2008-06": {
            "month": "2008-06",
            "price": "47.43",
            "revenue": 160580
        },
        "2008-07": {
            "month": "2008-07",
            "price": "42.11",
            "revenue": 192328
        },
        "2008-08": {
            "month": "2008-08",
            "price": "42.08",
            "revenue": 169790
        },
        "2008-09": {
            "month": "2008-09",
            "price": "41.31",
            "revenue": 162150
        },
        "2008-10": {
            "month": "2008-10",
            "price": "38.10",
            "revenue": 151216
        },
        "2008-11": {
            "month": "2008-11",
            "price": "37.03",
            "revenue": 121867
        },
        "2008-12": {
            "month": "2008-12",
            "price": "33.50",
            "revenue": 127556
        },
        "2009-01": {
            "month": "2009-01",
            "price": "31.87",
            "revenue": 112032
        },
        "2009-02": {
            "month": "2009-02",
            "price": "29.14",
            "revenue": 119786
        },
        "2009-03": {
            "month": "2009-03",
            "price": "31.29",
            "revenue": 144430
        },
        "2009-04": {
            "month": "2009-04",
            "price": "36.68",
            "revenue": 147445
        },
        "2009-05": {
            "month": "2009-05",
            "price": "37.51",
            "revenue": 142003
        },
        "2009-06": {
            "month": "2009-06",
            "price": "36.76",
            "revenue": 155447
        },
        "2009-07": {
            "month": "2009-07",
            "price": "37.38",
            "revenue": 166151
        },
        "2009-08": {
            "month": "2009-08",
            "price": "39.13",
            "revenue": 145915
        },
        "2009-09": {
            "month": "2009-09",
            "price": "38.58",
            "revenue": 155253
        },
        "2009-10": {
            "month": "2009-10",
            "price": "40.26",
            "revenue": 140091
        },
        "2009-11": {
            "month": "2009-11",
            "price": "42.79",
            "revenue": 140733
        },
        "2009-12": {
            "month": "2009-12",
            "price": "43.88",
            "revenue": 180454
        },
        "2010-01": {
            "month": "2010-01",
            "price": "42.93",
            "revenue": 204676
        },
        "2010-02": {
            "month": "2010-02",
            "price": "43.59",
            "revenue": 147031
        },
        "2010-03": {
            "month": "2010-03",
            "price": "44.49",
            "revenue": 183491
        },
        "2010-04": {
            "month": "2010-04",
            "price": "47.11",
            "revenue": 182436
        },
        "2010-05": {
            "month": "2010-05",
            "price": "46.81",
            "revenue": 199781
        },
        "2010-06": {
            "month": "2010-06",
            "price": "45.28",
            "revenue": 183552
        },
        "2010-07": {
            "month": "2010-07",
            "price": "43.89",
            "revenue": 193785
        },
        "2010-08": {
            "month": "2010-08",
            "price": "44.90",
            "revenue": 184312
        },
        "2010-09": {
            "month": "2010-09",
            "price": "45.69",
            "revenue": 193890
        },
        "2010-10": {
            "month": "2010-10",
            "price": "44.82",
            "revenue": 166569
        },
        "2010-11": {
            "month": "2010-11",
            "price": "43.84",
            "revenue": 158275
        },
        "2010-12": {
            "month": "2010-12",
            "price": "44.50",
            "revenue": 172482
        },
        "2011-01": {
            "month": "2011-01",
            "price": "42.88",
            "revenue": 182950
        },
        "2011-02": {
            "month": "2011-02",
            "price": "41.72",
            "revenue": 146396
        },
        "2011-03": {
            "month": "2011-03",
            "price": "41.93",
            "revenue": 213371
        },
        "2011-04": {
            "month": "2011-04",
            "price": "43.63",
            "revenue": 180386
        },
        "2011-05": {
            "month": "2011-05",
            "price": "43.85",
            "revenue": 211261
        },
        "2011-06": {
            "month": "2011-06",
            "price": "43.19",
            "revenue": 199134
        },
        "2011-07": {
            "month": "2011-07",
            "price": "43.71",
            "revenue": 197559
        },
        "2011-08": {
            "month": "2011-08",
            "price": "41.67",
            "revenue": 221177
        },
        "2011-09": {
            "month": "2011-09",
            "price": "39.53",
            "revenue": 201143
        },
        "2011-10": {
            "month": "2011-10",
            "price": "39.38",
            "revenue": 200981
        },
        "2011-11": {
            "month": "2011-11",
            "price": "40.72",
            "revenue": 213289
        },
        "2011-12": {
            "month": "2011-12",
            "price": "38.37",
            "revenue": 216174
        },
        "2012-01": {
            "month": "2012-01",
            "price": "39.95",
            "revenue": 209036
        },
        "2012-02": {
            "month": "2012-02",
            "price": "51.49",
            "revenue": 230348
        },
        "2012-03": {
            "month": "2012-03",
            "price": "53.86",
            "revenue": 237966
        },
        "2012-04": {
            "month": "2012-04",
            "price": "52.74",
            "revenue": 212896
        },
        "2012-05": {
            "month": "2012-05",
            "price": "47.80",
            "revenue": 226968
        },
        "2012-06": {
            "month": "2012-06",
            "price": "47.57",
            "revenue": 180501
        },
        "2012-07": {
            "month": "2012-07",
            "price": "49.07",
            "revenue": 211778
        },
        "2012-08": {
            "month": "2012-08",
            "price": "49.44",
            "revenue": 206961
        },
        "2012-09": {
            "month": "2012-09",
            "price": "42.49",
            "revenue": 192509
        },
        "2012-10": {
            "month": "2012-10",
            "price": "41.28",
            "revenue": 196651
        },
        "2012-11": {
            "month": "2012-11",
            "price": "36.76",
            "revenue": 190348
        },
        "2012-12": {
            "month": "2012-12",
            "price": "37.56",
            "revenue": 183195
        },
        "2013-01": {
            "month": "2013-01",
            "price": "38.45",
            "revenue": 318589
        },
        "2013-02": {
            "month": "2013-02",
            "price": "39.92",
            "revenue": 237479
        },
        "2013-03": {
            "month": "2013-03",
            "price": "40.05",
            "revenue": 297591
        },
        "2013-04": {
            "month": "2013-04",
            "price": "38.49",
            "revenue": 310311
        },
        "2013-05": {
            "month": "2013-05",
            "price": "39.18",
            "revenue": 288403
        },
        "2013-06": {
            "month": "2013-06",
            "price": "39.30",
            "revenue": 269835
        },
        "2013-07": {
            "month": "2013-07",
            "price": "37.87",
            "revenue": 280177
        },
        "2013-08": {
            "month": "2013-08",
            "price": "39.97",
            "revenue": 272498
        },
        "2013-09": {
            "month": "2013-09",
            "price": "40.98",
            "revenue": 277367
        },
        "2013-10": {
            "month": "2013-10",
            "price": "43.27",
            "revenue": 281954
        },
        "2013-11": {
            "month": "2013-11",
            "price": "41.31",
            "revenue": 288636
        },
        "2013-12": {
            "month": "2013-12",
            "price": "42.84",
            "revenue": 302819
        },
        "2014-01": {
            "month": "2014-01",
            "price": "45.60",
            "revenue": 294139
        },
        "2014-02": {
            "month": "2014-02",
            "price": "45.17",
            "revenue": 246766
        },
        "2014-03": {
            "month": "2014-03",
            "price": "47.05",
            "revenue": 330170
        },
        "2014-04": {
            "month": "2014-04",
            "price": "50.73",
            "revenue": 304930
        },
        "2014-05": {
            "month": "2014-05",
            "price": "49.96",
            "revenue": 289774
        },
        "2014-06": {
            "month": "2014-06",
            "price": "51.18",
            "revenue": 281899
        },
        "2014-07": {
            "month": "2014-07",
            "price": "51.05",
            "revenue": 279008
        },
        "2014-08": {
            "month": "2014-08",
            "price": "49.58",
            "revenue": 276265
        },
        "2014-09": {
            "month": "2014-09",
            "price": "49.61",
            "revenue": 281458
        },
        "2014-10": {
            "month": "2014-10",
            "price": "47.72",
            "revenue": 280793
        },
        "2014-11": {
            "month": "2014-11",
            "price": "45.32",
            "revenue": 278838
        },
        "2014-12": {
            "month": "2014-12",
            "price": "44.38",
            "revenue": 304617
        },
        "2015-01": {
            "month": "2015-01",
            "price": "44.88",
            "revenue": 302173
        },
        "2015-02": {
            "month": "2015-02",
            "price": "46.94",
            "revenue": 244445
        },
        "2015-03": {
            "month": "2015-03",
            "price": "47.52",
            "revenue": 319178
        },
        "2015-04": {
            "month": "2015-04",
            "price": "48.46",
            "revenue": 284473
        },
        "2015-05": {
            "month": "2015-05",
            "price": "49.96",
            "revenue": 277824
        },
        "2015-06": {
            "month": "2015-06",
            "price": "48.70",
            "revenue": 265436
        },
        "2015-07": {
            "month": "2015-07",
            "price": "46.28",
            "revenue": 269773
        },
        "2015-08": {
            "month": "2015-08",
            "price": "45.05",
            "revenue": 258291
        },
        "2015-09": {
            "month": "2015-09",
            "price": "44.12",
            "revenue": 281534
        },
        "2015-10": {
            "month": "2015-10",
            "price": "45.32",
            "revenue": 285753
        },
        "2015-11": {
            "month": "2015-11",
            "price": "45.93",
            "revenue": 277865
        },
        "2015-12": {
            "month": "2015-12",
            "price": "42.88",
            "revenue": 287953
        },
        "2016-01": {
            "month": "2016-01",
            "price": "42.88",
            "revenue": 281906
        },
        "2016-02": {
            "month": "2016-02",
            "price": "43.93",
            "revenue": 235733
        },
        "2016-03": {
            "month": "2016-03",
            "price": "44.72",
            "revenue": 266392
        },
        "2016-04": {
            "month": "2016-04",
            "price": "45.98",
            "revenue": 248212
        },
        "2016-05": {
            "month": "2016-05",
            "price": "41.57",
            "revenue": 276147
        },
        "2016-06": {
            "month": "2016-06",
            "price": "41.05",
            "revenue": 253386
        },
        "2016-07": {
            "month": "2016-07",
            "price": "39.18",
            "revenue": 272170
        },
        "2016-08": {
            "month": "2016-08",
            "price": "40.37",
            "revenue": 286370
        },
        "2016-09": {
            "month": "2016-09",
            "price": "43.47",
            "revenue": 252975
        },
        "2016-10": {
            "month": "2016-10",
            "price": "43.68",
            "revenue": 255174
        },
        "2016-11": {
            "month": "2016-11",
            "price": "41.28",
            "revenue": 277343
        },
        "2016-12": {
            "month": "2016-12",
            "price": "42.21",
            "revenue": 281930
        },
        "2017-01": {
            "month": "2017-01",
            "price": "44.70",
            "revenue": 271526
        },
        "2017-02": {
            "month": "2017-02",
            "price": "45.38",
            "revenue": 230070
        },
        "2017-03": {
            "month": "2017-03",
            "price": "45.76",
            "revenue": 283693
        },
        "2017-04": {
            "month": "2017-04",
            "price": "44.59",
            "revenue": 244556
        },
        "2017-05": {
            "month": "2017-05",
            "price": "44.33",
            "revenue": 268072
        },
        "2017-06": {
            "month": "2017-06",
            "price": "44.72",
            "revenue": 252738
        },
        "2017-07": {
            "month": "2017-07",
            "price": "43.23",
            "revenue": 260072
        },
        "2017-08": {
            "month": "2017-08",
            "price": "41.55",
            "revenue": 276804
        },
        "2017-09": {
            "month": "2017-09",
            "price": "41.16",
            "revenue": 269307
        },
        "2017-10": {
            "month": "2017-10",
            "price": "41.59",
            "revenue": 260430
        },
        "2017-11": {
            "month": "2017-11",
            "price": "42.05",
            "revenue": 272018
        },
        "2017-12": {
            "month": "2017-12",
            "price": "42.01",
            "revenue": 270379
        },
        "2018-01": {
            "month": "2018-01",
            "price": "42.81",
            "revenue": 305765
        },
        "2018-02": {
            "month": "2018-02",
            "price": "41.98",
            "revenue": 213062
        },
        "2018-03": {
            "month": "2018-03",
            "price": "42.27",
            "revenue": 286496
        },
        "2018-04": {
            "month": "2018-04",
            "price": "41.96",
            "revenue": 251185
        },
        "2018-05": {
            "month": "2018-05",
            "price": "41.42",
            "revenue": 265331
        },
        "2018-06": {
            "month": "2018-06",
            "price": "41.19",
            "revenue": 228862
        },
        "2018-07": {
            "month": "2018-07",
            "price": "40.06",
            "revenue": 246309
        },
        "2018-08": {
            "month": "2018-08",
            "price": "38.64",
            "revenue": 243546
        },
        "2018-09": {
            "month": "2018-09",
            "price": "37.42",
            "revenue": 230260
        },
        "2018-10": {
            "month": "2018-10",
            "price": "36.55",
            "revenue": 222963
        },
        "2018-11": {
            "month": "2018-11",
            "price": "33.66",
            "revenue": 199839
        },
        "2018-12": {
            "month": "2018-12",
            "price": "32.13",
            "revenue": 193218
        },
        "2019-01": {
            "month": "2019-01",
            "price": "31.32",
            "revenue": 219157
        },
        "2019-02": {
            "month": "2019-02",
            "price": "32.25",
            "revenue": 129511
        },
        "2019-03": {
            "month": "2019-03",
            "price": "33.68",
            "revenue": 203066
        },
        "2019-04": {
            "month": "2019-04",
            "price": "33.57",
            "revenue": 194391
        },
        "2019-05": {
            "month": "2019-05",
            "price": "31.40",
            "revenue": 188590
        },
        "2019-06": {
            "month": "2019-06",
            "price": "31.04",
            "revenue": 184756
        },
        "2019-07": {
            "month": "2019-07",
            "price": "30.24",
            "revenue": 213112
        },
        "2019-08": {
            "month": "2019-08",
            "price": "29.66",
            "revenue": 199149
        },
        "2019-09": {
            "month": "2019-09",
            "price": "29.84",
            "revenue": 203199
        },
        "2019-10": {
            "month": "2019-10",
            "price": "29.78",
            "revenue": 214193
        },
        "2019-11": {
            "month": "2019-11",
            "price": "28.55",
            "revenue": 194903
        },
        "2019-12": {
            "month": "2019-12",
            "price": "27.41",
            "revenue": 199649
        },
        "2020-01": {
            "month": "2020-01",
            "price": "27.25",
            "revenue": 169764
        },
        "2020-02": {
            "month": "2020-02",
            "price": "26.56",
            "revenue": 171407
        },
        "2020-03": {
            "month": "2020-03",
            "price": "23.60",
            "revenue": 190683
        },
        "2020-04": {
            "month": "2020-04",
            "price": "23.21",
            "revenue": 88151
        },
        "2020-05": {
            "month": "2020-05",
            "price": "24.21",
            "revenue": 130044
        },
        "2020-06": {
            "month": "2020-06",
            "price": "27.72",
            "revenue": 135011
        },
        "2020-07": {
            "month": "2020-07",
            "price": "26.11",
            "revenue": 181609
        },
        "2020-08": {
            "month": "2020-08",
            "price": "24.43",
            "revenue": 198486
        },
        "2020-09": {
            "month": "2020-09",
            "price": "24.64",
            "revenue": 220796
        },
        "2020-10": {
            "month": "2020-10",
            "price": "26.16",
            "revenue": 178202
        },
        "2020-11": {
            "month": "2020-11",
            "price": "27.07",
            "revenue": 197187
        },
        "2020-12": {
            "month": "2020-12",
            "price": "29.45",
            "revenue": 250672
        },
        "2021-01": {
            "month": "2021-01",
            "price": "31.73",
            "revenue": 287646
        },
        "2021-02": {
            "month": "2021-02",
            "price": "32.15",
            "revenue": 189152
        },
        "2021-03": {
            "month": "2021-03",
            "price": "33.18",
            "revenue": 275232
        },
        "2021-04": {
            "month": "2021-04",
            "price": "35.77",
            "revenue": 219048
        },
        "2021-05": {
            "month": "2021-05",
            "price": "35.34",
            "revenue": 225289
        },
        "2021-06": {
            "month": "2021-06",
            "price": "35.23",
            "revenue": 240946
        },
        "2021-07": {
            "month": "2021-07",
            "price": "35.61",
            "revenue": 244393
        },
        "2021-08": {
            "month": "2021-08",
            "price": "34.07",
            "revenue": 207327
        },
        "2021-09": {
            "month": "2021-09",
            "price": "34.14",
            "revenue": 177360
        },
        "2021-10": {
            "month": "2021-10",
            "price": "33.36",
            "revenue": 210130
        },
        "2021-11": {
            "month": "2021-11",
            "price": "33.54",
            "revenue": 234336
        },
        "2021-12": {
            "month": "2021-12",
            "price": "33.98",
            "revenue": 255927
        },
        "2022-01": {
            "month": "2022-01",
            "price": "33.80",
            "revenue": 303698
        },
        "2022-02": {
            "month": "2022-02",
            "price": "34.84",
            "revenue": 224554
        },
        "2022-03": {
            "month": "2022-03",
            "price": "35.38",
            "revenue": 251438
        },
        "2022-04": {
            "month": "2022-04",
            "price": "35.75",
            "revenue": 252667
        },
        "2022-05": {
            "month": "2022-05",
            "price": "35.62",
            "revenue": 272330
        },
        "2022-06": {
            "month": "2022-06",
            "price": "35.94",
            "revenue": 224179
        },
        "2022-07": {
            "month": "2022-07",
            "price": "36.26",
            "revenue": 239079
        },
        "2022-08": {
            "month": "2022-08",
            "price": "36.95",
            "revenue": 284899
        },
        "2022-09": {
            "month": "2022-09",
            "price": "40.52",
            "revenue": 285584
        },
        "2022-10": {
            "month": "2022-10",
            "price": "38.93",
            "revenue": 271867
        },
        "2022-11": {
            "month": "2022-11",
            "price": "38.46",
            "revenue": 276984
        },
        "2022-12": {
            "month": "2022-12",
            "price": "38.38",
            "revenue": 258433
        },
        "2023-01": {
            "month": "2023-01",
            "price": "38.37",
            "revenue": 199678
        },
        "2023-02": {
            "month": "2023-02",
            "price": "38.37",
            "revenue": 235581
        },
        "2023-03": {
            "month": "2023-03",
            "price": "38.43",
            "revenue": 262372
        },
        "2023-04": {
            "month": "2023-04",
            "price": "39.23",
            "revenue": 212612
        },
        "2023-05": {
            "month": "2023-05",
            "price": "39.67",
            "revenue": 226837
        },
        "2023-06": {
            "month": "2023-06",
            "price": "39.31",
            "revenue": 230024
        },
        "2023-07": {
            "month": "2023-07",
            "price": "38.70",
            "revenue": 229665
        },
        "2023-08": {
            "month": "2023-08",
            "price": "37.62",
            "revenue": 252967
        },
        "2023-09": {
            "month": "2023-09",
            "price": "36.84",
            "revenue": 239599
        },
        "2023-10": {
            "month": "2023-10",
            "price": "35.44",
            "revenue": 266570
        },
        "2023-11": {
            "month": "2023-11",
            "price": "33.88",
            "revenue": 287551
        },
        "2023-12": {
            "month": "2023-12",
            "price": "35.60",
            "revenue": 216582
        }
    }
}
