{
    "summary": {
        "stock_name": "拓凱",
        "stock_id": "4536",
        "category": "運動休閒",
        "main_business": "運動休閒產品<br>航太醫療產品<br>原物料及其他",
        "website_url": "http://www.topkey.com.tw",
        "ceo": "沈貝倪",
        "pe_ratio": 8,
        "report_year_from": 2009,
        "report_year_to": 2023,
        "age": 14,
        "eps_negative_percentage": 0,
        "eps_growth_avg": {
            "last_all": 19.34,
            "last_2y": 33.64,
            "last_4y": 35.66,
            "last_8y": 19.34,
            "last_12y": null,
            "last_16y": null,
            "last_20y": null,
            "at_2006_last_3y": null,
            "at_2007_last_3y": null,
            "at_2008_last_3y": null,
            "at_2009_last_3y": null,
            "at_2010_last_3y": null,
            "at_2011_last_3y": null,
            "at_2012_last_3y": null,
            "at_2013_last_3y": null,
            "at_2014_last_3y": null,
            "at_2015_last_3y": null,
            "at_2016_last_3y": null,
            "at_2017_last_3y": -1.07,
            "at_2018_last_3y": 18.78,
            "at_2019_last_3y": 16.7,
            "at_2020_last_3y": 4.44,
            "at_2021_last_3y": 19.58,
            "at_2022_last_3y": 25.88,
            "at_2023_last_3y": 25.88,
            "at_2006_last_all": null,
            "at_2007_last_all": null,
            "at_2008_last_all": null,
            "at_2009_last_all": null,
            "at_2010_last_all": null,
            "at_2011_last_all": null,
            "at_2012_last_all": null,
            "at_2013_last_all": null,
            "at_2014_last_all": null,
            "at_2015_last_all": 3.16,
            "at_2016_last_all": 11.22,
            "at_2017_last_all": -1.07,
            "at_2018_last_all": 14.11,
            "at_2019_last_all": 12.19,
            "at_2020_last_all": 7.35,
            "at_2021_last_all": 9.26,
            "at_2022_last_all": 19.34,
            "at_2023_last_all": 19.34
        },
        "latest_eps": 22.66,
        "latest_price": 172.5,
        "latest_roe": 29.86,
        "latest_gross_margin": 32.9,
        "latest_equity": 7819533,
        "latest_revenue": 2502470,
        "latest_gross_profit": 823398,
        "latest_net_income": 503200,
        "latest_debt_ratio": 43.75,
        "latest_current_ratio": 191.46,
        "latest_account_receivable_turnover_ratio": 1.26,
        "latest_inventory_turnover_ratio": 0.82,
        "latest_reinvestment_rate": 29.09,
        "latest_research_to_sale_ratio": 4.21
    },
    "eps_dividends": {
        "2001": {
            "cash": 0,
            "stock": 0,
            "eps": 0
        },
        "2002": {
            "cash": 0,
            "stock": 0,
            "eps": 0
        },
        "2003": {
            "cash": 0,
            "stock": 0,
            "eps": 0
        },
        "2004": {
            "cash": 0,
            "stock": 0,
            "eps": 0
        },
        "2005": {
            "cash": 0,
            "stock": 0,
            "eps": 0
        },
        "2006": {
            "cash": 0,
            "stock": 0,
            "eps": 0
        },
        "2007": {
            "cash": 0,
            "stock": 0,
            "eps": 0
        },
        "2008": {
            "cash": 0,
            "stock": 0,
            "eps": 0
        },
        "2009": {
            "cash": 0,
            "stock": 0,
            "eps": 0
        },
        "2010": {
            "cash": 0,
            "stock": 0,
            "eps": 0
        },
        "2011": {
            "cash": 3,
            "stock": 0,
            "eps": 0
        },
        "2012": {
            "cash": 0,
            "stock": 0,
            "eps": 0
        },
        "2013": {
            "cash": 3,
            "stock": 0,
            "eps": 6.36
        },
        "2014": {
            "cash": 5,
            "stock": 0,
            "eps": 6.07
        },
        "2015": {
            "cash": 4.5,
            "stock": 0,
            "eps": 6.73
        },
        "2016": {
            "cash": 5,
            "stock": 0,
            "eps": 8.57
        },
        "2017": {
            "cash": 6,
            "stock": 0,
            "eps": 5.32
        },
        "2018": {
            "cash": 3,
            "stock": 0,
            "eps": 9.3
        },
        "2019": {
            "cash": 5.5,
            "stock": 0,
            "eps": 9.54
        },
        "2020": {
            "cash": 6,
            "stock": 0,
            "eps": 7.47
        },
        "2021": {
            "cash": 5,
            "stock": 0,
            "eps": 9.16
        },
        "2022": {
            "cash": 6,
            "stock": 0,
            "eps": 24.88
        },
        "2023": {
            "cash": 11,
            "stock": 0,
            "eps": 8.8
        }
    },
    "dividends": {
        "2011-01-01": {
            "cash": 3,
            "stock": 0
        },
        "2013-03-21": {
            "cash": 3,
            "stock": 0
        },
        "2014-06-12": {
            "cash": 5,
            "stock": 0
        },
        "2015-08-20": {
            "cash": 4.5,
            "stock": 0
        },
        "2016-08-26": {
            "cash": 5,
            "stock": 0
        },
        "2017-08-21": {
            "cash": 6,
            "stock": 0
        },
        "2018-08-30": {
            "cash": 3,
            "stock": 0
        },
        "2019-08-23": {
            "cash": 5.5,
            "stock": 0
        },
        "2020-08-31": {
            "cash": 6,
            "stock": 0
        },
        "2021-09-09": {
            "cash": 5,
            "stock": 0
        },
        "2022-08-31": {
            "cash": 6,
            "stock": 0
        },
        "2023-08-15": {
            "cash": 11,
            "stock": 0
        }
    },
    "prices": {
        "200101": "無",
        "200102": "無",
        "200103": "無",
        "200104": "無",
        "200105": "無",
        "200106": "無",
        "200107": "無",
        "200108": "無",
        "200109": "無",
        "200110": "無",
        "200111": "無",
        "200112": "無",
        "200201": "無",
        "200202": "無",
        "200203": "無",
        "200204": "無",
        "200205": "無",
        "200206": "無",
        "200207": "無",
        "200208": "無",
        "200209": "無",
        "200210": "無",
        "200211": "無",
        "200212": "無",
        "200301": "無",
        "200302": "無",
        "200303": "無",
        "200304": "無",
        "200305": "無",
        "200306": "無",
        "200307": "無",
        "200308": "無",
        "200309": "無",
        "200310": "無",
        "200311": "無",
        "200312": "無",
        "200401": "無",
        "200402": "無",
        "200403": "無",
        "200404": "無",
        "200405": "無",
        "200406": "無",
        "200407": "無",
        "200408": "無",
        "200409": "無",
        "200410": "無",
        "200411": "無",
        "200412": "無",
        "200501": "無",
        "200502": "無",
        "200503": "無",
        "200504": "無",
        "200505": "無",
        "200506": "無",
        "200507": "無",
        "200508": "無",
        "200509": "無",
        "200510": "無",
        "200511": "無",
        "200512": "無",
        "200601": "無",
        "200602": "無",
        "200603": "無",
        "200604": "無",
        "200605": "無",
        "200606": "無",
        "200607": "無",
        "200608": "無",
        "200609": "無",
        "200610": "無",
        "200611": "無",
        "200612": "無",
        "200701": "無",
        "200702": "無",
        "200703": "無",
        "200704": "無",
        "200705": "無",
        "200706": "無",
        "200707": "無",
        "200708": "無",
        "200709": "無",
        "200710": "無",
        "200711": "無",
        "200712": "無",
        "200801": "無",
        "200802": "無",
        "200803": "無",
        "200804": "無",
        "200805": "無",
        "200806": "無",
        "200807": "無",
        "200808": "無",
        "200809": "無",
        "200810": "無",
        "200811": "無",
        "200812": "無",
        "200901": "無",
        "200902": "無",
        "200903": "無",
        "200904": "無",
        "200905": "無",
        "200906": "無",
        "200907": "無",
        "200908": "無",
        "200909": "無",
        "200910": "無",
        "200911": "無",
        "200912": "無",
        "201001": "無",
        "201002": "無",
        "201003": "無",
        "201004": "無",
        "201005": "無",
        "201006": "無",
        "201007": "無",
        "201008": "無",
        "201009": "無",
        "201010": "無",
        "201011": "無",
        "201012": "無",
        "201101": "無",
        "201102": "無",
        "201103": "無",
        "201104": "無",
        "201105": "無",
        "201106": "無",
        "201107": "無",
        "201108": "無",
        "201109": "無",
        "201110": "114.86",
        "201111": "115.78",
        "201112": "112.37",
        "201201": "107.55",
        "201202": "105.92",
        "201203": "110.59",
        "201204": "112.08",
        "201205": "111.92",
        "201206": "106.50",
        "201207": "103.57",
        "201208": "99.83",
        "201209": "99.91",
        "201210": "97.41",
        "201211": "97.37",
        "201212": "100.51",
        "201301": "105.00",
        "201302": "121.65",
        "201303": "144.87",
        "201304": "152.77",
        "201305": "160.89",
        "201306": "159.92",
        "201307": "177.92",
        "201308": "181.43",
        "201309": "174.39",
        "201310": "163.78",
        "201311": "161.52",
        "201312": "167.70",
        "201401": "155.28",
        "201402": "156.82",
        "201403": "166.29",
        "201404": "168.14",
        "201405": "158.17",
        "201406": "159.92",
        "201407": "165.59",
        "201408": "154.24",
        "201409": "148.21",
        "201410": "120.71",
        "201411": "113.28",
        "201412": "116.92",
        "201501": "117.35",
        "201502": "118.62",
        "201503": "126.86",
        "201504": "129.05",
        "201505": "130.35",
        "201506": "124.71",
        "201507": "120.14",
        "201508": "118.12",
        "201509": "126.42",
        "201510": "127.52",
        "201511": "124.21",
        "201512": "117.46",
        "201601": "107.21",
        "201602": "109.50",
        "201603": "115.67",
        "201604": "112.03",
        "201605": "106.43",
        "201606": "106.36",
        "201607": "103.88",
        "201608": "104.39",
        "201609": "106.24",
        "201610": "102.38",
        "201611": "97.57",
        "201612": "101.80",
        "201701": "102.84",
        "201702": "112.19",
        "201703": "110.93",
        "201704": "105.44",
        "201705": "107.00",
        "201706": "105.63",
        "201707": "103.31",
        "201708": "97.67",
        "201709": "95.59",
        "201710": "96.97",
        "201711": "95.33",
        "201712": "88.31",
        "201801": "89.97",
        "201802": "88.23",
        "201803": "86.77",
        "201804": "85.45",
        "201805": "80.98",
        "201806": "81.48",
        "201807": "83.85",
        "201808": "89.23",
        "201809": "89.73",
        "201810": "91.35",
        "201811": "88.97",
        "201812": "91.23",
        "201901": "119.24",
        "201902": "139.19",
        "201903": "147.12",
        "201904": "145.62",
        "201905": "145.64",
        "201906": "156.16",
        "201907": "172.02",
        "201908": "160.81",
        "201909": "150.08",
        "201910": "136.86",
        "201911": "129.02",
        "201912": "131.43",
        "202001": "137.27",
        "202002": "128.05",
        "202003": "105.54",
        "202004": "99.68",
        "202005": "116.58",
        "202006": "128.20",
        "202007": "157.07",
        "202008": "166.14",
        "202009": "159.75",
        "202010": "154.18",
        "202011": "161.95",
        "202012": "157.35",
        "202101": "153.08",
        "202102": "149.00",
        "202103": "171.32",
        "202104": "172.32",
        "202105": "162.38",
        "202106": "158.21",
        "202107": "149.48",
        "202108": "142.48",
        "202109": "131.30",
        "202110": "130.12",
        "202111": "134.98",
        "202112": "141.59",
        "202201": "139.33",
        "202202": "135.10",
        "202203": "132.33",
        "202204": "128.82",
        "202205": "123.05",
        "202206": "130.31",
        "202207": "138.38",
        "202208": "163.91",
        "202209": "167.55",
        "202210": "162.92",
        "202211": "172.95",
        "202212": "190.82",
        "202301": "177.38",
        "202302": "195.53",
        "202303": "217.67",
        "202304": "207.38",
        "202305": "198.82",
        "202306": "194.48",
        "202307": "178.07",
        "202308": "165.14",
        "202309": "169.15"
    },
    "quarters": {
        "20011": {
            "year_quarter": 20011,
            "year": 2001,
            "quarter": 1,
            "eps": null,
            "eps_growth_year": null,
            "eps_4q": null,
            "eps_4q_growth_year": null,
            "roe": null,
            "roe_4q": 0,
            "gross_profit": null,
            "gross_margin": null,
            "gross_margin_4q_avg": 0,
            "net_income": null,
            "revenue": null,
            "common_shares": null,
            "book_valuer_per_share": null,
            "book_valuer_per_share_4q_avg": 0,
            "equity": null,
            "current_ratio": null,
            "debt_ratio": null,
            "inventory_turnover_ratio": null,
            "account_receivable_turnover_ratio": null,
            "reinvestment_rate": null,
            "research_to_sale_ratio": null,
            "price_fair": 0,
            "eps_avg_yearly": 0,
            "eps_latest_yearly": 0,
            "eps_growth_yearly": 0
        },
        "20012": {
            "year_quarter": 20012,
            "year": 2001,
            "quarter": 2,
            "eps": null,
            "eps_growth_year": null,
            "eps_4q": null,
            "eps_4q_growth_year": null,
            "roe": null,
            "roe_4q": 0,
            "gross_profit": null,
            "gross_margin": null,
            "gross_margin_4q_avg": 0,
            "net_income": null,
            "revenue": null,
            "common_shares": null,
            "book_valuer_per_share": null,
            "book_valuer_per_share_4q_avg": 0,
            "equity": null,
            "current_ratio": null,
            "debt_ratio": null,
            "inventory_turnover_ratio": null,
            "account_receivable_turnover_ratio": null,
            "reinvestment_rate": null,
            "research_to_sale_ratio": null,
            "price_fair": 0,
            "eps_avg_yearly": 0,
            "eps_latest_yearly": 0,
            "eps_growth_yearly": 0
        },
        "20013": {
            "year_quarter": 20013,
            "year": 2001,
            "quarter": 3,
            "eps": null,
            "eps_growth_year": null,
            "eps_4q": null,
            "eps_4q_growth_year": null,
            "roe": null,
            "roe_4q": 0,
            "gross_profit": null,
            "gross_margin": null,
            "gross_margin_4q_avg": 0,
            "net_income": null,
            "revenue": null,
            "common_shares": null,
            "book_valuer_per_share": null,
            "book_valuer_per_share_4q_avg": 0,
            "equity": null,
            "current_ratio": null,
            "debt_ratio": null,
            "inventory_turnover_ratio": null,
            "account_receivable_turnover_ratio": null,
            "reinvestment_rate": null,
            "research_to_sale_ratio": null,
            "price_fair": 0,
            "eps_avg_yearly": 0,
            "eps_latest_yearly": 0,
            "eps_growth_yearly": 0
        },
        "20014": {
            "year_quarter": 20014,
            "year": 2001,
            "quarter": 4,
            "eps": null,
            "eps_growth_year": null,
            "eps_4q": null,
            "eps_4q_growth_year": null,
            "roe": null,
            "roe_4q": 0,
            "gross_profit": null,
            "gross_margin": null,
            "gross_margin_4q_avg": 0,
            "net_income": null,
            "revenue": null,
            "common_shares": null,
            "book_valuer_per_share": null,
            "book_valuer_per_share_4q_avg": 0,
            "equity": null,
            "current_ratio": null,
            "debt_ratio": null,
            "inventory_turnover_ratio": null,
            "account_receivable_turnover_ratio": null,
            "reinvestment_rate": null,
            "research_to_sale_ratio": null,
            "price_fair": 0,
            "eps_avg_yearly": 0,
            "eps_latest_yearly": 0,
            "eps_growth_yearly": 0
        },
        "20021": {
            "year_quarter": 20021,
            "year": 2002,
            "quarter": 1,
            "eps": null,
            "eps_growth_year": null,
            "eps_4q": null,
            "eps_4q_growth_year": null,
            "roe": null,
            "roe_4q": 0,
            "gross_profit": null,
            "gross_margin": null,
            "gross_margin_4q_avg": 0,
            "net_income": null,
            "revenue": null,
            "common_shares": null,
            "book_valuer_per_share": null,
            "book_valuer_per_share_4q_avg": 0,
            "equity": null,
            "current_ratio": null,
            "debt_ratio": null,
            "inventory_turnover_ratio": null,
            "account_receivable_turnover_ratio": null,
            "reinvestment_rate": null,
            "research_to_sale_ratio": null,
            "price_fair": 0,
            "eps_avg_yearly": 0,
            "eps_latest_yearly": 0,
            "eps_growth_yearly": 0
        },
        "20022": {
            "year_quarter": 20022,
            "year": 2002,
            "quarter": 2,
            "eps": null,
            "eps_growth_year": null,
            "eps_4q": null,
            "eps_4q_growth_year": null,
            "roe": null,
            "roe_4q": 0,
            "gross_profit": null,
            "gross_margin": null,
            "gross_margin_4q_avg": 0,
            "net_income": null,
            "revenue": null,
            "common_shares": null,
            "book_valuer_per_share": null,
            "book_valuer_per_share_4q_avg": 0,
            "equity": null,
            "current_ratio": null,
            "debt_ratio": null,
            "inventory_turnover_ratio": null,
            "account_receivable_turnover_ratio": null,
            "reinvestment_rate": null,
            "research_to_sale_ratio": null,
            "price_fair": 0,
            "eps_avg_yearly": 0,
            "eps_latest_yearly": 0,
            "eps_growth_yearly": 0
        },
        "20023": {
            "year_quarter": 20023,
            "year": 2002,
            "quarter": 3,
            "eps": null,
            "eps_growth_year": null,
            "eps_4q": null,
            "eps_4q_growth_year": null,
            "roe": null,
            "roe_4q": 0,
            "gross_profit": null,
            "gross_margin": null,
            "gross_margin_4q_avg": 0,
            "net_income": null,
            "revenue": null,
            "common_shares": null,
            "book_valuer_per_share": null,
            "book_valuer_per_share_4q_avg": 0,
            "equity": null,
            "current_ratio": null,
            "debt_ratio": null,
            "inventory_turnover_ratio": null,
            "account_receivable_turnover_ratio": null,
            "reinvestment_rate": null,
            "research_to_sale_ratio": null,
            "price_fair": 0,
            "eps_avg_yearly": 0,
            "eps_latest_yearly": 0,
            "eps_growth_yearly": 0
        },
        "20024": {
            "year_quarter": 20024,
            "year": 2002,
            "quarter": 4,
            "eps": null,
            "eps_growth_year": null,
            "eps_4q": null,
            "eps_4q_growth_year": null,
            "roe": null,
            "roe_4q": 0,
            "gross_profit": null,
            "gross_margin": null,
            "gross_margin_4q_avg": 0,
            "net_income": null,
            "revenue": null,
            "common_shares": null,
            "book_valuer_per_share": null,
            "book_valuer_per_share_4q_avg": 0,
            "equity": null,
            "current_ratio": null,
            "debt_ratio": null,
            "inventory_turnover_ratio": null,
            "account_receivable_turnover_ratio": null,
            "reinvestment_rate": null,
            "research_to_sale_ratio": null,
            "price_fair": 0,
            "eps_avg_yearly": 0,
            "eps_latest_yearly": 0,
            "eps_growth_yearly": 0
        },
        "20031": {
            "year_quarter": 20031,
            "year": 2003,
            "quarter": 1,
            "eps": null,
            "eps_growth_year": null,
            "eps_4q": null,
            "eps_4q_growth_year": null,
            "roe": null,
            "roe_4q": 0,
            "gross_profit": null,
            "gross_margin": null,
            "gross_margin_4q_avg": 0,
            "net_income": null,
            "revenue": null,
            "common_shares": null,
            "book_valuer_per_share": null,
            "book_valuer_per_share_4q_avg": 0,
            "equity": null,
            "current_ratio": null,
            "debt_ratio": null,
            "inventory_turnover_ratio": null,
            "account_receivable_turnover_ratio": null,
            "reinvestment_rate": null,
            "research_to_sale_ratio": null,
            "price_fair": 0,
            "eps_avg_yearly": 0,
            "eps_latest_yearly": 0,
            "eps_growth_yearly": 0
        },
        "20032": {
            "year_quarter": 20032,
            "year": 2003,
            "quarter": 2,
            "eps": null,
            "eps_growth_year": null,
            "eps_4q": null,
            "eps_4q_growth_year": null,
            "roe": null,
            "roe_4q": 0,
            "gross_profit": null,
            "gross_margin": null,
            "gross_margin_4q_avg": 0,
            "net_income": null,
            "revenue": null,
            "common_shares": null,
            "book_valuer_per_share": null,
            "book_valuer_per_share_4q_avg": 0,
            "equity": null,
            "current_ratio": null,
            "debt_ratio": null,
            "inventory_turnover_ratio": null,
            "account_receivable_turnover_ratio": null,
            "reinvestment_rate": null,
            "research_to_sale_ratio": null,
            "price_fair": 0,
            "eps_avg_yearly": 0,
            "eps_latest_yearly": 0,
            "eps_growth_yearly": 0
        },
        "20033": {
            "year_quarter": 20033,
            "year": 2003,
            "quarter": 3,
            "eps": null,
            "eps_growth_year": null,
            "eps_4q": null,
            "eps_4q_growth_year": null,
            "roe": null,
            "roe_4q": 0,
            "gross_profit": null,
            "gross_margin": null,
            "gross_margin_4q_avg": 0,
            "net_income": null,
            "revenue": null,
            "common_shares": null,
            "book_valuer_per_share": null,
            "book_valuer_per_share_4q_avg": 0,
            "equity": null,
            "current_ratio": null,
            "debt_ratio": null,
            "inventory_turnover_ratio": null,
            "account_receivable_turnover_ratio": null,
            "reinvestment_rate": null,
            "research_to_sale_ratio": null,
            "price_fair": 0,
            "eps_avg_yearly": 0,
            "eps_latest_yearly": 0,
            "eps_growth_yearly": 0
        },
        "20034": {
            "year_quarter": 20034,
            "year": 2003,
            "quarter": 4,
            "eps": null,
            "eps_growth_year": null,
            "eps_4q": null,
            "eps_4q_growth_year": null,
            "roe": null,
            "roe_4q": 0,
            "gross_profit": null,
            "gross_margin": null,
            "gross_margin_4q_avg": 0,
            "net_income": null,
            "revenue": null,
            "common_shares": null,
            "book_valuer_per_share": null,
            "book_valuer_per_share_4q_avg": 0,
            "equity": null,
            "current_ratio": null,
            "debt_ratio": null,
            "inventory_turnover_ratio": null,
            "account_receivable_turnover_ratio": null,
            "reinvestment_rate": null,
            "research_to_sale_ratio": null,
            "price_fair": 0,
            "eps_avg_yearly": 0,
            "eps_latest_yearly": 0,
            "eps_growth_yearly": 0
        },
        "20041": {
            "year_quarter": 20041,
            "year": 2004,
            "quarter": 1,
            "eps": null,
            "eps_growth_year": null,
            "eps_4q": null,
            "eps_4q_growth_year": null,
            "roe": null,
            "roe_4q": 0,
            "gross_profit": null,
            "gross_margin": null,
            "gross_margin_4q_avg": 0,
            "net_income": null,
            "revenue": null,
            "common_shares": null,
            "book_valuer_per_share": null,
            "book_valuer_per_share_4q_avg": 0,
            "equity": null,
            "current_ratio": null,
            "debt_ratio": null,
            "inventory_turnover_ratio": null,
            "account_receivable_turnover_ratio": null,
            "reinvestment_rate": null,
            "research_to_sale_ratio": null,
            "price_fair": 0,
            "eps_avg_yearly": 0,
            "eps_latest_yearly": 0,
            "eps_growth_yearly": 0
        },
        "20042": {
            "year_quarter": 20042,
            "year": 2004,
            "quarter": 2,
            "eps": null,
            "eps_growth_year": null,
            "eps_4q": null,
            "eps_4q_growth_year": null,
            "roe": null,
            "roe_4q": 0,
            "gross_profit": null,
            "gross_margin": null,
            "gross_margin_4q_avg": 0,
            "net_income": null,
            "revenue": null,
            "common_shares": null,
            "book_valuer_per_share": null,
            "book_valuer_per_share_4q_avg": 0,
            "equity": null,
            "current_ratio": null,
            "debt_ratio": null,
            "inventory_turnover_ratio": null,
            "account_receivable_turnover_ratio": null,
            "reinvestment_rate": null,
            "research_to_sale_ratio": null,
            "price_fair": 0,
            "eps_avg_yearly": 0,
            "eps_latest_yearly": 0,
            "eps_growth_yearly": 0
        },
        "20043": {
            "year_quarter": 20043,
            "year": 2004,
            "quarter": 3,
            "eps": null,
            "eps_growth_year": null,
            "eps_4q": null,
            "eps_4q_growth_year": null,
            "roe": null,
            "roe_4q": 0,
            "gross_profit": null,
            "gross_margin": null,
            "gross_margin_4q_avg": 0,
            "net_income": null,
            "revenue": null,
            "common_shares": null,
            "book_valuer_per_share": null,
            "book_valuer_per_share_4q_avg": 0,
            "equity": null,
            "current_ratio": null,
            "debt_ratio": null,
            "inventory_turnover_ratio": null,
            "account_receivable_turnover_ratio": null,
            "reinvestment_rate": null,
            "research_to_sale_ratio": null,
            "price_fair": 0,
            "eps_avg_yearly": 0,
            "eps_latest_yearly": 0,
            "eps_growth_yearly": 0
        },
        "20044": {
            "year_quarter": 20044,
            "year": 2004,
            "quarter": 4,
            "eps": null,
            "eps_growth_year": null,
            "eps_4q": null,
            "eps_4q_growth_year": null,
            "roe": null,
            "roe_4q": 0,
            "gross_profit": null,
            "gross_margin": null,
            "gross_margin_4q_avg": 0,
            "net_income": null,
            "revenue": null,
            "common_shares": null,
            "book_valuer_per_share": null,
            "book_valuer_per_share_4q_avg": 0,
            "equity": null,
            "current_ratio": null,
            "debt_ratio": null,
            "inventory_turnover_ratio": null,
            "account_receivable_turnover_ratio": null,
            "reinvestment_rate": null,
            "research_to_sale_ratio": null,
            "price_fair": 0,
            "eps_avg_yearly": 0,
            "eps_latest_yearly": 0,
            "eps_growth_yearly": 0
        },
        "20051": {
            "year_quarter": 20051,
            "year": 2005,
            "quarter": 1,
            "eps": null,
            "eps_growth_year": null,
            "eps_4q": null,
            "eps_4q_growth_year": null,
            "roe": null,
            "roe_4q": 0,
            "gross_profit": null,
            "gross_margin": null,
            "gross_margin_4q_avg": 0,
            "net_income": null,
            "revenue": null,
            "common_shares": null,
            "book_valuer_per_share": null,
            "book_valuer_per_share_4q_avg": 0,
            "equity": null,
            "current_ratio": null,
            "debt_ratio": null,
            "inventory_turnover_ratio": null,
            "account_receivable_turnover_ratio": null,
            "reinvestment_rate": null,
            "research_to_sale_ratio": null,
            "price_fair": 0,
            "eps_avg_yearly": 0,
            "eps_latest_yearly": 0,
            "eps_growth_yearly": 0
        },
        "20052": {
            "year_quarter": 20052,
            "year": 2005,
            "quarter": 2,
            "eps": null,
            "eps_growth_year": null,
            "eps_4q": null,
            "eps_4q_growth_year": null,
            "roe": null,
            "roe_4q": 0,
            "gross_profit": null,
            "gross_margin": null,
            "gross_margin_4q_avg": 0,
            "net_income": null,
            "revenue": null,
            "common_shares": null,
            "book_valuer_per_share": null,
            "book_valuer_per_share_4q_avg": 0,
            "equity": null,
            "current_ratio": null,
            "debt_ratio": null,
            "inventory_turnover_ratio": null,
            "account_receivable_turnover_ratio": null,
            "reinvestment_rate": null,
            "research_to_sale_ratio": null,
            "price_fair": 0,
            "eps_avg_yearly": 0,
            "eps_latest_yearly": 0,
            "eps_growth_yearly": 0
        },
        "20053": {
            "year_quarter": 20053,
            "year": 2005,
            "quarter": 3,
            "eps": null,
            "eps_growth_year": null,
            "eps_4q": null,
            "eps_4q_growth_year": null,
            "roe": null,
            "roe_4q": 0,
            "gross_profit": null,
            "gross_margin": null,
            "gross_margin_4q_avg": 0,
            "net_income": null,
            "revenue": null,
            "common_shares": null,
            "book_valuer_per_share": null,
            "book_valuer_per_share_4q_avg": 0,
            "equity": null,
            "current_ratio": null,
            "debt_ratio": null,
            "inventory_turnover_ratio": null,
            "account_receivable_turnover_ratio": null,
            "reinvestment_rate": null,
            "research_to_sale_ratio": null,
            "price_fair": 0,
            "eps_avg_yearly": 0,
            "eps_latest_yearly": 0,
            "eps_growth_yearly": 0
        },
        "20054": {
            "year_quarter": 20054,
            "year": 2005,
            "quarter": 4,
            "eps": null,
            "eps_growth_year": null,
            "eps_4q": null,
            "eps_4q_growth_year": null,
            "roe": null,
            "roe_4q": 0,
            "gross_profit": null,
            "gross_margin": null,
            "gross_margin_4q_avg": 0,
            "net_income": null,
            "revenue": null,
            "common_shares": null,
            "book_valuer_per_share": null,
            "book_valuer_per_share_4q_avg": 0,
            "equity": null,
            "current_ratio": null,
            "debt_ratio": null,
            "inventory_turnover_ratio": null,
            "account_receivable_turnover_ratio": null,
            "reinvestment_rate": null,
            "research_to_sale_ratio": null,
            "price_fair": 0,
            "eps_avg_yearly": 0,
            "eps_latest_yearly": 0,
            "eps_growth_yearly": 0
        },
        "20061": {
            "year_quarter": 20061,
            "year": 2006,
            "quarter": 1,
            "eps": null,
            "eps_growth_year": null,
            "eps_4q": null,
            "eps_4q_growth_year": null,
            "roe": null,
            "roe_4q": 0,
            "gross_profit": null,
            "gross_margin": null,
            "gross_margin_4q_avg": 0,
            "net_income": null,
            "revenue": null,
            "common_shares": null,
            "book_valuer_per_share": null,
            "book_valuer_per_share_4q_avg": 0,
            "equity": null,
            "current_ratio": null,
            "debt_ratio": null,
            "inventory_turnover_ratio": null,
            "account_receivable_turnover_ratio": null,
            "reinvestment_rate": null,
            "research_to_sale_ratio": null,
            "price_fair": 0,
            "eps_avg_yearly": 0,
            "eps_latest_yearly": 0,
            "eps_growth_yearly": 0
        },
        "20062": {
            "year_quarter": 20062,
            "year": 2006,
            "quarter": 2,
            "eps": null,
            "eps_growth_year": null,
            "eps_4q": null,
            "eps_4q_growth_year": null,
            "roe": null,
            "roe_4q": 0,
            "gross_profit": null,
            "gross_margin": null,
            "gross_margin_4q_avg": 0,
            "net_income": null,
            "revenue": null,
            "common_shares": null,
            "book_valuer_per_share": null,
            "book_valuer_per_share_4q_avg": 0,
            "equity": null,
            "current_ratio": null,
            "debt_ratio": null,
            "inventory_turnover_ratio": null,
            "account_receivable_turnover_ratio": null,
            "reinvestment_rate": null,
            "research_to_sale_ratio": null,
            "price_fair": 0,
            "eps_avg_yearly": 0,
            "eps_latest_yearly": 0,
            "eps_growth_yearly": 0
        },
        "20063": {
            "year_quarter": 20063,
            "year": 2006,
            "quarter": 3,
            "eps": null,
            "eps_growth_year": null,
            "eps_4q": null,
            "eps_4q_growth_year": null,
            "roe": null,
            "roe_4q": 0,
            "gross_profit": null,
            "gross_margin": null,
            "gross_margin_4q_avg": 0,
            "net_income": null,
            "revenue": null,
            "common_shares": null,
            "book_valuer_per_share": null,
            "book_valuer_per_share_4q_avg": 0,
            "equity": null,
            "current_ratio": null,
            "debt_ratio": null,
            "inventory_turnover_ratio": null,
            "account_receivable_turnover_ratio": null,
            "reinvestment_rate": null,
            "research_to_sale_ratio": null,
            "price_fair": 0,
            "eps_avg_yearly": 0,
            "eps_latest_yearly": 0,
            "eps_growth_yearly": 0
        },
        "20064": {
            "year_quarter": 20064,
            "year": 2006,
            "quarter": 4,
            "eps": null,
            "eps_growth_year": null,
            "eps_4q": null,
            "eps_4q_growth_year": null,
            "roe": null,
            "roe_4q": 0,
            "gross_profit": null,
            "gross_margin": null,
            "gross_margin_4q_avg": 0,
            "net_income": null,
            "revenue": null,
            "common_shares": 135500,
            "book_valuer_per_share": 33.53,
            "book_valuer_per_share_4q_avg": 8.38,
            "equity": 454300,
            "current_ratio": 87.5,
            "debt_ratio": 55.74,
            "inventory_turnover_ratio": null,
            "account_receivable_turnover_ratio": null,
            "reinvestment_rate": null,
            "research_to_sale_ratio": null,
            "price_fair": 0,
            "eps_avg_yearly": 0,
            "eps_latest_yearly": 0,
            "eps_growth_yearly": 0
        },
        "20071": {
            "year_quarter": 20071,
            "year": 2007,
            "quarter": 1,
            "eps": null,
            "eps_growth_year": null,
            "eps_4q": null,
            "eps_4q_growth_year": null,
            "roe": null,
            "roe_4q": 0,
            "gross_profit": null,
            "gross_margin": null,
            "gross_margin_4q_avg": 0,
            "net_income": null,
            "revenue": null,
            "common_shares": null,
            "book_valuer_per_share": null,
            "book_valuer_per_share_4q_avg": 8.38,
            "equity": null,
            "current_ratio": null,
            "debt_ratio": null,
            "inventory_turnover_ratio": null,
            "account_receivable_turnover_ratio": null,
            "reinvestment_rate": null,
            "research_to_sale_ratio": null,
            "price_fair": 0,
            "eps_avg_yearly": 0,
            "eps_latest_yearly": 0,
            "eps_growth_yearly": 0
        },
        "20072": {
            "year_quarter": 20072,
            "year": 2007,
            "quarter": 2,
            "eps": null,
            "eps_growth_year": null,
            "eps_4q": null,
            "eps_4q_growth_year": null,
            "roe": null,
            "roe_4q": 0,
            "gross_profit": null,
            "gross_margin": null,
            "gross_margin_4q_avg": 0,
            "net_income": null,
            "revenue": null,
            "common_shares": null,
            "book_valuer_per_share": null,
            "book_valuer_per_share_4q_avg": 8.38,
            "equity": null,
            "current_ratio": null,
            "debt_ratio": null,
            "inventory_turnover_ratio": null,
            "account_receivable_turnover_ratio": null,
            "reinvestment_rate": null,
            "research_to_sale_ratio": null,
            "price_fair": 0,
            "eps_avg_yearly": 0,
            "eps_latest_yearly": 0,
            "eps_growth_yearly": 0
        },
        "20073": {
            "year_quarter": 20073,
            "year": 2007,
            "quarter": 3,
            "eps": null,
            "eps_growth_year": null,
            "eps_4q": null,
            "eps_4q_growth_year": null,
            "roe": null,
            "roe_4q": 0,
            "gross_profit": null,
            "gross_margin": null,
            "gross_margin_4q_avg": 0,
            "net_income": null,
            "revenue": null,
            "common_shares": null,
            "book_valuer_per_share": null,
            "book_valuer_per_share_4q_avg": 8.38,
            "equity": null,
            "current_ratio": null,
            "debt_ratio": null,
            "inventory_turnover_ratio": null,
            "account_receivable_turnover_ratio": null,
            "reinvestment_rate": null,
            "research_to_sale_ratio": null,
            "price_fair": 0,
            "eps_avg_yearly": 0,
            "eps_latest_yearly": 0,
            "eps_growth_yearly": 0
        },
        "20074": {
            "year_quarter": 20074,
            "year": 2007,
            "quarter": 4,
            "eps": null,
            "eps_growth_year": null,
            "eps_4q": null,
            "eps_4q_growth_year": null,
            "roe": null,
            "roe_4q": 0,
            "gross_profit": null,
            "gross_margin": null,
            "gross_margin_4q_avg": 0,
            "net_income": null,
            "revenue": null,
            "common_shares": 135500,
            "book_valuer_per_share": 45.65,
            "book_valuer_per_share_4q_avg": 11.41,
            "equity": 618606,
            "current_ratio": 85.56,
            "debt_ratio": 55.71,
            "inventory_turnover_ratio": null,
            "account_receivable_turnover_ratio": null,
            "reinvestment_rate": null,
            "research_to_sale_ratio": null,
            "price_fair": 0,
            "eps_avg_yearly": 0,
            "eps_latest_yearly": 0,
            "eps_growth_yearly": 0
        },
        "20081": {
            "year_quarter": 20081,
            "year": 2008,
            "quarter": 1,
            "eps": null,
            "eps_growth_year": null,
            "eps_4q": null,
            "eps_4q_growth_year": null,
            "roe": null,
            "roe_4q": 0,
            "gross_profit": null,
            "gross_margin": null,
            "gross_margin_4q_avg": 0,
            "net_income": null,
            "revenue": null,
            "common_shares": null,
            "book_valuer_per_share": null,
            "book_valuer_per_share_4q_avg": 11.41,
            "equity": null,
            "current_ratio": null,
            "debt_ratio": null,
            "inventory_turnover_ratio": null,
            "account_receivable_turnover_ratio": null,
            "reinvestment_rate": null,
            "research_to_sale_ratio": null,
            "price_fair": 0,
            "eps_avg_yearly": 0,
            "eps_latest_yearly": 0,
            "eps_growth_yearly": 0
        },
        "20082": {
            "year_quarter": 20082,
            "year": 2008,
            "quarter": 2,
            "eps": null,
            "eps_growth_year": null,
            "eps_4q": null,
            "eps_4q_growth_year": null,
            "roe": null,
            "roe_4q": 0,
            "gross_profit": null,
            "gross_margin": null,
            "gross_margin_4q_avg": 0,
            "net_income": null,
            "revenue": null,
            "common_shares": null,
            "book_valuer_per_share": null,
            "book_valuer_per_share_4q_avg": 11.41,
            "equity": null,
            "current_ratio": null,
            "debt_ratio": null,
            "inventory_turnover_ratio": null,
            "account_receivable_turnover_ratio": null,
            "reinvestment_rate": null,
            "research_to_sale_ratio": null,
            "price_fair": 0,
            "eps_avg_yearly": 0,
            "eps_latest_yearly": 0,
            "eps_growth_yearly": 0
        },
        "20083": {
            "year_quarter": 20083,
            "year": 2008,
            "quarter": 3,
            "eps": null,
            "eps_growth_year": null,
            "eps_4q": null,
            "eps_4q_growth_year": null,
            "roe": null,
            "roe_4q": 0,
            "gross_profit": null,
            "gross_margin": null,
            "gross_margin_4q_avg": 0,
            "net_income": null,
            "revenue": null,
            "common_shares": null,
            "book_valuer_per_share": null,
            "book_valuer_per_share_4q_avg": 11.41,
            "equity": null,
            "current_ratio": null,
            "debt_ratio": null,
            "inventory_turnover_ratio": null,
            "account_receivable_turnover_ratio": null,
            "reinvestment_rate": null,
            "research_to_sale_ratio": null,
            "price_fair": 0,
            "eps_avg_yearly": 0,
            "eps_latest_yearly": 0,
            "eps_growth_yearly": 0
        },
        "20084": {
            "year_quarter": 20084,
            "year": 2008,
            "quarter": 4,
            "eps": null,
            "eps_growth_year": null,
            "eps_4q": null,
            "eps_4q_growth_year": null,
            "roe": null,
            "roe_4q": 0,
            "gross_profit": null,
            "gross_margin": null,
            "gross_margin_4q_avg": 0,
            "net_income": null,
            "revenue": null,
            "common_shares": 135500,
            "book_valuer_per_share": 48.77,
            "book_valuer_per_share_4q_avg": 12.19,
            "equity": 660839,
            "current_ratio": 77.91,
            "debt_ratio": 53.77,
            "inventory_turnover_ratio": null,
            "account_receivable_turnover_ratio": null,
            "reinvestment_rate": null,
            "research_to_sale_ratio": null,
            "price_fair": 0,
            "eps_avg_yearly": 0,
            "eps_latest_yearly": 0,
            "eps_growth_yearly": 0
        },
        "20091": {
            "year_quarter": 20091,
            "year": 2009,
            "quarter": 1,
            "eps": null,
            "eps_growth_year": null,
            "eps_4q": null,
            "eps_4q_growth_year": null,
            "roe": null,
            "roe_4q": 0,
            "gross_profit": null,
            "gross_margin": null,
            "gross_margin_4q_avg": 0,
            "net_income": null,
            "revenue": null,
            "common_shares": null,
            "book_valuer_per_share": null,
            "book_valuer_per_share_4q_avg": 12.19,
            "equity": null,
            "current_ratio": null,
            "debt_ratio": null,
            "inventory_turnover_ratio": null,
            "account_receivable_turnover_ratio": null,
            "reinvestment_rate": null,
            "research_to_sale_ratio": null,
            "price_fair": 0,
            "eps_avg_yearly": 0,
            "eps_latest_yearly": 0,
            "eps_growth_yearly": 0
        },
        "20092": {
            "year_quarter": 20092,
            "year": 2009,
            "quarter": 2,
            "eps": null,
            "eps_growth_year": null,
            "eps_4q": null,
            "eps_4q_growth_year": null,
            "roe": null,
            "roe_4q": 0,
            "gross_profit": null,
            "gross_margin": null,
            "gross_margin_4q_avg": 0,
            "net_income": null,
            "revenue": null,
            "common_shares": null,
            "book_valuer_per_share": null,
            "book_valuer_per_share_4q_avg": 12.19,
            "equity": null,
            "current_ratio": null,
            "debt_ratio": null,
            "inventory_turnover_ratio": null,
            "account_receivable_turnover_ratio": null,
            "reinvestment_rate": null,
            "research_to_sale_ratio": null,
            "price_fair": 0,
            "eps_avg_yearly": 0,
            "eps_latest_yearly": 0,
            "eps_growth_yearly": 0
        },
        "20093": {
            "year_quarter": 20093,
            "year": 2009,
            "quarter": 3,
            "eps": null,
            "eps_growth_year": null,
            "eps_4q": null,
            "eps_4q_growth_year": null,
            "roe": null,
            "roe_4q": 0,
            "gross_profit": null,
            "gross_margin": null,
            "gross_margin_4q_avg": 0,
            "net_income": null,
            "revenue": null,
            "common_shares": null,
            "book_valuer_per_share": null,
            "book_valuer_per_share_4q_avg": 12.19,
            "equity": null,
            "current_ratio": null,
            "debt_ratio": null,
            "inventory_turnover_ratio": null,
            "account_receivable_turnover_ratio": null,
            "reinvestment_rate": null,
            "research_to_sale_ratio": null,
            "price_fair": 0,
            "eps_avg_yearly": 0,
            "eps_latest_yearly": 0,
            "eps_growth_yearly": 0
        },
        "20094": {
            "year_quarter": 20094,
            "year": 2009,
            "quarter": 4,
            "eps": null,
            "eps_growth_year": null,
            "eps_4q": null,
            "eps_4q_growth_year": null,
            "roe": null,
            "roe_4q": 0,
            "gross_profit": null,
            "gross_margin": null,
            "gross_margin_4q_avg": 0,
            "net_income": null,
            "revenue": null,
            "common_shares": 350000,
            "book_valuer_per_share": 48.89,
            "book_valuer_per_share_4q_avg": 12.22,
            "equity": 1874989,
            "current_ratio": 102.16,
            "debt_ratio": 54.33,
            "inventory_turnover_ratio": null,
            "account_receivable_turnover_ratio": null,
            "reinvestment_rate": null,
            "research_to_sale_ratio": null,
            "price_fair": 0,
            "eps_avg_yearly": 0,
            "eps_latest_yearly": 0,
            "eps_growth_yearly": 0
        },
        "20101": {
            "year_quarter": 20101,
            "year": 2010,
            "quarter": 1,
            "eps": null,
            "eps_growth_year": null,
            "eps_4q": null,
            "eps_4q_growth_year": null,
            "roe": null,
            "roe_4q": 0,
            "gross_profit": null,
            "gross_margin": null,
            "gross_margin_4q_avg": 0,
            "net_income": null,
            "revenue": null,
            "common_shares": null,
            "book_valuer_per_share": null,
            "book_valuer_per_share_4q_avg": 12.22,
            "equity": null,
            "current_ratio": null,
            "debt_ratio": null,
            "inventory_turnover_ratio": null,
            "account_receivable_turnover_ratio": null,
            "reinvestment_rate": null,
            "research_to_sale_ratio": null,
            "price_fair": 0,
            "eps_avg_yearly": 0,
            "eps_latest_yearly": 0,
            "eps_growth_yearly": 0
        },
        "20102": {
            "year_quarter": 20102,
            "year": 2010,
            "quarter": 2,
            "eps": null,
            "eps_growth_year": null,
            "eps_4q": null,
            "eps_4q_growth_year": null,
            "roe": null,
            "roe_4q": 0,
            "gross_profit": null,
            "gross_margin": null,
            "gross_margin_4q_avg": 0,
            "net_income": null,
            "revenue": null,
            "common_shares": null,
            "book_valuer_per_share": null,
            "book_valuer_per_share_4q_avg": 12.22,
            "equity": null,
            "current_ratio": null,
            "debt_ratio": null,
            "inventory_turnover_ratio": null,
            "account_receivable_turnover_ratio": null,
            "reinvestment_rate": null,
            "research_to_sale_ratio": null,
            "price_fair": 0,
            "eps_avg_yearly": 0,
            "eps_latest_yearly": 0,
            "eps_growth_yearly": 0
        },
        "20103": {
            "year_quarter": 20103,
            "year": 2010,
            "quarter": 3,
            "eps": null,
            "eps_growth_year": null,
            "eps_4q": null,
            "eps_4q_growth_year": null,
            "roe": null,
            "roe_4q": 0,
            "gross_profit": null,
            "gross_margin": null,
            "gross_margin_4q_avg": 0,
            "net_income": null,
            "revenue": null,
            "common_shares": null,
            "book_valuer_per_share": null,
            "book_valuer_per_share_4q_avg": 12.22,
            "equity": null,
            "current_ratio": null,
            "debt_ratio": null,
            "inventory_turnover_ratio": null,
            "account_receivable_turnover_ratio": null,
            "reinvestment_rate": null,
            "research_to_sale_ratio": null,
            "price_fair": 0,
            "eps_avg_yearly": 0,
            "eps_latest_yearly": 0,
            "eps_growth_yearly": 0
        },
        "20104": {
            "year_quarter": 20104,
            "year": 2010,
            "quarter": 4,
            "eps": null,
            "eps_growth_year": null,
            "eps_4q": null,
            "eps_4q_growth_year": null,
            "roe": null,
            "roe_4q": 0,
            "gross_profit": null,
            "gross_margin": null,
            "gross_margin_4q_avg": 0,
            "net_income": null,
            "revenue": null,
            "common_shares": 700000,
            "book_valuer_per_share": 28.58,
            "book_valuer_per_share_4q_avg": 7.15,
            "equity": 2246494,
            "current_ratio": 121.81,
            "debt_ratio": 54.56,
            "inventory_turnover_ratio": null,
            "account_receivable_turnover_ratio": null,
            "reinvestment_rate": null,
            "research_to_sale_ratio": null,
            "price_fair": 0,
            "eps_avg_yearly": 0,
            "eps_latest_yearly": 0,
            "eps_growth_yearly": 0
        },
        "20111": {
            "year_quarter": 20111,
            "year": 2011,
            "quarter": 1,
            "eps": null,
            "eps_growth_year": null,
            "eps_4q": null,
            "eps_4q_growth_year": null,
            "roe": null,
            "roe_4q": 0,
            "gross_profit": null,
            "gross_margin": null,
            "gross_margin_4q_avg": 0,
            "net_income": null,
            "revenue": null,
            "common_shares": null,
            "book_valuer_per_share": null,
            "book_valuer_per_share_4q_avg": 7.15,
            "equity": null,
            "current_ratio": null,
            "debt_ratio": null,
            "inventory_turnover_ratio": null,
            "account_receivable_turnover_ratio": null,
            "reinvestment_rate": null,
            "research_to_sale_ratio": null,
            "price_fair": 0,
            "eps_avg_yearly": 0,
            "eps_latest_yearly": 0,
            "eps_growth_yearly": 0
        },
        "20112": {
            "year_quarter": 20112,
            "year": 2011,
            "quarter": 2,
            "eps": null,
            "eps_growth_year": null,
            "eps_4q": null,
            "eps_4q_growth_year": null,
            "roe": null,
            "roe_4q": 0,
            "gross_profit": null,
            "gross_margin": null,
            "gross_margin_4q_avg": 0,
            "net_income": null,
            "revenue": null,
            "common_shares": 0,
            "book_valuer_per_share": null,
            "book_valuer_per_share_4q_avg": 7.15,
            "equity": 0,
            "current_ratio": null,
            "debt_ratio": null,
            "inventory_turnover_ratio": null,
            "account_receivable_turnover_ratio": null,
            "reinvestment_rate": null,
            "research_to_sale_ratio": null,
            "price_fair": 0,
            "eps_avg_yearly": 0,
            "eps_latest_yearly": 0,
            "eps_growth_yearly": 0
        },
        "20113": {
            "year_quarter": 20113,
            "year": 2011,
            "quarter": 3,
            "eps": null,
            "eps_growth_year": null,
            "eps_4q": null,
            "eps_4q_growth_year": null,
            "roe": null,
            "roe_4q": 0,
            "gross_profit": null,
            "gross_margin": null,
            "gross_margin_4q_avg": 0,
            "net_income": null,
            "revenue": null,
            "common_shares": null,
            "book_valuer_per_share": null,
            "book_valuer_per_share_4q_avg": 7.15,
            "equity": null,
            "current_ratio": null,
            "debt_ratio": null,
            "inventory_turnover_ratio": null,
            "account_receivable_turnover_ratio": null,
            "reinvestment_rate": null,
            "research_to_sale_ratio": null,
            "price_fair": 0,
            "eps_avg_yearly": 0,
            "eps_latest_yearly": 0,
            "eps_growth_yearly": 0
        },
        "20114": {
            "year_quarter": 20114,
            "year": 2011,
            "quarter": 4,
            "eps": null,
            "eps_growth_year": null,
            "eps_4q": null,
            "eps_4q_growth_year": null,
            "roe": null,
            "roe_4q": 0,
            "gross_profit": null,
            "gross_margin": null,
            "gross_margin_4q_avg": 0,
            "net_income": null,
            "revenue": null,
            "common_shares": 819000,
            "book_valuer_per_share": 31.93,
            "book_valuer_per_share_4q_avg": 7.98,
            "equity": 2934014,
            "current_ratio": 186.79,
            "debt_ratio": 51.51,
            "inventory_turnover_ratio": null,
            "account_receivable_turnover_ratio": null,
            "reinvestment_rate": null,
            "research_to_sale_ratio": null,
            "price_fair": 0,
            "eps_avg_yearly": 0,
            "eps_latest_yearly": 0,
            "eps_growth_yearly": 0
        },
        "20121": {
            "year_quarter": 20121,
            "year": 2012,
            "quarter": 1,
            "eps": null,
            "eps_growth_year": null,
            "eps_4q": null,
            "eps_4q_growth_year": null,
            "roe": null,
            "roe_4q": 0,
            "gross_profit": 280897,
            "gross_margin": null,
            "gross_margin_4q_avg": 0,
            "net_income": 58680,
            "revenue": 1331320,
            "common_shares": 819000,
            "book_valuer_per_share": null,
            "book_valuer_per_share_4q_avg": 7.98,
            "equity": 2867186,
            "current_ratio": null,
            "debt_ratio": null,
            "inventory_turnover_ratio": null,
            "account_receivable_turnover_ratio": null,
            "reinvestment_rate": null,
            "research_to_sale_ratio": null,
            "price_fair": 0,
            "eps_avg_yearly": 0,
            "eps_latest_yearly": 0,
            "eps_growth_yearly": 0
        },
        "20122": {
            "year_quarter": 20122,
            "year": 2012,
            "quarter": 2,
            "eps": null,
            "eps_growth_year": null,
            "eps_4q": null,
            "eps_4q_growth_year": null,
            "roe": null,
            "roe_4q": 0,
            "gross_profit": 329422,
            "gross_margin": null,
            "gross_margin_4q_avg": 0,
            "net_income": 52334,
            "revenue": 1474003,
            "common_shares": 819000,
            "book_valuer_per_share": 29.93,
            "book_valuer_per_share_4q_avg": 15.47,
            "equity": 2711627,
            "current_ratio": 144.72,
            "debt_ratio": 57.34,
            "inventory_turnover_ratio": null,
            "account_receivable_turnover_ratio": null,
            "reinvestment_rate": null,
            "research_to_sale_ratio": null,
            "price_fair": 0,
            "eps_avg_yearly": 0,
            "eps_latest_yearly": 0,
            "eps_growth_yearly": 0
        },
        "20123": {
            "year_quarter": 20123,
            "year": 2012,
            "quarter": 3,
            "eps": null,
            "eps_growth_year": null,
            "eps_4q": null,
            "eps_4q_growth_year": null,
            "roe": null,
            "roe_4q": 0,
            "gross_profit": 512201,
            "gross_margin": null,
            "gross_margin_4q_avg": 0,
            "net_income": 189539,
            "revenue": 1819929,
            "common_shares": 819000,
            "book_valuer_per_share": null,
            "book_valuer_per_share_4q_avg": 15.47,
            "equity": 2796223,
            "current_ratio": null,
            "debt_ratio": null,
            "inventory_turnover_ratio": null,
            "account_receivable_turnover_ratio": null,
            "reinvestment_rate": null,
            "research_to_sale_ratio": null,
            "price_fair": 0,
            "eps_avg_yearly": 0,
            "eps_latest_yearly": 0,
            "eps_growth_yearly": 0
        },
        "20124": {
            "year_quarter": 20124,
            "year": 2012,
            "quarter": 4,
            "eps": null,
            "eps_growth_year": null,
            "eps_4q": null,
            "eps_4q_growth_year": null,
            "roe": null,
            "roe_4q": 0,
            "gross_profit": 458326,
            "gross_margin": null,
            "gross_margin_4q_avg": 0,
            "net_income": 142988,
            "revenue": 1644732,
            "common_shares": 819000,
            "book_valuer_per_share": 33.59,
            "book_valuer_per_share_4q_avg": 15.88,
            "equity": 2948695,
            "current_ratio": 141.25,
            "debt_ratio": 51.43,
            "inventory_turnover_ratio": null,
            "account_receivable_turnover_ratio": null,
            "reinvestment_rate": null,
            "research_to_sale_ratio": null,
            "price_fair": 0,
            "eps_avg_yearly": 0,
            "eps_latest_yearly": 0,
            "eps_growth_yearly": 0
        },
        "20131": {
            "year_quarter": 20131,
            "year": 2013,
            "quarter": 1,
            "eps": 1.85,
            "eps_growth_year": null,
            "eps_4q": 1.85,
            "eps_4q_growth_year": null,
            "roe": 5.24,
            "roe_4q": 5.24,
            "gross_profit": 381553,
            "gross_margin": 28.03,
            "gross_margin_4q_avg": 7.01,
            "net_income": 160048,
            "revenue": 1361227,
            "common_shares": 819000,
            "book_valuer_per_share": 36.04,
            "book_valuer_per_share_4q_avg": 24.89,
            "equity": 3162748,
            "current_ratio": 150.6,
            "debt_ratio": 47.83,
            "inventory_turnover_ratio": 1.02,
            "account_receivable_turnover_ratio": 1.13,
            "reinvestment_rate": null,
            "research_to_sale_ratio": 4.36,
            "price_fair": 0,
            "eps_avg_yearly": 0,
            "eps_latest_yearly": 0,
            "eps_growth_yearly": 0
        },
        "20132": {
            "year_quarter": 20132,
            "year": 2013,
            "quarter": 2,
            "eps": 1.82,
            "eps_growth_year": null,
            "eps_4q": 3.67,
            "eps_4q_growth_year": null,
            "roe": 5.44,
            "roe_4q": 10.68,
            "gross_profit": 414440,
            "gross_margin": 28.61,
            "gross_margin_4q_avg": 14.16,
            "net_income": 171759,
            "revenue": 1448561,
            "common_shares": 819000,
            "book_valuer_per_share": 35.56,
            "book_valuer_per_share_4q_avg": 26.3,
            "equity": 3150923,
            "current_ratio": 142.75,
            "debt_ratio": 50.59,
            "inventory_turnover_ratio": 0.98,
            "account_receivable_turnover_ratio": 1.33,
            "reinvestment_rate": null,
            "research_to_sale_ratio": 4.3,
            "price_fair": 21.84,
            "eps_avg_yearly": 7.28,
            "eps_latest_yearly": 7.28,
            "eps_growth_yearly": -6.49
        },
        "20133": {
            "year_quarter": 20133,
            "year": 2013,
            "quarter": 3,
            "eps": 1.72,
            "eps_growth_year": null,
            "eps_4q": 5.39,
            "eps_4q_growth_year": null,
            "roe": 4.72,
            "roe_4q": 15.4,
            "gross_profit": 451025,
            "gross_margin": 26.22,
            "gross_margin_4q_avg": 20.72,
            "net_income": 151399,
            "revenue": 1719922,
            "common_shares": 819000,
            "book_valuer_per_share": 36.91,
            "book_valuer_per_share_4q_avg": 35.53,
            "equity": 3268667,
            "current_ratio": 145.64,
            "debt_ratio": 50.27,
            "inventory_turnover_ratio": 1.16,
            "account_receivable_turnover_ratio": 1.42,
            "reinvestment_rate": null,
            "research_to_sale_ratio": 4.12,
            "price_fair": 21.24,
            "eps_avg_yearly": 7.08,
            "eps_latest_yearly": 6.88,
            "eps_growth_yearly": -14.23
        },
        "20134": {
            "year_quarter": 20134,
            "year": 2013,
            "quarter": 4,
            "eps": 0.97,
            "eps_growth_year": null,
            "eps_4q": 5.83,
            "eps_4q_growth_year": null,
            "roe": 2.62,
            "roe_4q": 18.020000000000003,
            "gross_profit": 398860,
            "gross_margin": 26.28,
            "gross_margin_4q_avg": 27.29,
            "net_income": 103038,
            "revenue": 1517909,
            "common_shares": 908200,
            "book_valuer_per_share": 47.8,
            "book_valuer_per_share_4q_avg": 39.08,
            "equity": 4606455,
            "current_ratio": 221.87,
            "debt_ratio": 33.62,
            "inventory_turnover_ratio": 1.03,
            "account_receivable_turnover_ratio": 1.18,
            "reinvestment_rate": null,
            "research_to_sale_ratio": 5.15,
            "price_fair": 18.04,
            "eps_avg_yearly": 6.01,
            "eps_latest_yearly": 3.88,
            "eps_growth_yearly": -67.63
        },
        "20141": {
            "year_quarter": 20141,
            "year": 2014,
            "quarter": 1,
            "eps": 0.68,
            "eps_growth_year": -63.24,
            "eps_4q": 4.84,
            "eps_4q_growth_year": 161.74,
            "roe": 1.3,
            "roe_4q": 14.080000000000002,
            "gross_profit": 298193,
            "gross_margin": 23.39,
            "gross_margin_4q_avg": 26.13,
            "net_income": 60281,
            "revenue": 1275111,
            "common_shares": 908200,
            "book_valuer_per_share": 48.82,
            "book_valuer_per_share_4q_avg": 42.27,
            "equity": 4701420,
            "current_ratio": 243.96,
            "debt_ratio": 32.05,
            "inventory_turnover_ratio": 0.88,
            "account_receivable_turnover_ratio": 1.06,
            "reinvestment_rate": null,
            "research_to_sale_ratio": 5.56,
            "price_fair": 15.57,
            "eps_avg_yearly": 5.19,
            "eps_latest_yearly": 2.72,
            "eps_growth_yearly": -80.62
        },
        "20142": {
            "year_quarter": 20142,
            "year": 2014,
            "quarter": 2,
            "eps": 1.34,
            "eps_growth_year": -26.37,
            "eps_4q": 4.54,
            "eps_4q_growth_year": 23.82,
            "roe": 3.27,
            "roe_4q": 11.91,
            "gross_profit": 471052,
            "gross_margin": 27.12,
            "gross_margin_4q_avg": 25.75,
            "net_income": 147516,
            "revenue": 1737027,
            "common_shares": 908200,
            "book_valuer_per_share": 44.44,
            "book_valuer_per_share_4q_avg": 44.49,
            "equity": 4323320,
            "current_ratio": 183.46,
            "debt_ratio": 40.16,
            "inventory_turnover_ratio": 1.15,
            "account_receivable_turnover_ratio": 1.36,
            "reinvestment_rate": null,
            "research_to_sale_ratio": 4.23,
            "price_fair": 120.95,
            "eps_avg_yearly": 5.22,
            "eps_latest_yearly": 5.36,
            "eps_growth_yearly": 13.15
        },
        "20143": {
            "year_quarter": 20143,
            "year": 2014,
            "quarter": 3,
            "eps": 2.26,
            "eps_growth_year": 31.4,
            "eps_4q": 5.25,
            "eps_4q_growth_year": -2.7,
            "roe": 5.18,
            "roe_4q": 12.370000000000001,
            "gross_profit": 513252,
            "gross_margin": 28.04,
            "gross_margin_4q_avg": 26.21,
            "net_income": 231596,
            "revenue": 1830537,
            "common_shares": 908200,
            "book_valuer_per_share": 47.43,
            "book_valuer_per_share_4q_avg": 47.12,
            "equity": 4626338,
            "current_ratio": 194.61,
            "debt_ratio": 37.52,
            "inventory_turnover_ratio": 1.22,
            "account_receivable_turnover_ratio": 1.27,
            "reinvestment_rate": null,
            "research_to_sale_ratio": 4.01,
            "price_fair": 205.1,
            "eps_avg_yearly": 5.86,
            "eps_latest_yearly": 9.04,
            "eps_growth_yearly": 56.73
        },
        "20144": {
            "year_quarter": 20144,
            "year": 2014,
            "quarter": 4,
            "eps": 1.79,
            "eps_growth_year": 84.93,
            "eps_4q": 6.07,
            "eps_4q_growth_year": 4.09,
            "roe": 3.45,
            "roe_4q": 13.2,
            "gross_profit": 451267,
            "gross_margin": 26.33,
            "gross_margin_4q_avg": 26.22,
            "net_income": 165685,
            "revenue": 1713865,
            "common_shares": 908200,
            "book_valuer_per_share": 51.25,
            "book_valuer_per_share_4q_avg": 47.99,
            "equity": 4991080,
            "current_ratio": 194.8,
            "debt_ratio": 36.98,
            "inventory_turnover_ratio": 1.12,
            "account_receivable_turnover_ratio": 1.15,
            "reinvestment_rate": null,
            "research_to_sale_ratio": 6.37,
            "price_fair": 211.6,
            "eps_avg_yearly": 6.05,
            "eps_latest_yearly": 7.16,
            "eps_growth_yearly": 36.74
        },
        "20151": {
            "year_quarter": 20151,
            "year": 2015,
            "quarter": 1,
            "eps": 0.74,
            "eps_growth_year": 8.82,
            "eps_4q": 6.13,
            "eps_4q_growth_year": 26.63,
            "roe": 1.24,
            "roe_4q": 13.14,
            "gross_profit": 339611,
            "gross_margin": 24.09,
            "gross_margin_4q_avg": 26.4,
            "net_income": 62083,
            "revenue": 1409488,
            "common_shares": 908200,
            "book_valuer_per_share": 51.34,
            "book_valuer_per_share_4q_avg": 48.62,
            "equity": 5010485,
            "current_ratio": 209.86,
            "debt_ratio": 33.14,
            "inventory_turnover_ratio": 0.93,
            "account_receivable_turnover_ratio": 1.09,
            "reinvestment_rate": null,
            "research_to_sale_ratio": 5.28,
            "price_fair": 72.57,
            "eps_avg_yearly": 5.66,
            "eps_latest_yearly": 2.96,
            "eps_growth_yearly": 2.82
        },
        "20152": {
            "year_quarter": 20152,
            "year": 2015,
            "quarter": 2,
            "eps": 1.84,
            "eps_growth_year": 37.31,
            "eps_4q": 6.63,
            "eps_4q_growth_year": 45.93,
            "roe": 3.5,
            "roe_4q": 13.370000000000001,
            "gross_profit": 445466,
            "gross_margin": 25.8,
            "gross_margin_4q_avg": 26.07,
            "net_income": 170859,
            "revenue": 1726482,
            "common_shares": 908200,
            "book_valuer_per_share": 48.38,
            "book_valuer_per_share_4q_avg": 49.6,
            "equity": 4742652,
            "current_ratio": 170.92,
            "debt_ratio": 40,
            "inventory_turnover_ratio": 1.13,
            "account_receivable_turnover_ratio": 1.44,
            "reinvestment_rate": null,
            "research_to_sale_ratio": 4.7,
            "price_fair": 204.71,
            "eps_avg_yearly": 5.85,
            "eps_latest_yearly": 7.36,
            "eps_growth_yearly": 68.57
        },
        "20153": {
            "year_quarter": 20153,
            "year": 2015,
            "quarter": 3,
            "eps": 2.67,
            "eps_growth_year": 18.14,
            "eps_4q": 7.04,
            "eps_4q_growth_year": 34.12,
            "roe": 4.82,
            "roe_4q": 13.010000000000002,
            "gross_profit": 497742,
            "gross_margin": 26.07,
            "gross_margin_4q_avg": 25.57,
            "net_income": 238130,
            "revenue": 1909258,
            "common_shares": 908200,
            "book_valuer_per_share": 52.62,
            "book_valuer_per_share_4q_avg": 50.9,
            "equity": 5135467,
            "current_ratio": 187,
            "debt_ratio": 36.87,
            "inventory_turnover_ratio": 1.28,
            "account_receivable_turnover_ratio": 1.35,
            "reinvestment_rate": null,
            "research_to_sale_ratio": 4.72,
            "price_fair": 221.62,
            "eps_avg_yearly": 6.33,
            "eps_latest_yearly": 10.68,
            "eps_growth_yearly": 79.76
        },
        "20154": {
            "year_quarter": 20154,
            "year": 2015,
            "quarter": 4,
            "eps": 1.48,
            "eps_growth_year": -17.25,
            "eps_4q": 6.73,
            "eps_4q_growth_year": 10.88,
            "roe": 2.42,
            "roe_4q": 11.98,
            "gross_profit": 429103,
            "gross_margin": 26.73,
            "gross_margin_4q_avg": 25.67,
            "net_income": 124692,
            "revenue": 1605613,
            "common_shares": 908200,
            "book_valuer_per_share": 53.09,
            "book_valuer_per_share_4q_avg": 51.36,
            "equity": 5162271,
            "current_ratio": 188.53,
            "debt_ratio": 36.73,
            "inventory_turnover_ratio": 1.09,
            "account_receivable_turnover_ratio": 1.16,
            "reinvestment_rate": -78.48,
            "research_to_sale_ratio": 7.66,
            "price_fair": 220.31,
            "eps_avg_yearly": 6.29,
            "eps_latest_yearly": 5.92,
            "eps_growth_yearly": 56.3
        },
        "20161": {
            "year_quarter": 20161,
            "year": 2016,
            "quarter": 1,
            "eps": 1.51,
            "eps_growth_year": 104.05,
            "eps_4q": 7.5,
            "eps_4q_growth_year": 22.42,
            "roe": 3.57,
            "roe_4q": 14.31,
            "gross_profit": 309922,
            "gross_margin": 26.24,
            "gross_margin_4q_avg": 26.21,
            "net_income": 185698,
            "revenue": 1180922,
            "common_shares": 908200,
            "book_valuer_per_share": 53.52,
            "book_valuer_per_share_4q_avg": 51.9,
            "equity": 5242135,
            "current_ratio": 198.01,
            "debt_ratio": 35.7,
            "inventory_turnover_ratio": 0.76,
            "account_receivable_turnover_ratio": 1.09,
            "reinvestment_rate": 24.81,
            "research_to_sale_ratio": 6.77,
            "price_fair": 219.57,
            "eps_avg_yearly": 6.27,
            "eps_latest_yearly": 6.04,
            "eps_growth_yearly": 52.29
        },
        "20162": {
            "year_quarter": 20162,
            "year": 2016,
            "quarter": 2,
            "eps": 2.11,
            "eps_growth_year": 14.67,
            "eps_4q": 7.77,
            "eps_4q_growth_year": 17.25,
            "roe": 3.79,
            "roe_4q": 14.6,
            "gross_profit": 472264,
            "gross_margin": 27.26,
            "gross_margin_4q_avg": 26.58,
            "net_income": 191339,
            "revenue": 1732461,
            "common_shares": 908200,
            "book_valuer_per_share": 49.43,
            "book_valuer_per_share_4q_avg": 52.17,
            "equity": 4862950,
            "current_ratio": 169.75,
            "debt_ratio": 42.18,
            "inventory_turnover_ratio": 1.12,
            "account_receivable_turnover_ratio": 1.61,
            "reinvestment_rate": -91.01,
            "research_to_sale_ratio": 4.72,
            "price_fair": 225.4,
            "eps_avg_yearly": 6.44,
            "eps_latest_yearly": 8.44,
            "eps_growth_yearly": 60.49
        },
        "20163": {
            "year_quarter": 20163,
            "year": 2016,
            "quarter": 3,
            "eps": 2.2,
            "eps_growth_year": -17.6,
            "eps_4q": 7.3,
            "eps_4q_growth_year": 3.82,
            "roe": 4.15,
            "roe_4q": 13.93,
            "gross_profit": 526218,
            "gross_margin": 29.84,
            "gross_margin_4q_avg": 27.52,
            "net_income": 202252,
            "revenue": 1763246,
            "common_shares": 908200,
            "book_valuer_per_share": 49.73,
            "book_valuer_per_share_4q_avg": 51.44,
            "equity": 4880219,
            "current_ratio": 171.07,
            "debt_ratio": 43.05,
            "inventory_turnover_ratio": 1.31,
            "account_receivable_turnover_ratio": 1.38,
            "reinvestment_rate": 22.49,
            "research_to_sale_ratio": 4.97,
            "price_fair": 231.3,
            "eps_avg_yearly": 6.61,
            "eps_latest_yearly": 8.8,
            "eps_growth_yearly": 57.39
        },
        "20164": {
            "year_quarter": 20164,
            "year": 2016,
            "quarter": 4,
            "eps": 2.75,
            "eps_growth_year": 86.08,
            "eps_4q": 8.58,
            "eps_4q_growth_year": 27.51,
            "roe": 5.1,
            "roe_4q": 16.61,
            "gross_profit": 457658,
            "gross_margin": 29.72,
            "gross_margin_4q_avg": 28.27,
            "net_income": 254703,
            "revenue": 1539865,
            "common_shares": 908200,
            "book_valuer_per_share": 52.3,
            "book_valuer_per_share_4q_avg": 51.25,
            "equity": 5108692,
            "current_ratio": 181.99,
            "debt_ratio": 41.18,
            "inventory_turnover_ratio": 1.31,
            "account_receivable_turnover_ratio": 1.2,
            "reinvestment_rate": -93.08,
            "research_to_sale_ratio": 8.39,
            "price_fair": 241.55,
            "eps_avg_yearly": 6.9,
            "eps_latest_yearly": 11,
            "eps_growth_yearly": 60.23
        },
        "20171": {
            "year_quarter": 20171,
            "year": 2017,
            "quarter": 1,
            "eps": 0.15,
            "eps_growth_year": -90.07,
            "eps_4q": 7.22,
            "eps_4q_growth_year": -3.77,
            "roe": 0.2,
            "roe_4q": 13.239999999999998,
            "gross_profit": 336011,
            "gross_margin": 28.38,
            "gross_margin_4q_avg": 28.8,
            "net_income": 9735,
            "revenue": 1184033,
            "common_shares": 908200,
            "book_valuer_per_share": 49.23,
            "book_valuer_per_share_4q_avg": 50.17,
            "equity": 4805298,
            "current_ratio": 178.2,
            "debt_ratio": 42.91,
            "inventory_turnover_ratio": 0.99,
            "account_receivable_turnover_ratio": 1.1,
            "reinvestment_rate": 17.91,
            "research_to_sale_ratio": 7.07,
            "price_fair": 227.76,
            "eps_avg_yearly": 6.51,
            "eps_latest_yearly": 0.6,
            "eps_growth_yearly": 32.83
        },
        "20172": {
            "year_quarter": 20172,
            "year": 2017,
            "quarter": 2,
            "eps": 2.38,
            "eps_growth_year": 12.8,
            "eps_4q": 7.49,
            "eps_4q_growth_year": -3.66,
            "roe": 4.46,
            "roe_4q": 13.91,
            "gross_profit": 504468,
            "gross_margin": 30.36,
            "gross_margin_4q_avg": 29.58,
            "net_income": 207706,
            "revenue": 1661380,
            "common_shares": 908200,
            "book_valuer_per_share": 46.67,
            "book_valuer_per_share_4q_avg": 49.48,
            "equity": 4511981,
            "current_ratio": 156.11,
            "debt_ratio": 49.69,
            "inventory_turnover_ratio": 1.22,
            "account_receivable_turnover_ratio": 1.42,
            "reinvestment_rate": 16.28,
            "research_to_sale_ratio": 5.23,
            "price_fair": 232.66,
            "eps_avg_yearly": 6.65,
            "eps_latest_yearly": 9.52,
            "eps_growth_yearly": 404.9
        },
        "20173": {
            "year_quarter": 20173,
            "year": 2017,
            "quarter": 3,
            "eps": 1.72,
            "eps_growth_year": -21.82,
            "eps_4q": 7,
            "eps_4q_growth_year": -4.18,
            "roe": 3.28,
            "roe_4q": 13.04,
            "gross_profit": 472251,
            "gross_margin": 26.91,
            "gross_margin_4q_avg": 28.84,
            "net_income": 151212,
            "revenue": 1755015,
            "common_shares": 908200,
            "book_valuer_per_share": 49.13,
            "book_valuer_per_share_4q_avg": 49.33,
            "equity": 4717881,
            "current_ratio": 162.38,
            "debt_ratio": 49.06,
            "inventory_turnover_ratio": 1.31,
            "account_receivable_turnover_ratio": 1.19,
            "reinvestment_rate": 15.61,
            "research_to_sale_ratio": 5,
            "price_fair": 232.66,
            "eps_avg_yearly": 6.65,
            "eps_latest_yearly": 6.88,
            "eps_growth_yearly": 399.34
        },
        "20174": {
            "year_quarter": 20174,
            "year": 2017,
            "quarter": 4,
            "eps": 1.07,
            "eps_growth_year": -60.98,
            "eps_4q": 5.32,
            "eps_4q_growth_year": -37.98,
            "roe": 1.86,
            "roe_4q": 9.799999999999999,
            "gross_profit": 402081,
            "gross_margin": 23.44,
            "gross_margin_4q_avg": 27.27,
            "net_income": 88313,
            "revenue": 1715120,
            "common_shares": 908200,
            "book_valuer_per_share": 50.06,
            "book_valuer_per_share_4q_avg": 48.77,
            "equity": 4768061,
            "current_ratio": 157.96,
            "debt_ratio": 48.82,
            "inventory_turnover_ratio": 1.32,
            "account_receivable_turnover_ratio": 1.15,
            "reinvestment_rate": 3.84,
            "research_to_sale_ratio": 7.68,
            "price_fair": 233.54,
            "eps_avg_yearly": 6.67,
            "eps_latest_yearly": 4.28,
            "eps_growth_yearly": 400.79
        },
        "20181": {
            "year_quarter": 20181,
            "year": 2018,
            "quarter": 1,
            "eps": 0.22,
            "eps_growth_year": 46.67,
            "eps_4q": 5.39,
            "eps_4q_growth_year": -25.27,
            "roe": 0.32,
            "roe_4q": 9.92,
            "gross_profit": 381414,
            "gross_margin": 24.65,
            "gross_margin_4q_avg": 26.34,
            "net_income": 15570,
            "revenue": 1547413,
            "common_shares": 908200,
            "book_valuer_per_share": 50.67,
            "book_valuer_per_share_4q_avg": 49.13,
            "equity": 4819525,
            "current_ratio": 159.16,
            "debt_ratio": 48.22,
            "inventory_turnover_ratio": 1.13,
            "account_receivable_turnover_ratio": 1.13,
            "reinvestment_rate": 3.98,
            "research_to_sale_ratio": 5.73,
            "price_fair": 229.51,
            "eps_avg_yearly": 6.56,
            "eps_latest_yearly": 0.88,
            "eps_growth_yearly": 388.41
        },
        "20182": {
            "year_quarter": 20182,
            "year": 2018,
            "quarter": 2,
            "eps": 3.84,
            "eps_growth_year": 61.34,
            "eps_4q": 6.85,
            "eps_4q_growth_year": -8.44,
            "roe": 7.06,
            "roe_4q": 12.52,
            "gross_profit": 563591,
            "gross_margin": 28.9,
            "gross_margin_4q_avg": 25.98,
            "net_income": 343127,
            "revenue": 1950341,
            "common_shares": 908200,
            "book_valuer_per_share": 51.59,
            "book_valuer_per_share_4q_avg": 50.36,
            "equity": 4900268,
            "current_ratio": 158.63,
            "debt_ratio": 49.17,
            "inventory_turnover_ratio": 1.32,
            "account_receivable_turnover_ratio": 1.28,
            "reinvestment_rate": -0.5,
            "research_to_sale_ratio": 4.65,
            "price_fair": 251.39,
            "eps_avg_yearly": 7.18,
            "eps_latest_yearly": 15.36,
            "eps_growth_yearly": 775.51
        },
        "20183": {
            "year_quarter": 20183,
            "year": 2018,
            "quarter": 3,
            "eps": 2.75,
            "eps_growth_year": 59.88,
            "eps_4q": 7.89,
            "eps_4q_growth_year": 12.71,
            "roe": 5.02,
            "roe_4q": 14.259999999999998,
            "gross_profit": 628937,
            "gross_margin": 30.09,
            "gross_margin_4q_avg": 26.77,
            "net_income": 248776,
            "revenue": 2090095,
            "common_shares": 908200,
            "book_valuer_per_share": 52.9,
            "book_valuer_per_share_4q_avg": 51.31,
            "equity": 5012795,
            "current_ratio": 165.42,
            "debt_ratio": 48.8,
            "inventory_turnover_ratio": 1.44,
            "account_receivable_turnover_ratio": 1.19,
            "reinvestment_rate": -7.65,
            "research_to_sale_ratio": 4.56,
            "price_fair": 255.68,
            "eps_avg_yearly": 7.31,
            "eps_latest_yearly": 11,
            "eps_growth_yearly": 751.25
        },
        "20184": {
            "year_quarter": 20184,
            "year": 2018,
            "quarter": 4,
            "eps": 2.49,
            "eps_growth_year": 131.96,
            "eps_4q": 9.31,
            "eps_4q_growth_year": 74.93,
            "roe": 4.3,
            "roe_4q": 16.7,
            "gross_profit": 574472,
            "gross_margin": 31.74,
            "gross_margin_4q_avg": 28.85,
            "net_income": 221166,
            "revenue": 1809654,
            "common_shares": 908200,
            "book_valuer_per_share": 55.71,
            "book_valuer_per_share_4q_avg": 52.72,
            "equity": 5263831,
            "current_ratio": 174.43,
            "debt_ratio": 46.46,
            "inventory_turnover_ratio": 1.2,
            "account_receivable_turnover_ratio": 1.09,
            "reinvestment_rate": -15.9,
            "research_to_sale_ratio": 5.74,
            "price_fair": 261.8,
            "eps_avg_yearly": 7.48,
            "eps_latest_yearly": 9.96,
            "eps_growth_yearly": 754.08
        },
        "20191": {
            "year_quarter": 20191,
            "year": 2019,
            "quarter": 1,
            "eps": 1.98,
            "eps_growth_year": 800,
            "eps_4q": 11.06,
            "eps_4q_growth_year": 105.02,
            "roe": 3.37,
            "roe_4q": 19.75,
            "gross_profit": 525680,
            "gross_margin": 32.15,
            "gross_margin_4q_avg": 30.72,
            "net_income": 181731,
            "revenue": 1635115,
            "common_shares": 908200,
            "book_valuer_per_share": 58.5,
            "book_valuer_per_share_4q_avg": 54.68,
            "equity": 5523166,
            "current_ratio": 176.87,
            "debt_ratio": 47.16,
            "inventory_turnover_ratio": 0.97,
            "account_receivable_turnover_ratio": 1.13,
            "reinvestment_rate": -16.03,
            "research_to_sale_ratio": 5.66,
            "price_fair": 272.65,
            "eps_avg_yearly": 7.79,
            "eps_latest_yearly": 7.92,
            "eps_growth_yearly": 763.63
        },
        "20192": {
            "year_quarter": 20192,
            "year": 2019,
            "quarter": 2,
            "eps": 3.36,
            "eps_growth_year": -12.5,
            "eps_4q": 10.58,
            "eps_4q_growth_year": 54.37,
            "roe": 5.83,
            "roe_4q": 18.52,
            "gross_profit": 653243,
            "gross_margin": 33.06,
            "gross_margin_4q_avg": 31.76,
            "net_income": 315084,
            "revenue": 1975774,
            "common_shares": 908200,
            "book_valuer_per_share": 55.91,
            "book_valuer_per_share_4q_avg": 55.76,
            "equity": 5290069,
            "current_ratio": 170.33,
            "debt_ratio": 49.45,
            "inventory_turnover_ratio": 1.09,
            "account_receivable_turnover_ratio": 1.3,
            "reinvestment_rate": -23.59,
            "research_to_sale_ratio": 4.71,
            "price_fair": 285.95,
            "eps_avg_yearly": 8.17,
            "eps_latest_yearly": 13.44,
            "eps_growth_yearly": 743.89
        },
        "20193": {
            "year_quarter": 20193,
            "year": 2019,
            "quarter": 3,
            "eps": 2.79,
            "eps_growth_year": 1.45,
            "eps_4q": 10.62,
            "eps_4q_growth_year": 34.62,
            "roe": 4.21,
            "roe_4q": 17.71,
            "gross_profit": 678765,
            "gross_margin": 34.15,
            "gross_margin_4q_avg": 32.78,
            "net_income": 225421,
            "revenue": 1987496,
            "common_shares": 908200,
            "book_valuer_per_share": 57.47,
            "book_valuer_per_share_4q_avg": 56.9,
            "equity": 5417860,
            "current_ratio": 179.94,
            "debt_ratio": 48.13,
            "inventory_turnover_ratio": 1.13,
            "account_receivable_turnover_ratio": 1.18,
            "reinvestment_rate": -33.01,
            "research_to_sale_ratio": 4.4,
            "price_fair": 287,
            "eps_avg_yearly": 8.2,
            "eps_latest_yearly": 11.16,
            "eps_growth_yearly": 728.37
        },
        "20194": {
            "year_quarter": 20194,
            "year": 2019,
            "quarter": 4,
            "eps": 1.41,
            "eps_growth_year": -43.59,
            "eps_4q": 9.53,
            "eps_4q_growth_year": 2.44,
            "roe": 2.56,
            "roe_4q": 15.969999999999999,
            "gross_profit": 536074,
            "gross_margin": 32.96,
            "gross_margin_4q_avg": 33.08,
            "net_income": 138938,
            "revenue": 1626514,
            "common_shares": 908200,
            "book_valuer_per_share": 57.97,
            "book_valuer_per_share_4q_avg": 57.46,
            "equity": 5429823,
            "current_ratio": 195.33,
            "debt_ratio": 44.93,
            "inventory_turnover_ratio": 0.94,
            "account_receivable_turnover_ratio": 1.03,
            "reinvestment_rate": -34.47,
            "research_to_sale_ratio": 6.08,
            "price_fair": 286.39,
            "eps_avg_yearly": 8.18,
            "eps_latest_yearly": 5.64,
            "eps_growth_yearly": 727.15
        },
        "20201": {
            "year_quarter": 20201,
            "year": 2020,
            "quarter": 1,
            "eps": 0.72,
            "eps_growth_year": -63.64,
            "eps_4q": 8.28,
            "eps_4q_growth_year": -25.13,
            "roe": 1.37,
            "roe_4q": 13.97,
            "gross_profit": 367716,
            "gross_margin": 26.86,
            "gross_margin_4q_avg": 31.76,
            "net_income": 74935,
            "revenue": 1369057,
            "common_shares": 908200,
            "book_valuer_per_share": 58.32,
            "book_valuer_per_share_4q_avg": 57.42,
            "equity": 5470508,
            "current_ratio": 213.15,
            "debt_ratio": 41.45,
            "inventory_turnover_ratio": 0.8,
            "account_receivable_turnover_ratio": 1.03,
            "reinvestment_rate": -33.06,
            "research_to_sale_ratio": 5.49,
            "price_fair": 279.48,
            "eps_avg_yearly": 7.99,
            "eps_latest_yearly": 2.88,
            "eps_growth_yearly": 714.41
        },
        "20202": {
            "year_quarter": 20202,
            "year": 2020,
            "quarter": 2,
            "eps": 2.35,
            "eps_growth_year": -30.06,
            "eps_4q": 7.27,
            "eps_4q_growth_year": -31.29,
            "roe": 4.36,
            "roe_4q": 12.5,
            "gross_profit": 640066,
            "gross_margin": 35.27,
            "gross_margin_4q_avg": 32.31,
            "net_income": 228818,
            "revenue": 1814674,
            "common_shares": 908200,
            "book_valuer_per_share": 53.35,
            "book_valuer_per_share_4q_avg": 56.78,
            "equity": 5030630,
            "current_ratio": 179.1,
            "debt_ratio": 47.6,
            "inventory_turnover_ratio": 0.97,
            "account_receivable_turnover_ratio": 1.33,
            "reinvestment_rate": -30.08,
            "research_to_sale_ratio": 4.24,
            "price_fair": 281.58,
            "eps_avg_yearly": 8.05,
            "eps_latest_yearly": 9.4,
            "eps_growth_yearly": 761.07
        },
        "20203": {
            "year_quarter": 20203,
            "year": 2020,
            "quarter": 3,
            "eps": 2.39,
            "eps_growth_year": -14.34,
            "eps_4q": 6.87,
            "eps_4q_growth_year": -35.31,
            "roe": 5.06,
            "roe_4q": 13.35,
            "gross_profit": 785067,
            "gross_margin": 38.51,
            "gross_margin_4q_avg": 33.4,
            "net_income": 261834,
            "revenue": 2038564,
            "common_shares": 908200,
            "book_valuer_per_share": 56.26,
            "book_valuer_per_share_4q_avg": 56.48,
            "equity": 5318527,
            "current_ratio": 183.08,
            "debt_ratio": 47.34,
            "inventory_turnover_ratio": 1.09,
            "account_receivable_turnover_ratio": 1.3,
            "reinvestment_rate": -24.5,
            "research_to_sale_ratio": 3.5,
            "price_fair": 283.24,
            "eps_avg_yearly": 8.09,
            "eps_latest_yearly": 9.56,
            "eps_growth_yearly": 760.43
        },
        "20204": {
            "year_quarter": 20204,
            "year": 2020,
            "quarter": 4,
            "eps": 2.01,
            "eps_growth_year": 43.15,
            "eps_4q": 7.48,
            "eps_4q_growth_year": -21.57,
            "roe": 4.16,
            "roe_4q": 14.95,
            "gross_profit": 706023,
            "gross_margin": 35.09,
            "gross_margin_4q_avg": 33.93,
            "net_income": 226884,
            "revenue": 2012067,
            "common_shares": 908200,
            "book_valuer_per_share": 58.74,
            "book_valuer_per_share_4q_avg": 56.67,
            "equity": 5590084,
            "current_ratio": 195.98,
            "debt_ratio": 45.15,
            "inventory_turnover_ratio": 0.99,
            "account_receivable_turnover_ratio": 1.28,
            "reinvestment_rate": -24.41,
            "research_to_sale_ratio": 4.32,
            "price_fair": 276.76,
            "eps_avg_yearly": 7.91,
            "eps_latest_yearly": 8.04,
            "eps_growth_yearly": 750.2
        },
        "20211": {
            "year_quarter": 20211,
            "year": 2021,
            "quarter": 1,
            "eps": 2.51,
            "eps_growth_year": 248.61,
            "eps_4q": 9.26,
            "eps_4q_growth_year": 11.86,
            "roe": 4.41,
            "roe_4q": 17.99,
            "gross_profit": 557365,
            "gross_margin": 27.73,
            "gross_margin_4q_avg": 34.15,
            "net_income": 251434,
            "revenue": 2009958,
            "common_shares": 908200,
            "book_valuer_per_share": 61.03,
            "book_valuer_per_share_4q_avg": 57.35,
            "equity": 5820608,
            "current_ratio": 218.29,
            "debt_ratio": 41.17,
            "inventory_turnover_ratio": 1.01,
            "account_receivable_turnover_ratio": 1.28,
            "reinvestment_rate": -15.68,
            "research_to_sale_ratio": 4.03,
            "price_fair": 297.41,
            "eps_avg_yearly": 8.5,
            "eps_latest_yearly": 10.04,
            "eps_growth_yearly": 780.06
        },
        "20212": {
            "year_quarter": 20212,
            "year": 2021,
            "quarter": 2,
            "eps": 1.99,
            "eps_growth_year": -15.32,
            "eps_4q": 8.9,
            "eps_4q_growth_year": 22.49,
            "roe": 3.21,
            "roe_4q": 16.84,
            "gross_profit": 539688,
            "gross_margin": 29.61,
            "gross_margin_4q_avg": 32.74,
            "net_income": 189414,
            "revenue": 1822619,
            "common_shares": 908200,
            "book_valuer_per_share": 62.54,
            "book_valuer_per_share_4q_avg": 59.64,
            "equity": 5963243,
            "current_ratio": 211.06,
            "debt_ratio": 42.11,
            "inventory_turnover_ratio": 0.82,
            "account_receivable_turnover_ratio": 1.16,
            "reinvestment_rate": -14.41,
            "research_to_sale_ratio": 4.42,
            "price_fair": 294,
            "eps_avg_yearly": 8.4,
            "eps_latest_yearly": 7.96,
            "eps_growth_yearly": 403.21
        },
        "20213": {
            "year_quarter": 20213,
            "year": 2021,
            "quarter": 3,
            "eps": 1.81,
            "eps_growth_year": -24.27,
            "eps_4q": 8.32,
            "eps_4q_growth_year": 21.13,
            "roe": 3.41,
            "roe_4q": 15.190000000000001,
            "gross_profit": 715548,
            "gross_margin": 30.46,
            "gross_margin_4q_avg": 30.72,
            "net_income": 198568,
            "revenue": 2349016,
            "common_shares": 908200,
            "book_valuer_per_share": 59.17,
            "book_valuer_per_share_4q_avg": 60.37,
            "equity": 5673235,
            "current_ratio": 182.54,
            "debt_ratio": 48.51,
            "inventory_turnover_ratio": 0.9,
            "account_receivable_turnover_ratio": 1.38,
            "reinvestment_rate": -16.28,
            "research_to_sale_ratio": 3.58,
            "price_fair": 294.79,
            "eps_avg_yearly": 8.42,
            "eps_latest_yearly": 7.24,
            "eps_growth_yearly": 407.89
        },
        "20214": {
            "year_quarter": 20214,
            "year": 2021,
            "quarter": 4,
            "eps": 2.85,
            "eps_growth_year": 41.51,
            "eps_4q": 9.16,
            "eps_4q_growth_year": 22.48,
            "roe": 4.99,
            "roe_4q": 16.02,
            "gross_profit": 842081,
            "gross_margin": 33.54,
            "gross_margin_4q_avg": 30.34,
            "net_income": 291221,
            "revenue": 2510335,
            "common_shares": 908200,
            "book_valuer_per_share": 62.27,
            "book_valuer_per_share_4q_avg": 61.25,
            "equity": 5989829,
            "current_ratio": 209.34,
            "debt_ratio": 46.76,
            "inventory_turnover_ratio": 0.88,
            "account_receivable_turnover_ratio": 1.36,
            "reinvestment_rate": -12.89,
            "research_to_sale_ratio": 3.84,
            "price_fair": 310.36,
            "eps_avg_yearly": 8.87,
            "eps_latest_yearly": 11.4,
            "eps_growth_yearly": 431.7
        },
        "20221": {
            "year_quarter": 20221,
            "year": 2022,
            "quarter": 1,
            "eps": 3.15,
            "eps_growth_year": 25.5,
            "eps_4q": 9.8,
            "eps_4q_growth_year": 5.8,
            "roe": 4.99,
            "roe_4q": 16.6,
            "gross_profit": 637844,
            "gross_margin": 29.21,
            "gross_margin_4q_avg": 30.71,
            "net_income": 312938,
            "revenue": 2183386,
            "common_shares": 908200,
            "book_valuer_per_share": 68.22,
            "book_valuer_per_share_4q_avg": 63.05,
            "equity": 6544786,
            "current_ratio": 192.59,
            "debt_ratio": 47.79,
            "inventory_turnover_ratio": 0.77,
            "account_receivable_turnover_ratio": 1.16,
            "reinvestment_rate": 2.6,
            "research_to_sale_ratio": 4.03,
            "price_fair": 336,
            "eps_avg_yearly": 9.6,
            "eps_latest_yearly": 12.6,
            "eps_growth_yearly": 454.19
        },
        "20222": {
            "year_quarter": 20222,
            "year": 2022,
            "quarter": 2,
            "eps": 7.88,
            "eps_growth_year": 295.98,
            "eps_4q": 15.68,
            "eps_4q_growth_year": 76.13,
            "roe": 11.59,
            "roe_4q": 24.98,
            "gross_profit": 1084416,
            "gross_margin": 40.54,
            "gross_margin_4q_avg": 33.44,
            "net_income": 770033,
            "revenue": 2675221,
            "common_shares": 908200,
            "book_valuer_per_share": 69.8,
            "book_valuer_per_share_4q_avg": 64.87,
            "equity": 6737727,
            "current_ratio": 169.01,
            "debt_ratio": 55.04,
            "inventory_turnover_ratio": 0.69,
            "account_receivable_turnover_ratio": 1.22,
            "reinvestment_rate": 6.84,
            "research_to_sale_ratio": 3.64,
            "price_fair": 371.35,
            "eps_avg_yearly": 10.61,
            "eps_latest_yearly": 31.52,
            "eps_growth_yearly": 80.37
        },
        "20223": {
            "year_quarter": 20223,
            "year": 2022,
            "quarter": 3,
            "eps": 9.37,
            "eps_growth_year": 417.68,
            "eps_4q": 23.25,
            "eps_4q_growth_year": 179.39,
            "roe": 12.47,
            "roe_4q": 34.040000000000006,
            "gross_profit": 1110169,
            "gross_margin": 35.02,
            "gross_margin_4q_avg": 34.58,
            "net_income": 904241,
            "revenue": 3170223,
            "common_shares": 908200,
            "book_valuer_per_share": 80.68,
            "book_valuer_per_share_4q_avg": 70.24,
            "equity": 7769353,
            "current_ratio": 165.5,
            "debt_ratio": 55.56,
            "inventory_turnover_ratio": 0.8,
            "account_receivable_turnover_ratio": 1.22,
            "reinvestment_rate": 13.07,
            "research_to_sale_ratio": 3.22,
            "price_fair": 429.28,
            "eps_avg_yearly": 12.27,
            "eps_latest_yearly": 37.48,
            "eps_growth_yearly": 92.19
        },
        "20224": {
            "year_quarter": 20224,
            "year": 2022,
            "quarter": 4,
            "eps": 4.48,
            "eps_growth_year": 57.42,
            "eps_4q": 24.89,
            "eps_4q_growth_year": 171.76,
            "roe": 5.47,
            "roe_4q": 34.52,
            "gross_profit": 1049377,
            "gross_margin": 35.74,
            "gross_margin_4q_avg": 35.13,
            "net_income": 434799,
            "revenue": 2936479,
            "common_shares": 908200,
            "book_valuer_per_share": 84.34,
            "book_valuer_per_share_4q_avg": 75.76,
            "equity": 8122740,
            "current_ratio": 173.64,
            "debt_ratio": 49.91,
            "inventory_turnover_ratio": 0.71,
            "account_receivable_turnover_ratio": 1.17,
            "reinvestment_rate": 18.73,
            "research_to_sale_ratio": 3.92,
            "price_fair": 446.69,
            "eps_avg_yearly": 12.76,
            "eps_latest_yearly": 17.92,
            "eps_growth_yearly": 81.51
        },
        "20231": {
            "year_quarter": 20231,
            "year": 2023,
            "quarter": 1,
            "eps": 3.6,
            "eps_growth_year": 14.29,
            "eps_4q": 25.33,
            "eps_4q_growth_year": 158.54,
            "roe": 3.99,
            "roe_4q": 33.519999999999996,
            "gross_profit": 854314,
            "gross_margin": 30.98,
            "gross_margin_4q_avg": 35.57,
            "net_income": 331152,
            "revenue": 2757522,
            "common_shares": 908200,
            "book_valuer_per_share": 88.03,
            "book_valuer_per_share_4q_avg": 80.71,
            "equity": 8463937,
            "current_ratio": 213.06,
            "debt_ratio": 39.94,
            "inventory_turnover_ratio": 0.76,
            "account_receivable_turnover_ratio": 1.31,
            "reinvestment_rate": 24.9,
            "research_to_sale_ratio": 4.03,
            "price_fair": 460.86,
            "eps_avg_yearly": 13.17,
            "eps_latest_yearly": 14.4,
            "eps_growth_yearly": 81.72
        },
        "20232": {
            "year_quarter": 20232,
            "year": 2023,
            "quarter": 2,
            "eps": 5.2,
            "eps_growth_year": -34.01,
            "eps_4q": 22.66,
            "eps_4q_growth_year": 44.49,
            "roe": 6.18,
            "roe_4q": 28.11,
            "gross_profit": 823398,
            "gross_margin": 32.9,
            "gross_margin_4q_avg": 33.66,
            "net_income": 503200,
            "revenue": 2502470,
            "common_shares": 908200,
            "book_valuer_per_share": 81.45,
            "book_valuer_per_share_4q_avg": 83.63,
            "equity": 7819533,
            "current_ratio": 191.46,
            "debt_ratio": 43.75,
            "inventory_turnover_ratio": 0.82,
            "account_receivable_turnover_ratio": 1.26,
            "reinvestment_rate": 29.09,
            "research_to_sale_ratio": 4.21,
            "price_fair": 476.96,
            "eps_avg_yearly": 13.63,
            "eps_latest_yearly": 20.8,
            "eps_growth_yearly": 75.4
        }
    },
    "months": {
        "2011-10": {
            "month": "2011-10",
            "price": "114.86",
            "revenue": 271431
        },
        "2011-11": {
            "month": "2011-11",
            "price": "115.78",
            "revenue": 300623
        },
        "2011-12": {
            "month": "2011-12",
            "price": "112.37",
            "revenue": 366752
        },
        "2012-01": {
            "month": "2012-01",
            "price": "107.55",
            "revenue": 203361
        },
        "2012-02": {
            "month": "2012-02",
            "price": "105.92",
            "revenue": 270617
        },
        "2012-03": {
            "month": "2012-03",
            "price": "110.59",
            "revenue": 260154
        },
        "2012-04": {
            "month": "2012-04",
            "price": "112.08",
            "revenue": 183360
        },
        "2012-05": {
            "month": "2012-05",
            "price": "111.92",
            "revenue": 209632
        },
        "2012-06": {
            "month": "2012-06",
            "price": "106.50",
            "revenue": 239873
        },
        "2012-07": {
            "month": "2012-07",
            "price": "103.57",
            "revenue": 245295
        },
        "2012-08": {
            "month": "2012-08",
            "price": "99.83",
            "revenue": 285121
        },
        "2012-09": {
            "month": "2012-09",
            "price": "99.91",
            "revenue": 631232
        },
        "2012-10": {
            "month": "2012-10",
            "price": "97.41",
            "revenue": 517030
        },
        "2012-11": {
            "month": "2012-11",
            "price": "97.37",
            "revenue": 629489
        },
        "2012-12": {
            "month": "2012-12",
            "price": "100.51",
            "revenue": 507239
        },
        "2013-01": {
            "month": "2013-01",
            "price": "105.00",
            "revenue": 585546
        },
        "2013-02": {
            "month": "2013-02",
            "price": "121.65",
            "revenue": 317023
        },
        "2013-03": {
            "month": "2013-03",
            "price": "144.87",
            "revenue": 435323
        },
        "2013-04": {
            "month": "2013-04",
            "price": "152.77",
            "revenue": 460221
        },
        "2013-05": {
            "month": "2013-05",
            "price": "160.89",
            "revenue": 552298
        },
        "2013-06": {
            "month": "2013-06",
            "price": "159.92",
            "revenue": 462158
        },
        "2013-07": {
            "month": "2013-07",
            "price": "177.92",
            "revenue": 523266
        },
        "2013-08": {
            "month": "2013-08",
            "price": "181.43",
            "revenue": 588360
        },
        "2013-09": {
            "month": "2013-09",
            "price": "174.39",
            "revenue": 570965
        },
        "2013-10": {
            "month": "2013-10",
            "price": "163.78",
            "revenue": 477166
        },
        "2013-11": {
            "month": "2013-11",
            "price": "161.52",
            "revenue": 518525
        },
        "2013-12": {
            "month": "2013-12",
            "price": "167.70",
            "revenue": 556767
        },
        "2014-01": {
            "month": "2014-01",
            "price": "155.28",
            "revenue": 464366
        },
        "2014-02": {
            "month": "2014-02",
            "price": "156.82",
            "revenue": 324580
        },
        "2014-03": {
            "month": "2014-03",
            "price": "166.29",
            "revenue": 485978
        },
        "2014-04": {
            "month": "2014-04",
            "price": "168.14",
            "revenue": 553060
        },
        "2014-05": {
            "month": "2014-05",
            "price": "158.17",
            "revenue": 591458
        },
        "2014-06": {
            "month": "2014-06",
            "price": "159.92",
            "revenue": 591060
        },
        "2014-07": {
            "month": "2014-07",
            "price": "165.59",
            "revenue": 630386
        },
        "2014-08": {
            "month": "2014-08",
            "price": "154.24",
            "revenue": 609124
        },
        "2014-09": {
            "month": "2014-09",
            "price": "148.21",
            "revenue": 589737
        },
        "2014-10": {
            "month": "2014-10",
            "price": "120.71",
            "revenue": 548818
        },
        "2014-11": {
            "month": "2014-11",
            "price": "113.28",
            "revenue": 546998
        },
        "2014-12": {
            "month": "2014-12",
            "price": "116.92",
            "revenue": 620976
        },
        "2015-01": {
            "month": "2015-01",
            "price": "117.35",
            "revenue": 586801
        },
        "2015-02": {
            "month": "2015-02",
            "price": "118.62",
            "revenue": 344006
        },
        "2015-03": {
            "month": "2015-03",
            "price": "126.86",
            "revenue": 478681
        },
        "2015-04": {
            "month": "2015-04",
            "price": "129.05",
            "revenue": 585398
        },
        "2015-05": {
            "month": "2015-05",
            "price": "130.35",
            "revenue": 573484
        },
        "2015-06": {
            "month": "2015-06",
            "price": "124.71",
            "revenue": 567600
        },
        "2015-07": {
            "month": "2015-07",
            "price": "120.14",
            "revenue": 655959
        },
        "2015-08": {
            "month": "2015-08",
            "price": "118.12",
            "revenue": 656262
        },
        "2015-09": {
            "month": "2015-09",
            "price": "126.42",
            "revenue": 597037
        },
        "2015-10": {
            "month": "2015-10",
            "price": "127.52",
            "revenue": 583922
        },
        "2015-11": {
            "month": "2015-11",
            "price": "124.21",
            "revenue": 518999
        },
        "2015-12": {
            "month": "2015-12",
            "price": "117.46",
            "revenue": 502693
        },
        "2016-01": {
            "month": "2016-01",
            "price": "107.21",
            "revenue": 497882
        },
        "2016-02": {
            "month": "2016-02",
            "price": "109.50",
            "revenue": 235180
        },
        "2016-03": {
            "month": "2016-03",
            "price": "115.67",
            "revenue": 447861
        },
        "2016-04": {
            "month": "2016-04",
            "price": "112.03",
            "revenue": 591934
        },
        "2016-05": {
            "month": "2016-05",
            "price": "106.43",
            "revenue": 566369
        },
        "2016-06": {
            "month": "2016-06",
            "price": "106.36",
            "revenue": 574159
        },
        "2016-07": {
            "month": "2016-07",
            "price": "103.88",
            "revenue": 577270
        },
        "2016-08": {
            "month": "2016-08",
            "price": "104.39",
            "revenue": 633998
        },
        "2016-09": {
            "month": "2016-09",
            "price": "106.24",
            "revenue": 551977
        },
        "2016-10": {
            "month": "2016-10",
            "price": "102.38",
            "revenue": 431809
        },
        "2016-11": {
            "month": "2016-11",
            "price": "97.57",
            "revenue": 546237
        },
        "2016-12": {
            "month": "2016-12",
            "price": "101.80",
            "revenue": 561820
        },
        "2017-01": {
            "month": "2017-01",
            "price": "102.84",
            "revenue": 418704
        },
        "2017-02": {
            "month": "2017-02",
            "price": "112.19",
            "revenue": 279164
        },
        "2017-03": {
            "month": "2017-03",
            "price": "110.93",
            "revenue": 486164
        },
        "2017-04": {
            "month": "2017-04",
            "price": "105.44",
            "revenue": 506398
        },
        "2017-05": {
            "month": "2017-05",
            "price": "107.00",
            "revenue": 561712
        },
        "2017-06": {
            "month": "2017-06",
            "price": "105.63",
            "revenue": 593270
        },
        "2017-07": {
            "month": "2017-07",
            "price": "103.31",
            "revenue": 571362
        },
        "2017-08": {
            "month": "2017-08",
            "price": "97.67",
            "revenue": 625325
        },
        "2017-09": {
            "month": "2017-09",
            "price": "95.59",
            "revenue": 558329
        },
        "2017-10": {
            "month": "2017-10",
            "price": "96.97",
            "revenue": 580134
        },
        "2017-11": {
            "month": "2017-11",
            "price": "95.33",
            "revenue": 536528
        },
        "2017-12": {
            "month": "2017-12",
            "price": "88.31",
            "revenue": 598458
        },
        "2018-01": {
            "month": "2018-01",
            "price": "89.97",
            "revenue": 613015
        },
        "2018-02": {
            "month": "2018-02",
            "price": "88.23",
            "revenue": 387621
        },
        "2018-03": {
            "month": "2018-03",
            "price": "86.77",
            "revenue": 546777
        },
        "2018-04": {
            "month": "2018-04",
            "price": "85.45",
            "revenue": 610943
        },
        "2018-05": {
            "month": "2018-05",
            "price": "80.98",
            "revenue": 694631
        },
        "2018-06": {
            "month": "2018-06",
            "price": "81.48",
            "revenue": 644767
        },
        "2018-07": {
            "month": "2018-07",
            "price": "83.85",
            "revenue": 695248
        },
        "2018-08": {
            "month": "2018-08",
            "price": "89.23",
            "revenue": 696317
        },
        "2018-09": {
            "month": "2018-09",
            "price": "89.73",
            "revenue": 698530
        },
        "2018-10": {
            "month": "2018-10",
            "price": "91.35",
            "revenue": 577936
        },
        "2018-11": {
            "month": "2018-11",
            "price": "88.97",
            "revenue": 633243
        },
        "2018-12": {
            "month": "2018-12",
            "price": "91.23",
            "revenue": 598475
        },
        "2019-01": {
            "month": "2019-01",
            "price": "119.24",
            "revenue": 770883
        },
        "2019-02": {
            "month": "2019-02",
            "price": "139.19",
            "revenue": 359287
        },
        "2019-03": {
            "month": "2019-03",
            "price": "147.12",
            "revenue": 504945
        },
        "2019-04": {
            "month": "2019-04",
            "price": "145.62",
            "revenue": 683787
        },
        "2019-05": {
            "month": "2019-05",
            "price": "145.64",
            "revenue": 705374
        },
        "2019-06": {
            "month": "2019-06",
            "price": "156.16",
            "revenue": 586613
        },
        "2019-07": {
            "month": "2019-07",
            "price": "172.02",
            "revenue": 745146
        },
        "2019-08": {
            "month": "2019-08",
            "price": "160.81",
            "revenue": 632819
        },
        "2019-09": {
            "month": "2019-09",
            "price": "150.08",
            "revenue": 609531
        },
        "2019-10": {
            "month": "2019-10",
            "price": "136.86",
            "revenue": 515427
        },
        "2019-11": {
            "month": "2019-11",
            "price": "129.02",
            "revenue": 561206
        },
        "2019-12": {
            "month": "2019-12",
            "price": "131.43",
            "revenue": 549881
        },
        "2020-01": {
            "month": "2020-01",
            "price": "137.27",
            "revenue": 524674
        },
        "2020-02": {
            "month": "2020-02",
            "price": "128.05",
            "revenue": 319487
        },
        "2020-03": {
            "month": "2020-03",
            "price": "105.54",
            "revenue": 524896
        },
        "2020-04": {
            "month": "2020-04",
            "price": "99.68",
            "revenue": 615546
        },
        "2020-05": {
            "month": "2020-05",
            "price": "116.58",
            "revenue": 589909
        },
        "2020-06": {
            "month": "2020-06",
            "price": "128.20",
            "revenue": 609219
        },
        "2020-07": {
            "month": "2020-07",
            "price": "157.07",
            "revenue": 703486
        },
        "2020-08": {
            "month": "2020-08",
            "price": "166.14",
            "revenue": 630723
        },
        "2020-09": {
            "month": "2020-09",
            "price": "159.75",
            "revenue": 704355
        },
        "2020-10": {
            "month": "2020-10",
            "price": "154.18",
            "revenue": 627635
        },
        "2020-11": {
            "month": "2020-11",
            "price": "161.95",
            "revenue": 689051
        },
        "2020-12": {
            "month": "2020-12",
            "price": "157.35",
            "revenue": 695381
        },
        "2021-01": {
            "month": "2021-01",
            "price": "153.08",
            "revenue": 788019
        },
        "2021-02": {
            "month": "2021-02",
            "price": "149.00",
            "revenue": 500683
        },
        "2021-03": {
            "month": "2021-03",
            "price": "171.32",
            "revenue": 721256
        },
        "2021-04": {
            "month": "2021-04",
            "price": "172.32",
            "revenue": 661870
        },
        "2021-05": {
            "month": "2021-05",
            "price": "162.38",
            "revenue": 581625
        },
        "2021-06": {
            "month": "2021-06",
            "price": "158.21",
            "revenue": 579124
        },
        "2021-07": {
            "month": "2021-07",
            "price": "149.48",
            "revenue": 659131
        },
        "2021-08": {
            "month": "2021-08",
            "price": "142.48",
            "revenue": 809690
        },
        "2021-09": {
            "month": "2021-09",
            "price": "131.30",
            "revenue": 880195
        },
        "2021-10": {
            "month": "2021-10",
            "price": "130.12",
            "revenue": 760488
        },
        "2021-11": {
            "month": "2021-11",
            "price": "134.98",
            "revenue": 901090
        },
        "2021-12": {
            "month": "2021-12",
            "price": "141.59",
            "revenue": 848757
        },
        "2022-01": {
            "month": "2022-01",
            "price": "139.33",
            "revenue": 798891
        },
        "2022-02": {
            "month": "2022-02",
            "price": "135.10",
            "revenue": 587216
        },
        "2022-03": {
            "month": "2022-03",
            "price": "132.33",
            "revenue": 797279
        },
        "2022-04": {
            "month": "2022-04",
            "price": "128.82",
            "revenue": 782985
        },
        "2022-05": {
            "month": "2022-05",
            "price": "123.05",
            "revenue": 795068
        },
        "2022-06": {
            "month": "2022-06",
            "price": "130.31",
            "revenue": 1097168
        },
        "2022-07": {
            "month": "2022-07",
            "price": "138.38",
            "revenue": 865598
        },
        "2022-08": {
            "month": "2022-08",
            "price": "163.91",
            "revenue": 1128785
        },
        "2022-09": {
            "month": "2022-09",
            "price": "167.55",
            "revenue": 1175840
        },
        "2022-10": {
            "month": "2022-10",
            "price": "162.92",
            "revenue": 985048
        },
        "2022-11": {
            "month": "2022-11",
            "price": "172.95",
            "revenue": 1039147
        },
        "2022-12": {
            "month": "2022-12",
            "price": "190.82",
            "revenue": 912284
        },
        "2023-01": {
            "month": "2023-01",
            "price": "177.38",
            "revenue": 1041467
        },
        "2023-02": {
            "month": "2023-02",
            "price": "195.53",
            "revenue": 810197
        },
        "2023-03": {
            "month": "2023-03",
            "price": "217.67",
            "revenue": 905858
        },
        "2023-04": {
            "month": "2023-04",
            "price": "207.38",
            "revenue": 839223
        },
        "2023-05": {
            "month": "2023-05",
            "price": "198.82",
            "revenue": 889423
        },
        "2023-06": {
            "month": "2023-06",
            "price": "194.48",
            "revenue": 773824
        },
        "2023-07": {
            "month": "2023-07",
            "price": "178.07",
            "revenue": 595104
        },
        "2023-08": {
            "month": "2023-08",
            "price": "165.14",
            "revenue": 744020
        }
    }
}
