{
    "summary": {
        "stock_name": "大詠城",
        "stock_id": "4538",
        "category": "電機機械",
        "main_business": "工具機鑄件生產銷售",
        "website_url": "http://www.wsmc.com.tw",
        "ceo": "謝宜軒",
        "pe_ratio": 15,
        "report_year_from": 2011,
        "report_year_to": 2023,
        "age": 13,
        "eps_negative_percentage": 0,
        "eps_growth_avg": {
            "last_all": 8.96,
            "last_2y": 36.4,
            "last_4y": 8.96,
            "last_8y": null,
            "last_12y": null,
            "last_16y": null,
            "last_20y": null,
            "at_2006_last_3y": null,
            "at_2007_last_3y": null,
            "at_2008_last_3y": null,
            "at_2009_last_3y": null,
            "at_2010_last_3y": null,
            "at_2011_last_3y": null,
            "at_2012_last_3y": null,
            "at_2013_last_3y": null,
            "at_2014_last_3y": null,
            "at_2015_last_3y": null,
            "at_2016_last_3y": null,
            "at_2017_last_3y": null,
            "at_2018_last_3y": null,
            "at_2019_last_3y": null,
            "at_2020_last_3y": null,
            "at_2021_last_3y": null,
            "at_2022_last_3y": 22.68,
            "at_2023_last_3y": 14.93,
            "at_2024_last_3y": 14.93,
            "at_2006_last_all": null,
            "at_2007_last_all": null,
            "at_2008_last_all": null,
            "at_2009_last_all": null,
            "at_2010_last_all": null,
            "at_2011_last_all": null,
            "at_2012_last_all": null,
            "at_2013_last_all": null,
            "at_2014_last_all": null,
            "at_2015_last_all": null,
            "at_2016_last_all": null,
            "at_2017_last_all": null,
            "at_2018_last_all": null,
            "at_2019_last_all": -14.91,
            "at_2020_last_all": -32.2,
            "at_2021_last_all": -3.1,
            "at_2022_last_all": 22.68,
            "at_2023_last_all": 8.96,
            "at_2024_last_all": 8.96
        },
        "latest_eps": 1.22,
        "latest_price": 18.2,
        "latest_roe": 8.9,
        "latest_gross_margin": 17.87,
        "latest_equity": 862101,
        "latest_revenue": 95980,
        "latest_gross_profit": 17155,
        "latest_net_income": 643,
        "latest_debt_ratio": 14.04,
        "latest_current_ratio": 527.67,
        "latest_account_receivable_turnover_ratio": 0.75,
        "latest_inventory_turnover_ratio": 1.7,
        "latest_reinvestment_rate": 23.32,
        "latest_research_to_sale_ratio": 2
    },
    "eps_dividends": {
        "2001": {
            "cash": 0,
            "stock": 0,
            "eps": 0
        },
        "2002": {
            "cash": 0,
            "stock": 0,
            "eps": 0
        },
        "2003": {
            "cash": 0,
            "stock": 0,
            "eps": 0
        },
        "2004": {
            "cash": 0,
            "stock": 0,
            "eps": 0
        },
        "2005": {
            "cash": 0,
            "stock": 0,
            "eps": 0
        },
        "2006": {
            "cash": 0,
            "stock": 0,
            "eps": 0
        },
        "2007": {
            "cash": 0,
            "stock": 0,
            "eps": 0
        },
        "2008": {
            "cash": 0,
            "stock": 0,
            "eps": 0
        },
        "2009": {
            "cash": 0,
            "stock": 0,
            "eps": 0
        },
        "2010": {
            "cash": 0,
            "stock": 0,
            "eps": 0
        },
        "2011": {
            "cash": 0,
            "stock": 0,
            "eps": 0
        },
        "2012": {
            "cash": 0.6,
            "stock": 0,
            "eps": 0
        },
        "2013": {
            "cash": 0.6,
            "stock": 0,
            "eps": 0
        },
        "2014": {
            "cash": 1.2,
            "stock": 0,
            "eps": 0
        },
        "2015": {
            "cash": 0.65,
            "stock": 0,
            "eps": 0
        },
        "2016": {
            "cash": 0.5,
            "stock": 0,
            "eps": 0
        },
        "2017": {
            "cash": 0.5,
            "stock": 0,
            "eps": 0
        },
        "2018": {
            "cash": 1.4,
            "stock": 0,
            "eps": 1.14
        },
        "2019": {
            "cash": 1.2,
            "stock": 0,
            "eps": 0.97
        },
        "2020": {
            "cash": 0.2,
            "stock": 0.6,
            "eps": 0.49
        },
        "2021": {
            "cash": 0.8,
            "stock": 0,
            "eps": 0.76
        },
        "2022": {
            "cash": 0.5,
            "stock": 0,
            "eps": 1.59
        },
        "2023": {
            "cash": 0.6,
            "stock": 0.4,
            "eps": 0.86
        }
    },
    "dividends": {
        "2012-04-11": {
            "cash": 0.6,
            "stock": 0
        },
        "2013-06-24": {
            "cash": 0.6,
            "stock": 0
        },
        "2014-03-26": {
            "cash": 1.2,
            "stock": 0
        },
        "2015-09-11": {
            "cash": 0.65,
            "stock": 0
        },
        "2016-07-22": {
            "cash": 0.5,
            "stock": 0
        },
        "2017-07-21": {
            "cash": 0.5,
            "stock": 0
        },
        "2018-10-19": {
            "cash": 1.4,
            "stock": 0
        },
        "2019-07-30": {
            "cash": 1.2,
            "stock": 0
        },
        "2020-09-09": {
            "cash": 0.2,
            "stock": 0.6
        },
        "2021-08-25": {
            "cash": 0.8,
            "stock": 0
        },
        "2022-07-15": {
            "cash": 0.5,
            "stock": 0
        },
        "2023-10-13": {
            "cash": 0.6,
            "stock": 0.4
        }
    },
    "prices": {
        "200101": "無",
        "200102": "無",
        "200103": "無",
        "200104": "無",
        "200105": "無",
        "200106": "無",
        "200107": "無",
        "200108": "無",
        "200109": "無",
        "200110": "無",
        "200111": "無",
        "200112": "無",
        "200201": "無",
        "200202": "無",
        "200203": "無",
        "200204": "無",
        "200205": "無",
        "200206": "無",
        "200207": "無",
        "200208": "無",
        "200209": "無",
        "200210": "無",
        "200211": "無",
        "200212": "無",
        "200301": "無",
        "200302": "無",
        "200303": "無",
        "200304": "無",
        "200305": "無",
        "200306": "無",
        "200307": "無",
        "200308": "無",
        "200309": "無",
        "200310": "無",
        "200311": "無",
        "200312": "無",
        "200401": "無",
        "200402": "無",
        "200403": "無",
        "200404": "無",
        "200405": "無",
        "200406": "無",
        "200407": "無",
        "200408": "無",
        "200409": "無",
        "200410": "無",
        "200411": "無",
        "200412": "無",
        "200501": "無",
        "200502": "無",
        "200503": "無",
        "200504": "無",
        "200505": "無",
        "200506": "無",
        "200507": "無",
        "200508": "無",
        "200509": "無",
        "200510": "無",
        "200511": "無",
        "200512": "無",
        "200601": "無",
        "200602": "無",
        "200603": "無",
        "200604": "無",
        "200605": "無",
        "200606": "無",
        "200607": "無",
        "200608": "無",
        "200609": "無",
        "200610": "無",
        "200611": "無",
        "200612": "無",
        "200701": "無",
        "200702": "無",
        "200703": "無",
        "200704": "無",
        "200705": "無",
        "200706": "無",
        "200707": "無",
        "200708": "無",
        "200709": "無",
        "200710": "無",
        "200711": "無",
        "200712": "無",
        "200801": "無",
        "200802": "無",
        "200803": "無",
        "200804": "無",
        "200805": "無",
        "200806": "無",
        "200807": "無",
        "200808": "無",
        "200809": "無",
        "200810": "無",
        "200811": "無",
        "200812": "無",
        "200901": "無",
        "200902": "無",
        "200903": "無",
        "200904": "無",
        "200905": "無",
        "200906": "無",
        "200907": "無",
        "200908": "無",
        "200909": "無",
        "200910": "無",
        "200911": "無",
        "200912": "無",
        "201001": "無",
        "201002": "無",
        "201003": "無",
        "201004": "無",
        "201005": "無",
        "201006": "無",
        "201007": "無",
        "201008": "無",
        "201009": "無",
        "201010": "無",
        "201011": "無",
        "201012": "無",
        "201101": "無",
        "201102": "無",
        "201103": "無",
        "201104": "無",
        "201105": "無",
        "201106": "無",
        "201107": "無",
        "201108": "無",
        "201109": "無",
        "201110": "無",
        "201111": "無",
        "201112": "無",
        "201201": "無",
        "201202": "無",
        "201203": "無",
        "201204": "無",
        "201205": "17.24",
        "201206": "16.95",
        "201207": "17.37",
        "201208": "16.18",
        "201209": "14.87",
        "201210": "14.87",
        "201211": "14.82",
        "201212": "14.97",
        "201301": "14.84",
        "201302": "14.73",
        "201303": "15.33",
        "201304": "15.39",
        "201305": "15.38",
        "201306": "15.39",
        "201307": "14.95",
        "201308": "14.66",
        "201309": "14.76",
        "201310": "14.65",
        "201311": "14.03",
        "201312": "12.49",
        "201401": "11.72",
        "201402": "14.44",
        "201403": "13.96",
        "201404": "14.15",
        "201405": "14.14",
        "201406": "14.23",
        "201407": "14.62",
        "201408": "14.15",
        "201409": "14.10",
        "201410": "14.62",
        "201411": "15.30",
        "201412": "16.02",
        "201501": "15.70",
        "201502": "15.49",
        "201503": "15.81",
        "201504": "16.21",
        "201505": "16.27",
        "201506": "16.09",
        "201507": "16.18",
        "201508": "14.83",
        "201509": "14.52",
        "201510": "14.39",
        "201511": "14.37",
        "201512": "13.34",
        "201601": "12.97",
        "201602": "無",
        "201603": "13.05",
        "201604": "13.91",
        "201605": "14.32",
        "201606": "15.07",
        "201607": "15.45",
        "201608": "15.42",
        "201609": "15.22",
        "201610": "16.95",
        "201611": "18.16",
        "201612": "18.66",
        "201701": "19.72",
        "201702": "20.10",
        "201703": "20.16",
        "201704": "19.38",
        "201705": "19.93",
        "201706": "19.95",
        "201707": "19.91",
        "201708": "20.27",
        "201709": "19.22",
        "201710": "18.94",
        "201711": "19.44",
        "201712": "19.92",
        "201801": "20.26",
        "201802": "20.14",
        "201803": "20.25",
        "201804": "20.54",
        "201805": "20.36",
        "201806": "20.79",
        "201807": "22.18",
        "201808": "23.64",
        "201809": "23.99",
        "201810": "22.79",
        "201811": "20.65",
        "201812": "23.09",
        "201901": "21.84",
        "201902": "19.63",
        "201903": "19.43",
        "201904": "19.32",
        "201905": "19.28",
        "201906": "19.31",
        "201907": "18.38",
        "201908": "16.38",
        "201909": "16.50",
        "201910": "16.25",
        "201911": "17.09",
        "201912": "16.91",
        "202001": "16.84",
        "202002": "15.78",
        "202003": "14.58",
        "202004": "15.14",
        "202005": "15.08",
        "202006": "14.90",
        "202007": "15.11",
        "202008": "14.73",
        "202009": "15.36",
        "202010": "15.44",
        "202011": "15.41",
        "202012": "16.08",
        "202101": "17.11",
        "202102": "17.72",
        "202103": "19.15",
        "202104": "20.24",
        "202105": "20.02",
        "202106": "19.90",
        "202107": "19.82",
        "202108": "19.46",
        "202109": "19.41",
        "202110": "19.67",
        "202111": "20.14",
        "202112": "20.55",
        "202201": "21.68",
        "202202": "22.00",
        "202203": "20.92",
        "202204": "20.53",
        "202205": "20.03",
        "202206": "19.75",
        "202207": "17.13",
        "202208": "19.49",
        "202209": "19.60",
        "202210": "19.30",
        "202211": "19.75",
        "202212": "18.96",
        "202301": "18.42",
        "202302": "19.36",
        "202303": "20.83",
        "202304": "20.88",
        "202305": "20.68",
        "202306": "23.88",
        "202307": "23.57",
        "202308": "20.94",
        "202309": "19.28",
        "202310": "18.80",
        "202311": "18.17",
        "202312": "18.75"
    },
    "quarters": {
        "20011": {
            "year_quarter": 20011,
            "year": 2001,
            "quarter": 1,
            "eps": null,
            "eps_growth_year": null,
            "eps_4q": null,
            "eps_4q_growth_year": null,
            "roe": null,
            "roe_4q": 0,
            "gross_profit": null,
            "gross_margin": null,
            "gross_margin_4q_avg": 0,
            "net_income": null,
            "net_income_4q": null,
            "revenue": null,
            "revenue_4q": null,
            "common_shares": null,
            "book_valuer_per_share": null,
            "book_valuer_per_share_4q_avg": 0,
            "equity": null,
            "current_ratio": null,
            "debt_ratio": null,
            "inventory_turnover_ratio": null,
            "account_receivable_turnover_ratio": null,
            "reinvestment_rate": null,
            "research_to_sale_ratio": null,
            "price_fair": 0,
            "eps_avg_yearly": 0,
            "eps_latest_yearly": 0,
            "eps_growth_yearly": 0
        },
        "20012": {
            "year_quarter": 20012,
            "year": 2001,
            "quarter": 2,
            "eps": null,
            "eps_growth_year": null,
            "eps_4q": null,
            "eps_4q_growth_year": null,
            "roe": null,
            "roe_4q": 0,
            "gross_profit": null,
            "gross_margin": null,
            "gross_margin_4q_avg": 0,
            "net_income": null,
            "net_income_4q": null,
            "revenue": null,
            "revenue_4q": null,
            "common_shares": null,
            "book_valuer_per_share": null,
            "book_valuer_per_share_4q_avg": 0,
            "equity": null,
            "current_ratio": null,
            "debt_ratio": null,
            "inventory_turnover_ratio": null,
            "account_receivable_turnover_ratio": null,
            "reinvestment_rate": null,
            "research_to_sale_ratio": null,
            "price_fair": 0,
            "eps_avg_yearly": 0,
            "eps_latest_yearly": 0,
            "eps_growth_yearly": 0
        },
        "20013": {
            "year_quarter": 20013,
            "year": 2001,
            "quarter": 3,
            "eps": null,
            "eps_growth_year": null,
            "eps_4q": null,
            "eps_4q_growth_year": null,
            "roe": null,
            "roe_4q": 0,
            "gross_profit": null,
            "gross_margin": null,
            "gross_margin_4q_avg": 0,
            "net_income": null,
            "net_income_4q": null,
            "revenue": null,
            "revenue_4q": null,
            "common_shares": null,
            "book_valuer_per_share": null,
            "book_valuer_per_share_4q_avg": 0,
            "equity": null,
            "current_ratio": null,
            "debt_ratio": null,
            "inventory_turnover_ratio": null,
            "account_receivable_turnover_ratio": null,
            "reinvestment_rate": null,
            "research_to_sale_ratio": null,
            "price_fair": 0,
            "eps_avg_yearly": 0,
            "eps_latest_yearly": 0,
            "eps_growth_yearly": 0
        },
        "20014": {
            "year_quarter": 20014,
            "year": 2001,
            "quarter": 4,
            "eps": null,
            "eps_growth_year": null,
            "eps_4q": null,
            "eps_4q_growth_year": null,
            "roe": null,
            "roe_4q": 0,
            "gross_profit": null,
            "gross_margin": null,
            "gross_margin_4q_avg": 0,
            "net_income": null,
            "net_income_4q": null,
            "revenue": null,
            "revenue_4q": null,
            "common_shares": null,
            "book_valuer_per_share": null,
            "book_valuer_per_share_4q_avg": 0,
            "equity": null,
            "current_ratio": null,
            "debt_ratio": null,
            "inventory_turnover_ratio": null,
            "account_receivable_turnover_ratio": null,
            "reinvestment_rate": null,
            "research_to_sale_ratio": null,
            "price_fair": 0,
            "eps_avg_yearly": 0,
            "eps_latest_yearly": 0,
            "eps_growth_yearly": 0
        },
        "20021": {
            "year_quarter": 20021,
            "year": 2002,
            "quarter": 1,
            "eps": null,
            "eps_growth_year": null,
            "eps_4q": null,
            "eps_4q_growth_year": null,
            "roe": null,
            "roe_4q": 0,
            "gross_profit": null,
            "gross_margin": null,
            "gross_margin_4q_avg": 0,
            "net_income": null,
            "net_income_4q": null,
            "revenue": null,
            "revenue_4q": null,
            "common_shares": null,
            "book_valuer_per_share": null,
            "book_valuer_per_share_4q_avg": 0,
            "equity": null,
            "current_ratio": null,
            "debt_ratio": null,
            "inventory_turnover_ratio": null,
            "account_receivable_turnover_ratio": null,
            "reinvestment_rate": null,
            "research_to_sale_ratio": null,
            "price_fair": 0,
            "eps_avg_yearly": 0,
            "eps_latest_yearly": 0,
            "eps_growth_yearly": 0
        },
        "20022": {
            "year_quarter": 20022,
            "year": 2002,
            "quarter": 2,
            "eps": null,
            "eps_growth_year": null,
            "eps_4q": null,
            "eps_4q_growth_year": null,
            "roe": null,
            "roe_4q": 0,
            "gross_profit": null,
            "gross_margin": null,
            "gross_margin_4q_avg": 0,
            "net_income": null,
            "net_income_4q": null,
            "revenue": null,
            "revenue_4q": null,
            "common_shares": null,
            "book_valuer_per_share": null,
            "book_valuer_per_share_4q_avg": 0,
            "equity": null,
            "current_ratio": null,
            "debt_ratio": null,
            "inventory_turnover_ratio": null,
            "account_receivable_turnover_ratio": null,
            "reinvestment_rate": null,
            "research_to_sale_ratio": null,
            "price_fair": 0,
            "eps_avg_yearly": 0,
            "eps_latest_yearly": 0,
            "eps_growth_yearly": 0
        },
        "20023": {
            "year_quarter": 20023,
            "year": 2002,
            "quarter": 3,
            "eps": null,
            "eps_growth_year": null,
            "eps_4q": null,
            "eps_4q_growth_year": null,
            "roe": null,
            "roe_4q": 0,
            "gross_profit": null,
            "gross_margin": null,
            "gross_margin_4q_avg": 0,
            "net_income": null,
            "net_income_4q": null,
            "revenue": null,
            "revenue_4q": null,
            "common_shares": null,
            "book_valuer_per_share": null,
            "book_valuer_per_share_4q_avg": 0,
            "equity": null,
            "current_ratio": null,
            "debt_ratio": null,
            "inventory_turnover_ratio": null,
            "account_receivable_turnover_ratio": null,
            "reinvestment_rate": null,
            "research_to_sale_ratio": null,
            "price_fair": 0,
            "eps_avg_yearly": 0,
            "eps_latest_yearly": 0,
            "eps_growth_yearly": 0
        },
        "20024": {
            "year_quarter": 20024,
            "year": 2002,
            "quarter": 4,
            "eps": null,
            "eps_growth_year": null,
            "eps_4q": null,
            "eps_4q_growth_year": null,
            "roe": null,
            "roe_4q": 0,
            "gross_profit": null,
            "gross_margin": null,
            "gross_margin_4q_avg": 0,
            "net_income": null,
            "net_income_4q": null,
            "revenue": null,
            "revenue_4q": null,
            "common_shares": null,
            "book_valuer_per_share": null,
            "book_valuer_per_share_4q_avg": 0,
            "equity": null,
            "current_ratio": null,
            "debt_ratio": null,
            "inventory_turnover_ratio": null,
            "account_receivable_turnover_ratio": null,
            "reinvestment_rate": null,
            "research_to_sale_ratio": null,
            "price_fair": 0,
            "eps_avg_yearly": 0,
            "eps_latest_yearly": 0,
            "eps_growth_yearly": 0
        },
        "20031": {
            "year_quarter": 20031,
            "year": 2003,
            "quarter": 1,
            "eps": null,
            "eps_growth_year": null,
            "eps_4q": null,
            "eps_4q_growth_year": null,
            "roe": null,
            "roe_4q": 0,
            "gross_profit": null,
            "gross_margin": null,
            "gross_margin_4q_avg": 0,
            "net_income": null,
            "net_income_4q": null,
            "revenue": null,
            "revenue_4q": null,
            "common_shares": null,
            "book_valuer_per_share": null,
            "book_valuer_per_share_4q_avg": 0,
            "equity": null,
            "current_ratio": null,
            "debt_ratio": null,
            "inventory_turnover_ratio": null,
            "account_receivable_turnover_ratio": null,
            "reinvestment_rate": null,
            "research_to_sale_ratio": null,
            "price_fair": 0,
            "eps_avg_yearly": 0,
            "eps_latest_yearly": 0,
            "eps_growth_yearly": 0
        },
        "20032": {
            "year_quarter": 20032,
            "year": 2003,
            "quarter": 2,
            "eps": null,
            "eps_growth_year": null,
            "eps_4q": null,
            "eps_4q_growth_year": null,
            "roe": null,
            "roe_4q": 0,
            "gross_profit": null,
            "gross_margin": null,
            "gross_margin_4q_avg": 0,
            "net_income": null,
            "net_income_4q": null,
            "revenue": null,
            "revenue_4q": null,
            "common_shares": null,
            "book_valuer_per_share": null,
            "book_valuer_per_share_4q_avg": 0,
            "equity": null,
            "current_ratio": null,
            "debt_ratio": null,
            "inventory_turnover_ratio": null,
            "account_receivable_turnover_ratio": null,
            "reinvestment_rate": null,
            "research_to_sale_ratio": null,
            "price_fair": 0,
            "eps_avg_yearly": 0,
            "eps_latest_yearly": 0,
            "eps_growth_yearly": 0
        },
        "20033": {
            "year_quarter": 20033,
            "year": 2003,
            "quarter": 3,
            "eps": null,
            "eps_growth_year": null,
            "eps_4q": null,
            "eps_4q_growth_year": null,
            "roe": null,
            "roe_4q": 0,
            "gross_profit": null,
            "gross_margin": null,
            "gross_margin_4q_avg": 0,
            "net_income": null,
            "net_income_4q": null,
            "revenue": null,
            "revenue_4q": null,
            "common_shares": null,
            "book_valuer_per_share": null,
            "book_valuer_per_share_4q_avg": 0,
            "equity": null,
            "current_ratio": null,
            "debt_ratio": null,
            "inventory_turnover_ratio": null,
            "account_receivable_turnover_ratio": null,
            "reinvestment_rate": null,
            "research_to_sale_ratio": null,
            "price_fair": 0,
            "eps_avg_yearly": 0,
            "eps_latest_yearly": 0,
            "eps_growth_yearly": 0
        },
        "20034": {
            "year_quarter": 20034,
            "year": 2003,
            "quarter": 4,
            "eps": null,
            "eps_growth_year": null,
            "eps_4q": null,
            "eps_4q_growth_year": null,
            "roe": null,
            "roe_4q": 0,
            "gross_profit": null,
            "gross_margin": null,
            "gross_margin_4q_avg": 0,
            "net_income": null,
            "net_income_4q": null,
            "revenue": null,
            "revenue_4q": null,
            "common_shares": null,
            "book_valuer_per_share": null,
            "book_valuer_per_share_4q_avg": 0,
            "equity": null,
            "current_ratio": null,
            "debt_ratio": null,
            "inventory_turnover_ratio": null,
            "account_receivable_turnover_ratio": null,
            "reinvestment_rate": null,
            "research_to_sale_ratio": null,
            "price_fair": 0,
            "eps_avg_yearly": 0,
            "eps_latest_yearly": 0,
            "eps_growth_yearly": 0
        },
        "20041": {
            "year_quarter": 20041,
            "year": 2004,
            "quarter": 1,
            "eps": null,
            "eps_growth_year": null,
            "eps_4q": null,
            "eps_4q_growth_year": null,
            "roe": null,
            "roe_4q": 0,
            "gross_profit": null,
            "gross_margin": null,
            "gross_margin_4q_avg": 0,
            "net_income": null,
            "net_income_4q": null,
            "revenue": null,
            "revenue_4q": null,
            "common_shares": null,
            "book_valuer_per_share": null,
            "book_valuer_per_share_4q_avg": 0,
            "equity": null,
            "current_ratio": null,
            "debt_ratio": null,
            "inventory_turnover_ratio": null,
            "account_receivable_turnover_ratio": null,
            "reinvestment_rate": null,
            "research_to_sale_ratio": null,
            "price_fair": 0,
            "eps_avg_yearly": 0,
            "eps_latest_yearly": 0,
            "eps_growth_yearly": 0
        },
        "20042": {
            "year_quarter": 20042,
            "year": 2004,
            "quarter": 2,
            "eps": null,
            "eps_growth_year": null,
            "eps_4q": null,
            "eps_4q_growth_year": null,
            "roe": null,
            "roe_4q": 0,
            "gross_profit": null,
            "gross_margin": null,
            "gross_margin_4q_avg": 0,
            "net_income": null,
            "net_income_4q": null,
            "revenue": null,
            "revenue_4q": null,
            "common_shares": null,
            "book_valuer_per_share": null,
            "book_valuer_per_share_4q_avg": 0,
            "equity": null,
            "current_ratio": null,
            "debt_ratio": null,
            "inventory_turnover_ratio": null,
            "account_receivable_turnover_ratio": null,
            "reinvestment_rate": null,
            "research_to_sale_ratio": null,
            "price_fair": 0,
            "eps_avg_yearly": 0,
            "eps_latest_yearly": 0,
            "eps_growth_yearly": 0
        },
        "20043": {
            "year_quarter": 20043,
            "year": 2004,
            "quarter": 3,
            "eps": null,
            "eps_growth_year": null,
            "eps_4q": null,
            "eps_4q_growth_year": null,
            "roe": null,
            "roe_4q": 0,
            "gross_profit": null,
            "gross_margin": null,
            "gross_margin_4q_avg": 0,
            "net_income": null,
            "net_income_4q": null,
            "revenue": null,
            "revenue_4q": null,
            "common_shares": null,
            "book_valuer_per_share": null,
            "book_valuer_per_share_4q_avg": 0,
            "equity": null,
            "current_ratio": null,
            "debt_ratio": null,
            "inventory_turnover_ratio": null,
            "account_receivable_turnover_ratio": null,
            "reinvestment_rate": null,
            "research_to_sale_ratio": null,
            "price_fair": 0,
            "eps_avg_yearly": 0,
            "eps_latest_yearly": 0,
            "eps_growth_yearly": 0
        },
        "20044": {
            "year_quarter": 20044,
            "year": 2004,
            "quarter": 4,
            "eps": null,
            "eps_growth_year": null,
            "eps_4q": null,
            "eps_4q_growth_year": null,
            "roe": null,
            "roe_4q": 0,
            "gross_profit": null,
            "gross_margin": null,
            "gross_margin_4q_avg": 0,
            "net_income": null,
            "net_income_4q": null,
            "revenue": null,
            "revenue_4q": null,
            "common_shares": null,
            "book_valuer_per_share": null,
            "book_valuer_per_share_4q_avg": 0,
            "equity": null,
            "current_ratio": null,
            "debt_ratio": null,
            "inventory_turnover_ratio": null,
            "account_receivable_turnover_ratio": null,
            "reinvestment_rate": null,
            "research_to_sale_ratio": null,
            "price_fair": 0,
            "eps_avg_yearly": 0,
            "eps_latest_yearly": 0,
            "eps_growth_yearly": 0
        },
        "20051": {
            "year_quarter": 20051,
            "year": 2005,
            "quarter": 1,
            "eps": null,
            "eps_growth_year": null,
            "eps_4q": null,
            "eps_4q_growth_year": null,
            "roe": null,
            "roe_4q": 0,
            "gross_profit": null,
            "gross_margin": null,
            "gross_margin_4q_avg": 0,
            "net_income": null,
            "net_income_4q": null,
            "revenue": null,
            "revenue_4q": null,
            "common_shares": null,
            "book_valuer_per_share": null,
            "book_valuer_per_share_4q_avg": 0,
            "equity": null,
            "current_ratio": null,
            "debt_ratio": null,
            "inventory_turnover_ratio": null,
            "account_receivable_turnover_ratio": null,
            "reinvestment_rate": null,
            "research_to_sale_ratio": null,
            "price_fair": 0,
            "eps_avg_yearly": 0,
            "eps_latest_yearly": 0,
            "eps_growth_yearly": 0
        },
        "20052": {
            "year_quarter": 20052,
            "year": 2005,
            "quarter": 2,
            "eps": null,
            "eps_growth_year": null,
            "eps_4q": null,
            "eps_4q_growth_year": null,
            "roe": null,
            "roe_4q": 0,
            "gross_profit": null,
            "gross_margin": null,
            "gross_margin_4q_avg": 0,
            "net_income": null,
            "net_income_4q": null,
            "revenue": null,
            "revenue_4q": null,
            "common_shares": null,
            "book_valuer_per_share": null,
            "book_valuer_per_share_4q_avg": 0,
            "equity": null,
            "current_ratio": null,
            "debt_ratio": null,
            "inventory_turnover_ratio": null,
            "account_receivable_turnover_ratio": null,
            "reinvestment_rate": null,
            "research_to_sale_ratio": null,
            "price_fair": 0,
            "eps_avg_yearly": 0,
            "eps_latest_yearly": 0,
            "eps_growth_yearly": 0
        },
        "20053": {
            "year_quarter": 20053,
            "year": 2005,
            "quarter": 3,
            "eps": null,
            "eps_growth_year": null,
            "eps_4q": null,
            "eps_4q_growth_year": null,
            "roe": null,
            "roe_4q": 0,
            "gross_profit": null,
            "gross_margin": null,
            "gross_margin_4q_avg": 0,
            "net_income": null,
            "net_income_4q": null,
            "revenue": null,
            "revenue_4q": null,
            "common_shares": null,
            "book_valuer_per_share": null,
            "book_valuer_per_share_4q_avg": 0,
            "equity": null,
            "current_ratio": null,
            "debt_ratio": null,
            "inventory_turnover_ratio": null,
            "account_receivable_turnover_ratio": null,
            "reinvestment_rate": null,
            "research_to_sale_ratio": null,
            "price_fair": 0,
            "eps_avg_yearly": 0,
            "eps_latest_yearly": 0,
            "eps_growth_yearly": 0
        },
        "20054": {
            "year_quarter": 20054,
            "year": 2005,
            "quarter": 4,
            "eps": null,
            "eps_growth_year": null,
            "eps_4q": null,
            "eps_4q_growth_year": null,
            "roe": null,
            "roe_4q": 0,
            "gross_profit": null,
            "gross_margin": null,
            "gross_margin_4q_avg": 0,
            "net_income": null,
            "net_income_4q": null,
            "revenue": null,
            "revenue_4q": null,
            "common_shares": null,
            "book_valuer_per_share": null,
            "book_valuer_per_share_4q_avg": 0,
            "equity": null,
            "current_ratio": null,
            "debt_ratio": null,
            "inventory_turnover_ratio": null,
            "account_receivable_turnover_ratio": null,
            "reinvestment_rate": null,
            "research_to_sale_ratio": null,
            "price_fair": 0,
            "eps_avg_yearly": 0,
            "eps_latest_yearly": 0,
            "eps_growth_yearly": 0
        },
        "20061": {
            "year_quarter": 20061,
            "year": 2006,
            "quarter": 1,
            "eps": null,
            "eps_growth_year": null,
            "eps_4q": null,
            "eps_4q_growth_year": null,
            "roe": null,
            "roe_4q": 0,
            "gross_profit": null,
            "gross_margin": null,
            "gross_margin_4q_avg": 0,
            "net_income": null,
            "net_income_4q": null,
            "revenue": null,
            "revenue_4q": null,
            "common_shares": null,
            "book_valuer_per_share": null,
            "book_valuer_per_share_4q_avg": 0,
            "equity": null,
            "current_ratio": null,
            "debt_ratio": null,
            "inventory_turnover_ratio": null,
            "account_receivable_turnover_ratio": null,
            "reinvestment_rate": null,
            "research_to_sale_ratio": null,
            "price_fair": 0,
            "eps_avg_yearly": 0,
            "eps_latest_yearly": 0,
            "eps_growth_yearly": 0
        },
        "20062": {
            "year_quarter": 20062,
            "year": 2006,
            "quarter": 2,
            "eps": null,
            "eps_growth_year": null,
            "eps_4q": null,
            "eps_4q_growth_year": null,
            "roe": null,
            "roe_4q": 0,
            "gross_profit": null,
            "gross_margin": null,
            "gross_margin_4q_avg": 0,
            "net_income": null,
            "net_income_4q": null,
            "revenue": null,
            "revenue_4q": null,
            "common_shares": null,
            "book_valuer_per_share": null,
            "book_valuer_per_share_4q_avg": 0,
            "equity": null,
            "current_ratio": null,
            "debt_ratio": null,
            "inventory_turnover_ratio": null,
            "account_receivable_turnover_ratio": null,
            "reinvestment_rate": null,
            "research_to_sale_ratio": null,
            "price_fair": 0,
            "eps_avg_yearly": 0,
            "eps_latest_yearly": 0,
            "eps_growth_yearly": 0
        },
        "20063": {
            "year_quarter": 20063,
            "year": 2006,
            "quarter": 3,
            "eps": null,
            "eps_growth_year": null,
            "eps_4q": null,
            "eps_4q_growth_year": null,
            "roe": null,
            "roe_4q": 0,
            "gross_profit": null,
            "gross_margin": null,
            "gross_margin_4q_avg": 0,
            "net_income": null,
            "net_income_4q": null,
            "revenue": null,
            "revenue_4q": null,
            "common_shares": null,
            "book_valuer_per_share": null,
            "book_valuer_per_share_4q_avg": 0,
            "equity": null,
            "current_ratio": null,
            "debt_ratio": null,
            "inventory_turnover_ratio": null,
            "account_receivable_turnover_ratio": null,
            "reinvestment_rate": null,
            "research_to_sale_ratio": null,
            "price_fair": 0,
            "eps_avg_yearly": 0,
            "eps_latest_yearly": 0,
            "eps_growth_yearly": 0
        },
        "20064": {
            "year_quarter": 20064,
            "year": 2006,
            "quarter": 4,
            "eps": null,
            "eps_growth_year": null,
            "eps_4q": null,
            "eps_4q_growth_year": null,
            "roe": null,
            "roe_4q": 0,
            "gross_profit": null,
            "gross_margin": null,
            "gross_margin_4q_avg": 0,
            "net_income": null,
            "net_income_4q": null,
            "revenue": null,
            "revenue_4q": null,
            "common_shares": null,
            "book_valuer_per_share": null,
            "book_valuer_per_share_4q_avg": 0,
            "equity": null,
            "current_ratio": null,
            "debt_ratio": null,
            "inventory_turnover_ratio": null,
            "account_receivable_turnover_ratio": null,
            "reinvestment_rate": null,
            "research_to_sale_ratio": null,
            "price_fair": 0,
            "eps_avg_yearly": 0,
            "eps_latest_yearly": 0,
            "eps_growth_yearly": 0
        },
        "20071": {
            "year_quarter": 20071,
            "year": 2007,
            "quarter": 1,
            "eps": null,
            "eps_growth_year": null,
            "eps_4q": null,
            "eps_4q_growth_year": null,
            "roe": null,
            "roe_4q": 0,
            "gross_profit": null,
            "gross_margin": null,
            "gross_margin_4q_avg": 0,
            "net_income": null,
            "net_income_4q": null,
            "revenue": null,
            "revenue_4q": null,
            "common_shares": null,
            "book_valuer_per_share": null,
            "book_valuer_per_share_4q_avg": 0,
            "equity": null,
            "current_ratio": null,
            "debt_ratio": null,
            "inventory_turnover_ratio": null,
            "account_receivable_turnover_ratio": null,
            "reinvestment_rate": null,
            "research_to_sale_ratio": null,
            "price_fair": 0,
            "eps_avg_yearly": 0,
            "eps_latest_yearly": 0,
            "eps_growth_yearly": 0
        },
        "20072": {
            "year_quarter": 20072,
            "year": 2007,
            "quarter": 2,
            "eps": null,
            "eps_growth_year": null,
            "eps_4q": null,
            "eps_4q_growth_year": null,
            "roe": null,
            "roe_4q": 0,
            "gross_profit": null,
            "gross_margin": null,
            "gross_margin_4q_avg": 0,
            "net_income": null,
            "net_income_4q": null,
            "revenue": null,
            "revenue_4q": null,
            "common_shares": null,
            "book_valuer_per_share": null,
            "book_valuer_per_share_4q_avg": 0,
            "equity": null,
            "current_ratio": null,
            "debt_ratio": null,
            "inventory_turnover_ratio": null,
            "account_receivable_turnover_ratio": null,
            "reinvestment_rate": null,
            "research_to_sale_ratio": null,
            "price_fair": 0,
            "eps_avg_yearly": 0,
            "eps_latest_yearly": 0,
            "eps_growth_yearly": 0
        },
        "20073": {
            "year_quarter": 20073,
            "year": 2007,
            "quarter": 3,
            "eps": null,
            "eps_growth_year": null,
            "eps_4q": null,
            "eps_4q_growth_year": null,
            "roe": null,
            "roe_4q": 0,
            "gross_profit": null,
            "gross_margin": null,
            "gross_margin_4q_avg": 0,
            "net_income": null,
            "net_income_4q": null,
            "revenue": null,
            "revenue_4q": null,
            "common_shares": null,
            "book_valuer_per_share": null,
            "book_valuer_per_share_4q_avg": 0,
            "equity": null,
            "current_ratio": null,
            "debt_ratio": null,
            "inventory_turnover_ratio": null,
            "account_receivable_turnover_ratio": null,
            "reinvestment_rate": null,
            "research_to_sale_ratio": null,
            "price_fair": 0,
            "eps_avg_yearly": 0,
            "eps_latest_yearly": 0,
            "eps_growth_yearly": 0
        },
        "20074": {
            "year_quarter": 20074,
            "year": 2007,
            "quarter": 4,
            "eps": null,
            "eps_growth_year": null,
            "eps_4q": null,
            "eps_4q_growth_year": null,
            "roe": null,
            "roe_4q": 0,
            "gross_profit": null,
            "gross_margin": null,
            "gross_margin_4q_avg": 0,
            "net_income": null,
            "net_income_4q": null,
            "revenue": null,
            "revenue_4q": null,
            "common_shares": null,
            "book_valuer_per_share": null,
            "book_valuer_per_share_4q_avg": 0,
            "equity": null,
            "current_ratio": null,
            "debt_ratio": null,
            "inventory_turnover_ratio": null,
            "account_receivable_turnover_ratio": null,
            "reinvestment_rate": null,
            "research_to_sale_ratio": null,
            "price_fair": 0,
            "eps_avg_yearly": 0,
            "eps_latest_yearly": 0,
            "eps_growth_yearly": 0
        },
        "20081": {
            "year_quarter": 20081,
            "year": 2008,
            "quarter": 1,
            "eps": null,
            "eps_growth_year": null,
            "eps_4q": null,
            "eps_4q_growth_year": null,
            "roe": null,
            "roe_4q": 0,
            "gross_profit": null,
            "gross_margin": null,
            "gross_margin_4q_avg": 0,
            "net_income": null,
            "net_income_4q": null,
            "revenue": null,
            "revenue_4q": null,
            "common_shares": null,
            "book_valuer_per_share": null,
            "book_valuer_per_share_4q_avg": 0,
            "equity": null,
            "current_ratio": null,
            "debt_ratio": null,
            "inventory_turnover_ratio": null,
            "account_receivable_turnover_ratio": null,
            "reinvestment_rate": null,
            "research_to_sale_ratio": null,
            "price_fair": 0,
            "eps_avg_yearly": 0,
            "eps_latest_yearly": 0,
            "eps_growth_yearly": 0
        },
        "20082": {
            "year_quarter": 20082,
            "year": 2008,
            "quarter": 2,
            "eps": null,
            "eps_growth_year": null,
            "eps_4q": null,
            "eps_4q_growth_year": null,
            "roe": null,
            "roe_4q": 0,
            "gross_profit": null,
            "gross_margin": null,
            "gross_margin_4q_avg": 0,
            "net_income": null,
            "net_income_4q": null,
            "revenue": null,
            "revenue_4q": null,
            "common_shares": null,
            "book_valuer_per_share": null,
            "book_valuer_per_share_4q_avg": 0,
            "equity": null,
            "current_ratio": null,
            "debt_ratio": null,
            "inventory_turnover_ratio": null,
            "account_receivable_turnover_ratio": null,
            "reinvestment_rate": null,
            "research_to_sale_ratio": null,
            "price_fair": 0,
            "eps_avg_yearly": 0,
            "eps_latest_yearly": 0,
            "eps_growth_yearly": 0
        },
        "20083": {
            "year_quarter": 20083,
            "year": 2008,
            "quarter": 3,
            "eps": null,
            "eps_growth_year": null,
            "eps_4q": null,
            "eps_4q_growth_year": null,
            "roe": null,
            "roe_4q": 0,
            "gross_profit": null,
            "gross_margin": null,
            "gross_margin_4q_avg": 0,
            "net_income": null,
            "net_income_4q": null,
            "revenue": null,
            "revenue_4q": null,
            "common_shares": null,
            "book_valuer_per_share": null,
            "book_valuer_per_share_4q_avg": 0,
            "equity": null,
            "current_ratio": null,
            "debt_ratio": null,
            "inventory_turnover_ratio": null,
            "account_receivable_turnover_ratio": null,
            "reinvestment_rate": null,
            "research_to_sale_ratio": null,
            "price_fair": 0,
            "eps_avg_yearly": 0,
            "eps_latest_yearly": 0,
            "eps_growth_yearly": 0
        },
        "20084": {
            "year_quarter": 20084,
            "year": 2008,
            "quarter": 4,
            "eps": null,
            "eps_growth_year": null,
            "eps_4q": null,
            "eps_4q_growth_year": null,
            "roe": null,
            "roe_4q": 0,
            "gross_profit": null,
            "gross_margin": null,
            "gross_margin_4q_avg": 0,
            "net_income": null,
            "net_income_4q": null,
            "revenue": null,
            "revenue_4q": null,
            "common_shares": null,
            "book_valuer_per_share": null,
            "book_valuer_per_share_4q_avg": 0,
            "equity": null,
            "current_ratio": null,
            "debt_ratio": null,
            "inventory_turnover_ratio": null,
            "account_receivable_turnover_ratio": null,
            "reinvestment_rate": null,
            "research_to_sale_ratio": null,
            "price_fair": 0,
            "eps_avg_yearly": 0,
            "eps_latest_yearly": 0,
            "eps_growth_yearly": 0
        },
        "20091": {
            "year_quarter": 20091,
            "year": 2009,
            "quarter": 1,
            "eps": null,
            "eps_growth_year": null,
            "eps_4q": null,
            "eps_4q_growth_year": null,
            "roe": null,
            "roe_4q": 0,
            "gross_profit": null,
            "gross_margin": null,
            "gross_margin_4q_avg": 0,
            "net_income": null,
            "net_income_4q": null,
            "revenue": null,
            "revenue_4q": null,
            "common_shares": null,
            "book_valuer_per_share": null,
            "book_valuer_per_share_4q_avg": 0,
            "equity": null,
            "current_ratio": null,
            "debt_ratio": null,
            "inventory_turnover_ratio": null,
            "account_receivable_turnover_ratio": null,
            "reinvestment_rate": null,
            "research_to_sale_ratio": null,
            "price_fair": 0,
            "eps_avg_yearly": 0,
            "eps_latest_yearly": 0,
            "eps_growth_yearly": 0
        },
        "20092": {
            "year_quarter": 20092,
            "year": 2009,
            "quarter": 2,
            "eps": null,
            "eps_growth_year": null,
            "eps_4q": null,
            "eps_4q_growth_year": null,
            "roe": null,
            "roe_4q": 0,
            "gross_profit": null,
            "gross_margin": null,
            "gross_margin_4q_avg": 0,
            "net_income": null,
            "net_income_4q": null,
            "revenue": null,
            "revenue_4q": null,
            "common_shares": null,
            "book_valuer_per_share": null,
            "book_valuer_per_share_4q_avg": 0,
            "equity": null,
            "current_ratio": null,
            "debt_ratio": null,
            "inventory_turnover_ratio": null,
            "account_receivable_turnover_ratio": null,
            "reinvestment_rate": null,
            "research_to_sale_ratio": null,
            "price_fair": 0,
            "eps_avg_yearly": 0,
            "eps_latest_yearly": 0,
            "eps_growth_yearly": 0
        },
        "20093": {
            "year_quarter": 20093,
            "year": 2009,
            "quarter": 3,
            "eps": null,
            "eps_growth_year": null,
            "eps_4q": null,
            "eps_4q_growth_year": null,
            "roe": null,
            "roe_4q": 0,
            "gross_profit": null,
            "gross_margin": null,
            "gross_margin_4q_avg": 0,
            "net_income": null,
            "net_income_4q": null,
            "revenue": null,
            "revenue_4q": null,
            "common_shares": null,
            "book_valuer_per_share": null,
            "book_valuer_per_share_4q_avg": 0,
            "equity": null,
            "current_ratio": null,
            "debt_ratio": null,
            "inventory_turnover_ratio": null,
            "account_receivable_turnover_ratio": null,
            "reinvestment_rate": null,
            "research_to_sale_ratio": null,
            "price_fair": 0,
            "eps_avg_yearly": 0,
            "eps_latest_yearly": 0,
            "eps_growth_yearly": 0
        },
        "20094": {
            "year_quarter": 20094,
            "year": 2009,
            "quarter": 4,
            "eps": null,
            "eps_growth_year": null,
            "eps_4q": null,
            "eps_4q_growth_year": null,
            "roe": null,
            "roe_4q": 0,
            "gross_profit": null,
            "gross_margin": null,
            "gross_margin_4q_avg": 0,
            "net_income": null,
            "net_income_4q": null,
            "revenue": null,
            "revenue_4q": null,
            "common_shares": null,
            "book_valuer_per_share": null,
            "book_valuer_per_share_4q_avg": 0,
            "equity": null,
            "current_ratio": null,
            "debt_ratio": null,
            "inventory_turnover_ratio": null,
            "account_receivable_turnover_ratio": null,
            "reinvestment_rate": null,
            "research_to_sale_ratio": null,
            "price_fair": 0,
            "eps_avg_yearly": 0,
            "eps_latest_yearly": 0,
            "eps_growth_yearly": 0
        },
        "20101": {
            "year_quarter": 20101,
            "year": 2010,
            "quarter": 1,
            "eps": null,
            "eps_growth_year": null,
            "eps_4q": null,
            "eps_4q_growth_year": null,
            "roe": null,
            "roe_4q": 0,
            "gross_profit": null,
            "gross_margin": null,
            "gross_margin_4q_avg": 0,
            "net_income": null,
            "net_income_4q": null,
            "revenue": null,
            "revenue_4q": null,
            "common_shares": null,
            "book_valuer_per_share": null,
            "book_valuer_per_share_4q_avg": 0,
            "equity": null,
            "current_ratio": null,
            "debt_ratio": null,
            "inventory_turnover_ratio": null,
            "account_receivable_turnover_ratio": null,
            "reinvestment_rate": null,
            "research_to_sale_ratio": null,
            "price_fair": 0,
            "eps_avg_yearly": 0,
            "eps_latest_yearly": 0,
            "eps_growth_yearly": 0
        },
        "20102": {
            "year_quarter": 20102,
            "year": 2010,
            "quarter": 2,
            "eps": null,
            "eps_growth_year": null,
            "eps_4q": null,
            "eps_4q_growth_year": null,
            "roe": null,
            "roe_4q": 0,
            "gross_profit": null,
            "gross_margin": null,
            "gross_margin_4q_avg": 0,
            "net_income": null,
            "net_income_4q": null,
            "revenue": null,
            "revenue_4q": null,
            "common_shares": null,
            "book_valuer_per_share": null,
            "book_valuer_per_share_4q_avg": 0,
            "equity": null,
            "current_ratio": null,
            "debt_ratio": null,
            "inventory_turnover_ratio": null,
            "account_receivable_turnover_ratio": null,
            "reinvestment_rate": null,
            "research_to_sale_ratio": null,
            "price_fair": 0,
            "eps_avg_yearly": 0,
            "eps_latest_yearly": 0,
            "eps_growth_yearly": 0
        },
        "20103": {
            "year_quarter": 20103,
            "year": 2010,
            "quarter": 3,
            "eps": null,
            "eps_growth_year": null,
            "eps_4q": null,
            "eps_4q_growth_year": null,
            "roe": null,
            "roe_4q": 0,
            "gross_profit": null,
            "gross_margin": null,
            "gross_margin_4q_avg": 0,
            "net_income": null,
            "net_income_4q": null,
            "revenue": null,
            "revenue_4q": null,
            "common_shares": null,
            "book_valuer_per_share": null,
            "book_valuer_per_share_4q_avg": 0,
            "equity": null,
            "current_ratio": null,
            "debt_ratio": null,
            "inventory_turnover_ratio": null,
            "account_receivable_turnover_ratio": null,
            "reinvestment_rate": null,
            "research_to_sale_ratio": null,
            "price_fair": 0,
            "eps_avg_yearly": 0,
            "eps_latest_yearly": 0,
            "eps_growth_yearly": 0
        },
        "20104": {
            "year_quarter": 20104,
            "year": 2010,
            "quarter": 4,
            "eps": null,
            "eps_growth_year": null,
            "eps_4q": null,
            "eps_4q_growth_year": null,
            "roe": null,
            "roe_4q": 0,
            "gross_profit": null,
            "gross_margin": null,
            "gross_margin_4q_avg": 0,
            "net_income": null,
            "net_income_4q": null,
            "revenue": null,
            "revenue_4q": null,
            "common_shares": 286000,
            "book_valuer_per_share": null,
            "book_valuer_per_share_4q_avg": 0,
            "equity": 377938,
            "current_ratio": null,
            "debt_ratio": null,
            "inventory_turnover_ratio": null,
            "account_receivable_turnover_ratio": null,
            "reinvestment_rate": null,
            "research_to_sale_ratio": null,
            "price_fair": 0,
            "eps_avg_yearly": 0,
            "eps_latest_yearly": 0,
            "eps_growth_yearly": 0
        },
        "20111": {
            "year_quarter": 20111,
            "year": 2011,
            "quarter": 1,
            "eps": null,
            "eps_growth_year": null,
            "eps_4q": null,
            "eps_4q_growth_year": null,
            "roe": null,
            "roe_4q": 0,
            "gross_profit": null,
            "gross_margin": null,
            "gross_margin_4q_avg": 0,
            "net_income": null,
            "net_income_4q": null,
            "revenue": null,
            "revenue_4q": null,
            "common_shares": null,
            "book_valuer_per_share": null,
            "book_valuer_per_share_4q_avg": 0,
            "equity": null,
            "current_ratio": null,
            "debt_ratio": null,
            "inventory_turnover_ratio": null,
            "account_receivable_turnover_ratio": null,
            "reinvestment_rate": null,
            "research_to_sale_ratio": null,
            "price_fair": 0,
            "eps_avg_yearly": 0,
            "eps_latest_yearly": 0,
            "eps_growth_yearly": 0
        },
        "20112": {
            "year_quarter": 20112,
            "year": 2011,
            "quarter": 2,
            "eps": null,
            "eps_growth_year": null,
            "eps_4q": null,
            "eps_4q_growth_year": null,
            "roe": null,
            "roe_4q": 0,
            "gross_profit": null,
            "gross_margin": null,
            "gross_margin_4q_avg": 0,
            "net_income": null,
            "net_income_4q": null,
            "revenue": null,
            "revenue_4q": null,
            "common_shares": 466000,
            "book_valuer_per_share": null,
            "book_valuer_per_share_4q_avg": 0,
            "equity": 648308,
            "current_ratio": null,
            "debt_ratio": null,
            "inventory_turnover_ratio": null,
            "account_receivable_turnover_ratio": null,
            "reinvestment_rate": null,
            "research_to_sale_ratio": null,
            "price_fair": 0,
            "eps_avg_yearly": 0,
            "eps_latest_yearly": 0,
            "eps_growth_yearly": 0
        },
        "20113": {
            "year_quarter": 20113,
            "year": 2011,
            "quarter": 3,
            "eps": null,
            "eps_growth_year": null,
            "eps_4q": null,
            "eps_4q_growth_year": null,
            "roe": null,
            "roe_4q": 0,
            "gross_profit": null,
            "gross_margin": null,
            "gross_margin_4q_avg": 0,
            "net_income": null,
            "net_income_4q": null,
            "revenue": null,
            "revenue_4q": null,
            "common_shares": null,
            "book_valuer_per_share": null,
            "book_valuer_per_share_4q_avg": 0,
            "equity": null,
            "current_ratio": null,
            "debt_ratio": null,
            "inventory_turnover_ratio": null,
            "account_receivable_turnover_ratio": null,
            "reinvestment_rate": null,
            "research_to_sale_ratio": null,
            "price_fair": 0,
            "eps_avg_yearly": 0,
            "eps_latest_yearly": 0,
            "eps_growth_yearly": 0
        },
        "20114": {
            "year_quarter": 20114,
            "year": 2011,
            "quarter": 4,
            "eps": null,
            "eps_growth_year": null,
            "eps_4q": null,
            "eps_4q_growth_year": null,
            "roe": null,
            "roe_4q": 0,
            "gross_profit": null,
            "gross_margin": null,
            "gross_margin_4q_avg": 0,
            "net_income": null,
            "net_income_4q": null,
            "revenue": null,
            "revenue_4q": null,
            "common_shares": 600000,
            "book_valuer_per_share": 12.37,
            "book_valuer_per_share_4q_avg": 3.09,
            "equity": 742153,
            "current_ratio": 410.18,
            "debt_ratio": 27.55,
            "inventory_turnover_ratio": null,
            "account_receivable_turnover_ratio": null,
            "reinvestment_rate": null,
            "research_to_sale_ratio": null,
            "price_fair": 0,
            "eps_avg_yearly": 0,
            "eps_latest_yearly": 0,
            "eps_growth_yearly": 0
        },
        "20121": {
            "year_quarter": 20121,
            "year": 2012,
            "quarter": 1,
            "eps": null,
            "eps_growth_year": null,
            "eps_4q": null,
            "eps_4q_growth_year": null,
            "roe": null,
            "roe_4q": 0,
            "gross_profit": null,
            "gross_margin": null,
            "gross_margin_4q_avg": 0,
            "net_income": null,
            "net_income_4q": null,
            "revenue": null,
            "revenue_4q": null,
            "common_shares": null,
            "book_valuer_per_share": null,
            "book_valuer_per_share_4q_avg": 3.09,
            "equity": null,
            "current_ratio": null,
            "debt_ratio": null,
            "inventory_turnover_ratio": null,
            "account_receivable_turnover_ratio": null,
            "reinvestment_rate": null,
            "research_to_sale_ratio": null,
            "price_fair": 0,
            "eps_avg_yearly": 0,
            "eps_latest_yearly": 0,
            "eps_growth_yearly": 0
        },
        "20122": {
            "year_quarter": 20122,
            "year": 2012,
            "quarter": 2,
            "eps": null,
            "eps_growth_year": null,
            "eps_4q": null,
            "eps_4q_growth_year": null,
            "roe": null,
            "roe_4q": 0,
            "gross_profit": null,
            "gross_margin": null,
            "gross_margin_4q_avg": 0,
            "net_income": null,
            "net_income_4q": null,
            "revenue": null,
            "revenue_4q": null,
            "common_shares": 600000,
            "book_valuer_per_share": 12.3,
            "book_valuer_per_share_4q_avg": 6.17,
            "equity": 738133,
            "current_ratio": 352.93,
            "debt_ratio": 28.98,
            "inventory_turnover_ratio": null,
            "account_receivable_turnover_ratio": null,
            "reinvestment_rate": null,
            "research_to_sale_ratio": null,
            "price_fair": 0,
            "eps_avg_yearly": 0,
            "eps_latest_yearly": 0,
            "eps_growth_yearly": 0
        },
        "20123": {
            "year_quarter": 20123,
            "year": 2012,
            "quarter": 3,
            "eps": null,
            "eps_growth_year": null,
            "eps_4q": null,
            "eps_4q_growth_year": null,
            "roe": null,
            "roe_4q": 0,
            "gross_profit": null,
            "gross_margin": null,
            "gross_margin_4q_avg": 0,
            "net_income": null,
            "net_income_4q": null,
            "revenue": null,
            "revenue_4q": null,
            "common_shares": null,
            "book_valuer_per_share": null,
            "book_valuer_per_share_4q_avg": 6.17,
            "equity": null,
            "current_ratio": null,
            "debt_ratio": null,
            "inventory_turnover_ratio": null,
            "account_receivable_turnover_ratio": null,
            "reinvestment_rate": null,
            "research_to_sale_ratio": null,
            "price_fair": 0,
            "eps_avg_yearly": 0,
            "eps_latest_yearly": 0,
            "eps_growth_yearly": 0
        },
        "20124": {
            "year_quarter": 20124,
            "year": 2012,
            "quarter": 4,
            "eps": null,
            "eps_growth_year": null,
            "eps_4q": null,
            "eps_4q_growth_year": null,
            "roe": null,
            "roe_4q": 0,
            "gross_profit": null,
            "gross_margin": null,
            "gross_margin_4q_avg": 0,
            "net_income": null,
            "net_income_4q": null,
            "revenue": null,
            "revenue_4q": null,
            "common_shares": 600000,
            "book_valuer_per_share": 12.33,
            "book_valuer_per_share_4q_avg": 6.16,
            "equity": 739991,
            "current_ratio": 529.1,
            "debt_ratio": 24.36,
            "inventory_turnover_ratio": null,
            "account_receivable_turnover_ratio": null,
            "reinvestment_rate": null,
            "research_to_sale_ratio": null,
            "price_fair": 0,
            "eps_avg_yearly": 0,
            "eps_latest_yearly": 0,
            "eps_growth_yearly": 0
        },
        "20131": {
            "year_quarter": 20131,
            "year": 2013,
            "quarter": 1,
            "eps": null,
            "eps_growth_year": null,
            "eps_4q": null,
            "eps_4q_growth_year": null,
            "roe": null,
            "roe_4q": 0,
            "gross_profit": null,
            "gross_margin": null,
            "gross_margin_4q_avg": 0,
            "net_income": null,
            "net_income_4q": null,
            "revenue": null,
            "revenue_4q": null,
            "common_shares": null,
            "book_valuer_per_share": null,
            "book_valuer_per_share_4q_avg": 6.16,
            "equity": null,
            "current_ratio": null,
            "debt_ratio": null,
            "inventory_turnover_ratio": null,
            "account_receivable_turnover_ratio": null,
            "reinvestment_rate": null,
            "research_to_sale_ratio": null,
            "price_fair": 0,
            "eps_avg_yearly": 0,
            "eps_latest_yearly": 0,
            "eps_growth_yearly": 0
        },
        "20132": {
            "year_quarter": 20132,
            "year": 2013,
            "quarter": 2,
            "eps": 0,
            "eps_growth_year": null,
            "eps_4q": null,
            "eps_4q_growth_year": null,
            "roe": 1.3,
            "roe_4q": 1.3,
            "gross_profit": 27266,
            "gross_margin": 14.86,
            "gross_margin_4q_avg": 3.72,
            "net_income": 9261,
            "net_income_4q": null,
            "revenue": 183468,
            "revenue_4q": null,
            "common_shares": 600000,
            "book_valuer_per_share": 11.86,
            "book_valuer_per_share_4q_avg": 6.05,
            "equity": 711808,
            "current_ratio": 307.71,
            "debt_ratio": 29.03,
            "inventory_turnover_ratio": 1.71,
            "account_receivable_turnover_ratio": 1.29,
            "reinvestment_rate": null,
            "research_to_sale_ratio": 0.93,
            "price_fair": 0,
            "eps_avg_yearly": 0,
            "eps_latest_yearly": 0,
            "eps_growth_yearly": 0
        },
        "20133": {
            "year_quarter": 20133,
            "year": 2013,
            "quarter": 3,
            "eps": null,
            "eps_growth_year": null,
            "eps_4q": null,
            "eps_4q_growth_year": null,
            "roe": null,
            "roe_4q": 1.3,
            "gross_profit": null,
            "gross_margin": null,
            "gross_margin_4q_avg": 3.72,
            "net_income": null,
            "net_income_4q": null,
            "revenue": null,
            "revenue_4q": null,
            "common_shares": null,
            "book_valuer_per_share": null,
            "book_valuer_per_share_4q_avg": 6.05,
            "equity": null,
            "current_ratio": null,
            "debt_ratio": null,
            "inventory_turnover_ratio": null,
            "account_receivable_turnover_ratio": null,
            "reinvestment_rate": null,
            "research_to_sale_ratio": null,
            "price_fair": 0,
            "eps_avg_yearly": 0,
            "eps_latest_yearly": 0,
            "eps_growth_yearly": 0
        },
        "20134": {
            "year_quarter": 20134,
            "year": 2013,
            "quarter": 4,
            "eps": null,
            "eps_growth_year": null,
            "eps_4q": null,
            "eps_4q_growth_year": null,
            "roe": null,
            "roe_4q": 1.3,
            "gross_profit": null,
            "gross_margin": null,
            "gross_margin_4q_avg": 3.72,
            "net_income": null,
            "net_income_4q": null,
            "revenue": null,
            "revenue_4q": null,
            "common_shares": 600000,
            "book_valuer_per_share": 12.14,
            "book_valuer_per_share_4q_avg": 6,
            "equity": 728388,
            "current_ratio": 437.14,
            "debt_ratio": 25.34,
            "inventory_turnover_ratio": null,
            "account_receivable_turnover_ratio": null,
            "reinvestment_rate": null,
            "research_to_sale_ratio": null,
            "price_fair": 0,
            "eps_avg_yearly": 0,
            "eps_latest_yearly": 0,
            "eps_growth_yearly": 0
        },
        "20141": {
            "year_quarter": 20141,
            "year": 2014,
            "quarter": 1,
            "eps": null,
            "eps_growth_year": null,
            "eps_4q": null,
            "eps_4q_growth_year": null,
            "roe": null,
            "roe_4q": 1.3,
            "gross_profit": null,
            "gross_margin": null,
            "gross_margin_4q_avg": 3.72,
            "net_income": null,
            "net_income_4q": null,
            "revenue": null,
            "revenue_4q": null,
            "common_shares": null,
            "book_valuer_per_share": null,
            "book_valuer_per_share_4q_avg": 6,
            "equity": null,
            "current_ratio": null,
            "debt_ratio": null,
            "inventory_turnover_ratio": null,
            "account_receivable_turnover_ratio": null,
            "reinvestment_rate": null,
            "research_to_sale_ratio": null,
            "price_fair": 0,
            "eps_avg_yearly": 0,
            "eps_latest_yearly": 0,
            "eps_growth_yearly": 0
        },
        "20142": {
            "year_quarter": 20142,
            "year": 2014,
            "quarter": 2,
            "eps": null,
            "eps_growth_year": null,
            "eps_4q": null,
            "eps_4q_growth_year": null,
            "roe": null,
            "roe_4q": 0,
            "gross_profit": null,
            "gross_margin": null,
            "gross_margin_4q_avg": 0,
            "net_income": null,
            "net_income_4q": null,
            "revenue": null,
            "revenue_4q": null,
            "common_shares": 600000,
            "book_valuer_per_share": 11.32,
            "book_valuer_per_share_4q_avg": 5.87,
            "equity": 678935,
            "current_ratio": 249.47,
            "debt_ratio": 31.88,
            "inventory_turnover_ratio": null,
            "account_receivable_turnover_ratio": null,
            "reinvestment_rate": null,
            "research_to_sale_ratio": null,
            "price_fair": 0,
            "eps_avg_yearly": 0,
            "eps_latest_yearly": 0,
            "eps_growth_yearly": 0
        },
        "20143": {
            "year_quarter": 20143,
            "year": 2014,
            "quarter": 3,
            "eps": null,
            "eps_growth_year": null,
            "eps_4q": null,
            "eps_4q_growth_year": null,
            "roe": null,
            "roe_4q": 0,
            "gross_profit": null,
            "gross_margin": null,
            "gross_margin_4q_avg": 0,
            "net_income": null,
            "net_income_4q": null,
            "revenue": null,
            "revenue_4q": null,
            "common_shares": null,
            "book_valuer_per_share": null,
            "book_valuer_per_share_4q_avg": 5.87,
            "equity": null,
            "current_ratio": null,
            "debt_ratio": null,
            "inventory_turnover_ratio": null,
            "account_receivable_turnover_ratio": null,
            "reinvestment_rate": null,
            "research_to_sale_ratio": null,
            "price_fair": 0,
            "eps_avg_yearly": 0,
            "eps_latest_yearly": 0,
            "eps_growth_yearly": 0
        },
        "20144": {
            "year_quarter": 20144,
            "year": 2014,
            "quarter": 4,
            "eps": null,
            "eps_growth_year": null,
            "eps_4q": null,
            "eps_4q_growth_year": null,
            "roe": null,
            "roe_4q": 0,
            "gross_profit": null,
            "gross_margin": null,
            "gross_margin_4q_avg": 0,
            "net_income": null,
            "net_income_4q": null,
            "revenue": null,
            "revenue_4q": null,
            "common_shares": 510000,
            "book_valuer_per_share": 11.91,
            "book_valuer_per_share_4q_avg": 5.81,
            "equity": 607468,
            "current_ratio": 278.73,
            "debt_ratio": 28.17,
            "inventory_turnover_ratio": null,
            "account_receivable_turnover_ratio": null,
            "reinvestment_rate": null,
            "research_to_sale_ratio": null,
            "price_fair": 0,
            "eps_avg_yearly": 0,
            "eps_latest_yearly": 0,
            "eps_growth_yearly": 0
        },
        "20151": {
            "year_quarter": 20151,
            "year": 2015,
            "quarter": 1,
            "eps": null,
            "eps_growth_year": null,
            "eps_4q": null,
            "eps_4q_growth_year": null,
            "roe": null,
            "roe_4q": 0,
            "gross_profit": null,
            "gross_margin": null,
            "gross_margin_4q_avg": 0,
            "net_income": null,
            "net_income_4q": null,
            "revenue": null,
            "revenue_4q": null,
            "common_shares": null,
            "book_valuer_per_share": null,
            "book_valuer_per_share_4q_avg": 5.81,
            "equity": null,
            "current_ratio": null,
            "debt_ratio": null,
            "inventory_turnover_ratio": null,
            "account_receivable_turnover_ratio": null,
            "reinvestment_rate": null,
            "research_to_sale_ratio": null,
            "price_fair": 0,
            "eps_avg_yearly": 0,
            "eps_latest_yearly": 0,
            "eps_growth_yearly": 0
        },
        "20152": {
            "year_quarter": 20152,
            "year": 2015,
            "quarter": 2,
            "eps": null,
            "eps_growth_year": null,
            "eps_4q": null,
            "eps_4q_growth_year": null,
            "roe": null,
            "roe_4q": 0,
            "gross_profit": null,
            "gross_margin": null,
            "gross_margin_4q_avg": 0,
            "net_income": null,
            "net_income_4q": null,
            "revenue": null,
            "revenue_4q": null,
            "common_shares": 510000,
            "book_valuer_per_share": 11.59,
            "book_valuer_per_share_4q_avg": 5.88,
            "equity": 591292,
            "current_ratio": 229.87,
            "debt_ratio": 30.72,
            "inventory_turnover_ratio": null,
            "account_receivable_turnover_ratio": null,
            "reinvestment_rate": null,
            "research_to_sale_ratio": null,
            "price_fair": 0,
            "eps_avg_yearly": 0,
            "eps_latest_yearly": 0,
            "eps_growth_yearly": 0
        },
        "20153": {
            "year_quarter": 20153,
            "year": 2015,
            "quarter": 3,
            "eps": null,
            "eps_growth_year": null,
            "eps_4q": null,
            "eps_4q_growth_year": null,
            "roe": null,
            "roe_4q": 0,
            "gross_profit": null,
            "gross_margin": null,
            "gross_margin_4q_avg": 0,
            "net_income": null,
            "net_income_4q": null,
            "revenue": null,
            "revenue_4q": null,
            "common_shares": null,
            "book_valuer_per_share": null,
            "book_valuer_per_share_4q_avg": 5.88,
            "equity": null,
            "current_ratio": null,
            "debt_ratio": null,
            "inventory_turnover_ratio": null,
            "account_receivable_turnover_ratio": null,
            "reinvestment_rate": null,
            "research_to_sale_ratio": null,
            "price_fair": 0,
            "eps_avg_yearly": 0,
            "eps_latest_yearly": 0,
            "eps_growth_yearly": 0
        },
        "20154": {
            "year_quarter": 20154,
            "year": 2015,
            "quarter": 4,
            "eps": null,
            "eps_growth_year": null,
            "eps_4q": null,
            "eps_4q_growth_year": null,
            "roe": null,
            "roe_4q": 0,
            "gross_profit": null,
            "gross_margin": null,
            "gross_margin_4q_avg": 0,
            "net_income": null,
            "net_income_4q": null,
            "revenue": null,
            "revenue_4q": null,
            "common_shares": 510000,
            "book_valuer_per_share": 11.8,
            "book_valuer_per_share_4q_avg": 5.85,
            "equity": 601966,
            "current_ratio": 375.73,
            "debt_ratio": 25.72,
            "inventory_turnover_ratio": null,
            "account_receivable_turnover_ratio": null,
            "reinvestment_rate": null,
            "research_to_sale_ratio": null,
            "price_fair": 0,
            "eps_avg_yearly": 0,
            "eps_latest_yearly": 0,
            "eps_growth_yearly": 0
        },
        "20161": {
            "year_quarter": 20161,
            "year": 2016,
            "quarter": 1,
            "eps": null,
            "eps_growth_year": null,
            "eps_4q": null,
            "eps_4q_growth_year": null,
            "roe": null,
            "roe_4q": 0,
            "gross_profit": null,
            "gross_margin": null,
            "gross_margin_4q_avg": 0,
            "net_income": null,
            "net_income_4q": null,
            "revenue": null,
            "revenue_4q": null,
            "common_shares": null,
            "book_valuer_per_share": null,
            "book_valuer_per_share_4q_avg": 5.85,
            "equity": null,
            "current_ratio": null,
            "debt_ratio": null,
            "inventory_turnover_ratio": null,
            "account_receivable_turnover_ratio": null,
            "reinvestment_rate": null,
            "research_to_sale_ratio": null,
            "price_fair": 0,
            "eps_avg_yearly": 0,
            "eps_latest_yearly": 0,
            "eps_growth_yearly": 0
        },
        "20162": {
            "year_quarter": 20162,
            "year": 2016,
            "quarter": 2,
            "eps": null,
            "eps_growth_year": null,
            "eps_4q": null,
            "eps_4q_growth_year": null,
            "roe": null,
            "roe_4q": 0,
            "gross_profit": null,
            "gross_margin": null,
            "gross_margin_4q_avg": 0,
            "net_income": null,
            "net_income_4q": null,
            "revenue": null,
            "revenue_4q": null,
            "common_shares": 510000,
            "book_valuer_per_share": 11.7,
            "book_valuer_per_share_4q_avg": 5.88,
            "equity": 596640,
            "current_ratio": 276.09,
            "debt_ratio": 29.32,
            "inventory_turnover_ratio": null,
            "account_receivable_turnover_ratio": null,
            "reinvestment_rate": null,
            "research_to_sale_ratio": null,
            "price_fair": 0,
            "eps_avg_yearly": 0,
            "eps_latest_yearly": 0,
            "eps_growth_yearly": 0
        },
        "20163": {
            "year_quarter": 20163,
            "year": 2016,
            "quarter": 3,
            "eps": null,
            "eps_growth_year": null,
            "eps_4q": null,
            "eps_4q_growth_year": null,
            "roe": null,
            "roe_4q": 0,
            "gross_profit": null,
            "gross_margin": null,
            "gross_margin_4q_avg": 0,
            "net_income": null,
            "net_income_4q": null,
            "revenue": null,
            "revenue_4q": null,
            "common_shares": null,
            "book_valuer_per_share": null,
            "book_valuer_per_share_4q_avg": 5.88,
            "equity": null,
            "current_ratio": null,
            "debt_ratio": null,
            "inventory_turnover_ratio": null,
            "account_receivable_turnover_ratio": null,
            "reinvestment_rate": null,
            "research_to_sale_ratio": null,
            "price_fair": 0,
            "eps_avg_yearly": 0,
            "eps_latest_yearly": 0,
            "eps_growth_yearly": 0
        },
        "20164": {
            "year_quarter": 20164,
            "year": 2016,
            "quarter": 4,
            "eps": null,
            "eps_growth_year": null,
            "eps_4q": null,
            "eps_4q_growth_year": null,
            "roe": null,
            "roe_4q": 0,
            "gross_profit": null,
            "gross_margin": null,
            "gross_margin_4q_avg": 0,
            "net_income": null,
            "net_income_4q": null,
            "revenue": null,
            "revenue_4q": null,
            "common_shares": 420000,
            "book_valuer_per_share": 12.54,
            "book_valuer_per_share_4q_avg": 6.06,
            "equity": 526620,
            "current_ratio": 266.3,
            "debt_ratio": 30.89,
            "inventory_turnover_ratio": null,
            "account_receivable_turnover_ratio": null,
            "reinvestment_rate": null,
            "research_to_sale_ratio": null,
            "price_fair": 0,
            "eps_avg_yearly": 0,
            "eps_latest_yearly": 0,
            "eps_growth_yearly": 0
        },
        "20171": {
            "year_quarter": 20171,
            "year": 2017,
            "quarter": 1,
            "eps": null,
            "eps_growth_year": null,
            "eps_4q": null,
            "eps_4q_growth_year": null,
            "roe": null,
            "roe_4q": 0,
            "gross_profit": null,
            "gross_margin": null,
            "gross_margin_4q_avg": 0,
            "net_income": null,
            "net_income_4q": null,
            "revenue": null,
            "revenue_4q": null,
            "common_shares": null,
            "book_valuer_per_share": null,
            "book_valuer_per_share_4q_avg": 6.06,
            "equity": null,
            "current_ratio": null,
            "debt_ratio": null,
            "inventory_turnover_ratio": null,
            "account_receivable_turnover_ratio": null,
            "reinvestment_rate": null,
            "research_to_sale_ratio": null,
            "price_fair": 0,
            "eps_avg_yearly": 0,
            "eps_latest_yearly": 0,
            "eps_growth_yearly": 0
        },
        "20172": {
            "year_quarter": 20172,
            "year": 2017,
            "quarter": 2,
            "eps": null,
            "eps_growth_year": null,
            "eps_4q": null,
            "eps_4q_growth_year": null,
            "roe": null,
            "roe_4q": 0,
            "gross_profit": null,
            "gross_margin": null,
            "gross_margin_4q_avg": 0,
            "net_income": null,
            "net_income_4q": null,
            "revenue": null,
            "revenue_4q": null,
            "common_shares": 420000,
            "book_valuer_per_share": 12.73,
            "book_valuer_per_share_4q_avg": 6.32,
            "equity": 534637,
            "current_ratio": 242.74,
            "debt_ratio": 32.97,
            "inventory_turnover_ratio": null,
            "account_receivable_turnover_ratio": null,
            "reinvestment_rate": null,
            "research_to_sale_ratio": null,
            "price_fair": 0,
            "eps_avg_yearly": 0,
            "eps_latest_yearly": 0,
            "eps_growth_yearly": 0
        },
        "20173": {
            "year_quarter": 20173,
            "year": 2017,
            "quarter": 3,
            "eps": null,
            "eps_growth_year": null,
            "eps_4q": null,
            "eps_4q_growth_year": null,
            "roe": null,
            "roe_4q": 0,
            "gross_profit": null,
            "gross_margin": null,
            "gross_margin_4q_avg": 0,
            "net_income": null,
            "net_income_4q": null,
            "revenue": null,
            "revenue_4q": null,
            "common_shares": null,
            "book_valuer_per_share": null,
            "book_valuer_per_share_4q_avg": 6.32,
            "equity": null,
            "current_ratio": null,
            "debt_ratio": null,
            "inventory_turnover_ratio": null,
            "account_receivable_turnover_ratio": null,
            "reinvestment_rate": null,
            "research_to_sale_ratio": null,
            "price_fair": 0,
            "eps_avg_yearly": 0,
            "eps_latest_yearly": 0,
            "eps_growth_yearly": 0
        },
        "20174": {
            "year_quarter": 20174,
            "year": 2017,
            "quarter": 4,
            "eps": null,
            "eps_growth_year": null,
            "eps_4q": null,
            "eps_4q_growth_year": null,
            "roe": null,
            "roe_4q": 0,
            "gross_profit": null,
            "gross_margin": null,
            "gross_margin_4q_avg": 0,
            "net_income": null,
            "net_income_4q": null,
            "revenue": null,
            "revenue_4q": null,
            "common_shares": 420000,
            "book_valuer_per_share": 13.44,
            "book_valuer_per_share_4q_avg": 6.54,
            "equity": 564290,
            "current_ratio": 225.08,
            "debt_ratio": 33.86,
            "inventory_turnover_ratio": null,
            "account_receivable_turnover_ratio": null,
            "reinvestment_rate": null,
            "research_to_sale_ratio": null,
            "price_fair": 0,
            "eps_avg_yearly": 0,
            "eps_latest_yearly": 0,
            "eps_growth_yearly": 0
        },
        "20181": {
            "year_quarter": 20181,
            "year": 2018,
            "quarter": 1,
            "eps": null,
            "eps_growth_year": null,
            "eps_4q": null,
            "eps_4q_growth_year": null,
            "roe": null,
            "roe_4q": 0,
            "gross_profit": null,
            "gross_margin": null,
            "gross_margin_4q_avg": 0,
            "net_income": null,
            "net_income_4q": null,
            "revenue": null,
            "revenue_4q": null,
            "common_shares": null,
            "book_valuer_per_share": null,
            "book_valuer_per_share_4q_avg": 6.54,
            "equity": null,
            "current_ratio": null,
            "debt_ratio": null,
            "inventory_turnover_ratio": null,
            "account_receivable_turnover_ratio": null,
            "reinvestment_rate": null,
            "research_to_sale_ratio": null,
            "price_fair": 0,
            "eps_avg_yearly": 0,
            "eps_latest_yearly": 0,
            "eps_growth_yearly": 0
        },
        "20182": {
            "year_quarter": 20182,
            "year": 2018,
            "quarter": 2,
            "eps": null,
            "eps_growth_year": null,
            "eps_4q": null,
            "eps_4q_growth_year": null,
            "roe": null,
            "roe_4q": 0,
            "gross_profit": null,
            "gross_margin": null,
            "gross_margin_4q_avg": 0,
            "net_income": null,
            "net_income_4q": null,
            "revenue": null,
            "revenue_4q": null,
            "common_shares": 420000,
            "book_valuer_per_share": 12.82,
            "book_valuer_per_share_4q_avg": 6.57,
            "equity": 538407,
            "current_ratio": 201.07,
            "debt_ratio": 36.33,
            "inventory_turnover_ratio": null,
            "account_receivable_turnover_ratio": null,
            "reinvestment_rate": null,
            "research_to_sale_ratio": null,
            "price_fair": 0,
            "eps_avg_yearly": 0,
            "eps_latest_yearly": 0,
            "eps_growth_yearly": 0
        },
        "20183": {
            "year_quarter": 20183,
            "year": 2018,
            "quarter": 3,
            "eps": 0.63,
            "eps_growth_year": null,
            "eps_4q": null,
            "eps_4q_growth_year": null,
            "roe": 4.79,
            "roe_4q": 4.79,
            "gross_profit": 46910,
            "gross_margin": 24.68,
            "gross_margin_4q_avg": 6.17,
            "net_income": 26437,
            "net_income_4q": null,
            "revenue": 190050,
            "revenue_4q": null,
            "common_shares": 420000,
            "book_valuer_per_share": 13.45,
            "book_valuer_per_share_4q_avg": 9.93,
            "equity": 564844,
            "current_ratio": 221.65,
            "debt_ratio": 35.01,
            "inventory_turnover_ratio": 2.19,
            "account_receivable_turnover_ratio": 0.92,
            "reinvestment_rate": null,
            "research_to_sale_ratio": 1.57,
            "price_fair": 0,
            "eps_avg_yearly": 0,
            "eps_latest_yearly": 0,
            "eps_growth_yearly": 0
        },
        "20184": {
            "year_quarter": 20184,
            "year": 2018,
            "quarter": 4,
            "eps": 0.51,
            "eps_growth_year": null,
            "eps_4q": null,
            "eps_4q_growth_year": null,
            "roe": 3.7,
            "roe_4q": 8.49,
            "gross_profit": 42351,
            "gross_margin": 24.96,
            "gross_margin_4q_avg": 12.41,
            "net_income": 21340,
            "net_income_4q": null,
            "revenue": 169690,
            "revenue_4q": null,
            "common_shares": 420000,
            "book_valuer_per_share": 14.03,
            "book_valuer_per_share_4q_avg": 10.08,
            "equity": 589341,
            "current_ratio": 334.26,
            "debt_ratio": 28.29,
            "inventory_turnover_ratio": 1.93,
            "account_receivable_turnover_ratio": 0.81,
            "reinvestment_rate": null,
            "research_to_sale_ratio": 1.92,
            "price_fair": 6.12,
            "eps_avg_yearly": 2.04,
            "eps_latest_yearly": 2.04,
            "eps_growth_yearly": -76.19
        },
        "20191": {
            "year_quarter": 20191,
            "year": 2019,
            "quarter": 1,
            "eps": 0.21,
            "eps_growth_year": null,
            "eps_4q": null,
            "eps_4q_growth_year": null,
            "roe": 1.56,
            "roe_4q": 10.05,
            "gross_profit": 23080,
            "gross_margin": 20.8,
            "gross_margin_4q_avg": 17.61,
            "net_income": 10036,
            "net_income_4q": null,
            "revenue": 110961,
            "revenue_4q": null,
            "common_shares": 476000,
            "book_valuer_per_share": 14.6,
            "book_valuer_per_share_4q_avg": 13.73,
            "equity": 695133,
            "current_ratio": 425.16,
            "debt_ratio": 16.93,
            "inventory_turnover_ratio": 1.34,
            "account_receivable_turnover_ratio": 0.61,
            "reinvestment_rate": null,
            "research_to_sale_ratio": 1.33,
            "price_fair": 4.32,
            "eps_avg_yearly": 1.44,
            "eps_latest_yearly": 0.84,
            "eps_growth_yearly": -155.74
        },
        "20192": {
            "year_quarter": 20192,
            "year": 2019,
            "quarter": 2,
            "eps": 0.32,
            "eps_growth_year": null,
            "eps_4q": 1.53,
            "eps_4q_growth_year": null,
            "roe": 2.22,
            "roe_4q": 12.27,
            "gross_profit": 30053,
            "gross_margin": 24.59,
            "gross_margin_4q_avg": 23.76,
            "net_income": 14948,
            "net_income_4q": null,
            "revenue": 122196,
            "revenue_4q": null,
            "common_shares": 476000,
            "book_valuer_per_share": 13.72,
            "book_valuer_per_share_4q_avg": 13.95,
            "equity": 652961,
            "current_ratio": 288.83,
            "debt_ratio": 22.16,
            "inventory_turnover_ratio": 1.47,
            "account_receivable_turnover_ratio": 0.81,
            "reinvestment_rate": null,
            "research_to_sale_ratio": 1.89,
            "price_fair": 4.16,
            "eps_avg_yearly": 1.39,
            "eps_latest_yearly": 1.28,
            "eps_growth_yearly": -33.99
        },
        "20193": {
            "year_quarter": 20193,
            "year": 2019,
            "quarter": 3,
            "eps": 0.22,
            "eps_growth_year": -65.08,
            "eps_4q": 1.19,
            "eps_4q_growth_year": null,
            "roe": 1.6,
            "roe_4q": 9.080000000000002,
            "gross_profit": 24321,
            "gross_margin": 23.13,
            "gross_margin_4q_avg": 23.37,
            "net_income": 10556,
            "net_income_4q": null,
            "revenue": 105165,
            "revenue_4q": null,
            "common_shares": 476000,
            "book_valuer_per_share": 13.94,
            "book_valuer_per_share_4q_avg": 14.07,
            "equity": 663517,
            "current_ratio": 614.62,
            "debt_ratio": 14.07,
            "inventory_turnover_ratio": 1.52,
            "account_receivable_turnover_ratio": 0.84,
            "reinvestment_rate": null,
            "research_to_sale_ratio": 2.6,
            "price_fair": 3.78,
            "eps_avg_yearly": 1.26,
            "eps_latest_yearly": 0.88,
            "eps_growth_yearly": -56.74
        },
        "20194": {
            "year_quarter": 20194,
            "year": 2019,
            "quarter": 4,
            "eps": 0.22,
            "eps_growth_year": -56.66,
            "eps_4q": 0.97,
            "eps_4q_growth_year": null,
            "roe": 1.56,
            "roe_4q": 6.940000000000001,
            "gross_profit": 19505,
            "gross_margin": 20.53,
            "gross_margin_4q_avg": 22.26,
            "net_income": 10482,
            "net_income_4q": null,
            "revenue": 95029,
            "revenue_4q": null,
            "common_shares": 476000,
            "book_valuer_per_share": 14.23,
            "book_valuer_per_share_4q_avg": 14.12,
            "equity": 677551,
            "current_ratio": 716.24,
            "debt_ratio": 12.51,
            "inventory_turnover_ratio": 1.83,
            "account_receivable_turnover_ratio": 0.95,
            "reinvestment_rate": null,
            "research_to_sale_ratio": 3.55,
            "price_fair": 3.55,
            "eps_avg_yearly": 1.18,
            "eps_latest_yearly": 0.88,
            "eps_growth_yearly": -45.39
        },
        "20201": {
            "year_quarter": 20201,
            "year": 2020,
            "quarter": 1,
            "eps": 0.09,
            "eps_growth_year": -57.14,
            "eps_4q": 0.85,
            "eps_4q_growth_year": null,
            "roe": 0.63,
            "roe_4q": 6.01,
            "gross_profit": 12900,
            "gross_margin": 18.34,
            "gross_margin_4q_avg": 21.65,
            "net_income": 4313,
            "net_income_4q": null,
            "revenue": 70341,
            "revenue_4q": null,
            "common_shares": 476000,
            "book_valuer_per_share": 14.32,
            "book_valuer_per_share_4q_avg": 14.05,
            "equity": 681864,
            "current_ratio": 539.2,
            "debt_ratio": 7.35,
            "inventory_turnover_ratio": 1.55,
            "account_receivable_turnover_ratio": 0.81,
            "reinvestment_rate": null,
            "research_to_sale_ratio": 2.86,
            "price_fair": 3.14,
            "eps_avg_yearly": 1.05,
            "eps_latest_yearly": 0.36,
            "eps_growth_yearly": -77.22
        },
        "20202": {
            "year_quarter": 20202,
            "year": 2020,
            "quarter": 2,
            "eps": 0.14,
            "eps_growth_year": -56.25,
            "eps_4q": 0.64,
            "eps_4q_growth_year": -58.23,
            "roe": 1.01,
            "roe_4q": 4.800000000000001,
            "gross_profit": 13172,
            "gross_margin": 17.58,
            "gross_margin_4q_avg": 19.9,
            "net_income": 6868,
            "net_income_4q": null,
            "revenue": 74925,
            "revenue_4q": null,
            "common_shares": 476000,
            "book_valuer_per_share": 14.27,
            "book_valuer_per_share_4q_avg": 14.19,
            "equity": 679212,
            "current_ratio": 560.31,
            "debt_ratio": 7.34,
            "inventory_turnover_ratio": 1.67,
            "account_receivable_turnover_ratio": 0.9,
            "reinvestment_rate": null,
            "research_to_sale_ratio": 2.97,
            "price_fair": 2.93,
            "eps_avg_yearly": 0.98,
            "eps_latest_yearly": 0.56,
            "eps_growth_yearly": -34.44
        },
        "20203": {
            "year_quarter": 20203,
            "year": 2020,
            "quarter": 3,
            "eps": 0.01,
            "eps_growth_year": -95.45,
            "eps_4q": 0.44,
            "eps_4q_growth_year": -62.95,
            "roe": 0.1,
            "roe_4q": 3.3000000000000003,
            "gross_profit": 9546,
            "gross_margin": 14.86,
            "gross_margin_4q_avg": 17.83,
            "net_income": 674,
            "net_income_4q": null,
            "revenue": 64251,
            "revenue_4q": null,
            "common_shares": 504560,
            "book_valuer_per_share": 13.47,
            "book_valuer_per_share_4q_avg": 14.07,
            "equity": 679886,
            "current_ratio": 614.77,
            "debt_ratio": 6.68,
            "inventory_turnover_ratio": 1.42,
            "account_receivable_turnover_ratio": 0.75,
            "reinvestment_rate": null,
            "research_to_sale_ratio": 5.76,
            "price_fair": 2.58,
            "eps_avg_yearly": 0.86,
            "eps_latest_yearly": 0.04,
            "eps_growth_yearly": -76.57
        },
        "20204": {
            "year_quarter": 20204,
            "year": 2020,
            "quarter": 4,
            "eps": 0.25,
            "eps_growth_year": 14.07,
            "eps_4q": 0.49,
            "eps_4q_growth_year": -49.72,
            "roe": 1.85,
            "roe_4q": 3.59,
            "gross_profit": 20027,
            "gross_margin": 21.44,
            "gross_margin_4q_avg": 18.06,
            "net_income": 12674,
            "net_income_4q": null,
            "revenue": 93419,
            "revenue_4q": null,
            "common_shares": 504560,
            "book_valuer_per_share": 13.71,
            "book_valuer_per_share_4q_avg": 13.94,
            "equity": 691637,
            "current_ratio": 468.28,
            "debt_ratio": 7.94,
            "inventory_turnover_ratio": 1.87,
            "account_receivable_turnover_ratio": 0.93,
            "reinvestment_rate": null,
            "research_to_sale_ratio": 4.18,
            "price_fair": 30.64,
            "eps_avg_yearly": 0.88,
            "eps_latest_yearly": 1,
            "eps_growth_yearly": 998.61
        },
        "20211": {
            "year_quarter": 20211,
            "year": 2021,
            "quarter": 1,
            "eps": 0.16,
            "eps_growth_year": 77.78,
            "eps_4q": 0.56,
            "eps_4q_growth_year": -33.58,
            "roe": 1.17,
            "roe_4q": 4.13,
            "gross_profit": 23165,
            "gross_margin": 22.58,
            "gross_margin_4q_avg": 19.12,
            "net_income": 8155,
            "net_income_4q": null,
            "revenue": 102586,
            "revenue_4q": null,
            "common_shares": 504560,
            "book_valuer_per_share": 13.87,
            "book_valuer_per_share_4q_avg": 13.83,
            "equity": 699792,
            "current_ratio": 393.73,
            "debt_ratio": 9.88,
            "inventory_turnover_ratio": 2.04,
            "account_receivable_turnover_ratio": 0.86,
            "reinvestment_rate": null,
            "research_to_sale_ratio": 1.35,
            "price_fair": 29.82,
            "eps_avg_yearly": 0.85,
            "eps_latest_yearly": 0.64,
            "eps_growth_yearly": 884.35
        },
        "20212": {
            "year_quarter": 20212,
            "year": 2021,
            "quarter": 2,
            "eps": 0.15,
            "eps_growth_year": 7.14,
            "eps_4q": 0.58,
            "eps_4q_growth_year": -9.67,
            "roe": 1.11,
            "roe_4q": 4.23,
            "gross_profit": 23421,
            "gross_margin": 20.77,
            "gross_margin_4q_avg": 19.91,
            "net_income": 7601,
            "net_income_4q": null,
            "revenue": 112786,
            "revenue_4q": null,
            "common_shares": 504560,
            "book_valuer_per_share": 13.22,
            "book_valuer_per_share_4q_avg": 13.57,
            "equity": 667028,
            "current_ratio": 248.09,
            "debt_ratio": 15.14,
            "inventory_turnover_ratio": 2.05,
            "account_receivable_turnover_ratio": 0.89,
            "reinvestment_rate": null,
            "research_to_sale_ratio": 3.15,
            "price_fair": 29.02,
            "eps_avg_yearly": 0.83,
            "eps_latest_yearly": 0.6,
            "eps_growth_yearly": 801.68
        },
        "20213": {
            "year_quarter": 20213,
            "year": 2021,
            "quarter": 3,
            "eps": 0.24,
            "eps_growth_year": 2300,
            "eps_4q": 0.8,
            "eps_4q_growth_year": 81.74,
            "roe": 1.81,
            "roe_4q": 5.9399999999999995,
            "gross_profit": 22620,
            "gross_margin": 20.31,
            "gross_margin_4q_avg": 21.28,
            "net_income": 12165,
            "net_income_4q": null,
            "revenue": 111389,
            "revenue_4q": null,
            "common_shares": 504560,
            "book_valuer_per_share": 13.46,
            "book_valuer_per_share_4q_avg": 13.57,
            "equity": 679193,
            "current_ratio": 313.95,
            "debt_ratio": 11.42,
            "inventory_turnover_ratio": 1.56,
            "account_receivable_turnover_ratio": 0.84,
            "reinvestment_rate": null,
            "research_to_sale_ratio": 0.68,
            "price_fair": 29.4,
            "eps_avg_yearly": 0.84,
            "eps_latest_yearly": 0.96,
            "eps_growth_yearly": 754.87
        },
        "20214": {
            "year_quarter": 20214,
            "year": 2021,
            "quarter": 4,
            "eps": 0.21,
            "eps_growth_year": -15.82,
            "eps_4q": 0.76,
            "eps_4q_growth_year": 57.32,
            "roe": 1.56,
            "roe_4q": 5.65,
            "gross_profit": 18843,
            "gross_margin": 13.87,
            "gross_margin_4q_avg": 19.38,
            "net_income": 10669,
            "net_income_4q": null,
            "revenue": 135831,
            "revenue_4q": null,
            "common_shares": 504560,
            "book_valuer_per_share": 13.67,
            "book_valuer_per_share_4q_avg": 13.56,
            "equity": 689815,
            "current_ratio": 311.52,
            "debt_ratio": 12.29,
            "inventory_turnover_ratio": 1.51,
            "account_receivable_turnover_ratio": 0.95,
            "reinvestment_rate": null,
            "research_to_sale_ratio": 1.62,
            "price_fair": 29.4,
            "eps_avg_yearly": 0.84,
            "eps_latest_yearly": 0.84,
            "eps_growth_yearly": 692.96
        },
        "20221": {
            "year_quarter": 20221,
            "year": 2022,
            "quarter": 1,
            "eps": 0.09,
            "eps_growth_year": -43.75,
            "eps_4q": 0.69,
            "eps_4q_growth_year": 23.59,
            "roe": 0.67,
            "roe_4q": 5.15,
            "gross_profit": 16514,
            "gross_margin": 11.77,
            "gross_margin_4q_avg": 16.68,
            "net_income": 4630,
            "net_income_4q": null,
            "revenue": 140354,
            "revenue_4q": null,
            "common_shares": 504560,
            "book_valuer_per_share": 13.76,
            "book_valuer_per_share_4q_avg": 13.53,
            "equity": 694445,
            "current_ratio": 304.76,
            "debt_ratio": 13.05,
            "inventory_turnover_ratio": 1.54,
            "account_receivable_turnover_ratio": 0.89,
            "reinvestment_rate": null,
            "research_to_sale_ratio": 0.94,
            "price_fair": 28.2,
            "eps_avg_yearly": 0.81,
            "eps_latest_yearly": 0.36,
            "eps_growth_yearly": 627.14
        },
        "20222": {
            "year_quarter": 20222,
            "year": 2022,
            "quarter": 2,
            "eps": 0.41,
            "eps_growth_year": 173.33,
            "eps_4q": 0.95,
            "eps_4q_growth_year": 65.17,
            "roe": 2.98,
            "roe_4q": 7.02,
            "gross_profit": 34324,
            "gross_margin": 23.79,
            "gross_margin_4q_avg": 17.44,
            "net_income": 20608,
            "net_income_4q": null,
            "revenue": 144269,
            "revenue_4q": null,
            "common_shares": 504560,
            "book_valuer_per_share": 13.67,
            "book_valuer_per_share_4q_avg": 13.64,
            "equity": 689825,
            "current_ratio": 289.02,
            "debt_ratio": 13.78,
            "inventory_turnover_ratio": 1.42,
            "account_receivable_turnover_ratio": 0.9,
            "reinvestment_rate": -6.65,
            "research_to_sale_ratio": 1.25,
            "price_fair": 30.15,
            "eps_avg_yearly": 0.86,
            "eps_latest_yearly": 1.64,
            "eps_growth_yearly": 680.14
        },
        "20223": {
            "year_quarter": 20223,
            "year": 2022,
            "quarter": 3,
            "eps": 0.56,
            "eps_growth_year": 133.33,
            "eps_4q": 1.27,
            "eps_4q_growth_year": 58.25,
            "roe": 4.02,
            "roe_4q": 9.23,
            "gross_profit": 44390,
            "gross_margin": 25.29,
            "gross_margin_4q_avg": 18.68,
            "net_income": 28336,
            "net_income_4q": null,
            "revenue": 175531,
            "revenue_4q": null,
            "common_shares": 504560,
            "book_valuer_per_share": 14.23,
            "book_valuer_per_share_4q_avg": 13.83,
            "equity": 718161,
            "current_ratio": 477.54,
            "debt_ratio": 26.32,
            "inventory_turnover_ratio": 1.76,
            "account_receivable_turnover_ratio": 1.07,
            "reinvestment_rate": -26.39,
            "research_to_sale_ratio": 0.67,
            "price_fair": 33.16,
            "eps_avg_yearly": 0.95,
            "eps_latest_yearly": 2.24,
            "eps_growth_yearly": 646.78
        },
        "20224": {
            "year_quarter": 20224,
            "year": 2022,
            "quarter": 4,
            "eps": 0.53,
            "eps_growth_year": 149.34,
            "eps_4q": 1.59,
            "eps_4q_growth_year": 107.76,
            "roe": 3.62,
            "roe_4q": 11.29,
            "gross_profit": 45502,
            "gross_margin": 30.85,
            "gross_margin_4q_avg": 22.93,
            "net_income": 26602,
            "net_income_4q": null,
            "revenue": 147478,
            "revenue_4q": null,
            "common_shares": 504560,
            "book_valuer_per_share": 14.92,
            "book_valuer_per_share_4q_avg": 14.15,
            "equity": 752917,
            "current_ratio": 454.61,
            "debt_ratio": 25.03,
            "inventory_turnover_ratio": 1.52,
            "account_receivable_turnover_ratio": 0.9,
            "reinvestment_rate": -16.53,
            "research_to_sale_ratio": 0.9,
            "price_fair": 33.34,
            "eps_avg_yearly": 0.95,
            "eps_latest_yearly": 2.12,
            "eps_growth_yearly": 650.2
        },
        "20231": {
            "year_quarter": 20231,
            "year": 2023,
            "quarter": 1,
            "eps": 0.61,
            "eps_growth_year": 577.78,
            "eps_4q": 2.11,
            "eps_4q_growth_year": 203.68,
            "roe": 4.03,
            "roe_4q": 14.65,
            "gross_profit": 42576,
            "gross_margin": 29.24,
            "gross_margin_4q_avg": 27.29,
            "net_income": 30949,
            "net_income_4q": null,
            "revenue": 145599,
            "revenue_4q": null,
            "common_shares": 504610,
            "book_valuer_per_share": 15.54,
            "book_valuer_per_share_4q_avg": 14.59,
            "equity": 783959,
            "current_ratio": 552.54,
            "debt_ratio": 23.21,
            "inventory_turnover_ratio": 1.73,
            "account_receivable_turnover_ratio": 0.93,
            "reinvestment_rate": 10.31,
            "research_to_sale_ratio": 0.83,
            "price_fair": 36.84,
            "eps_avg_yearly": 1.05,
            "eps_latest_yearly": 2.44,
            "eps_growth_yearly": 668.68
        },
        "20232": {
            "year_quarter": 20232,
            "year": 2023,
            "quarter": 2,
            "eps": 0.24,
            "eps_growth_year": -41.46,
            "eps_4q": 1.74,
            "eps_4q_growth_year": 82.93,
            "roe": 1.5,
            "roe_4q": 13.17,
            "gross_profit": 24929,
            "gross_margin": 23.04,
            "gross_margin_4q_avg": 27.11,
            "net_income": 12160,
            "net_income_4q": null,
            "revenue": 108186,
            "revenue_4q": null,
            "common_shares": 542389,
            "book_valuer_per_share": 15.44,
            "book_valuer_per_share_4q_avg": 15.03,
            "equity": 837200,
            "current_ratio": 486.89,
            "debt_ratio": 17.42,
            "inventory_turnover_ratio": 1.64,
            "account_receivable_turnover_ratio": 0.77,
            "reinvestment_rate": 18.09,
            "research_to_sale_ratio": 1.78,
            "price_fair": 36.14,
            "eps_avg_yearly": 1.03,
            "eps_latest_yearly": 0.96,
            "eps_growth_yearly": 640.42
        },
        "20233": {
            "year_quarter": 20233,
            "year": 2023,
            "quarter": 3,
            "eps": 0.01,
            "eps_growth_year": -98.21,
            "eps_4q": 1.22,
            "eps_4q_growth_year": -3.96,
            "roe": 0.08,
            "roe_4q": 9.23,
            "gross_profit": 17155,
            "gross_margin": 17.87,
            "gross_margin_4q_avg": 25.25,
            "net_income": 643,
            "net_income_4q": null,
            "revenue": 95980,
            "revenue_4q": null,
            "common_shares": 575364,
            "book_valuer_per_share": 14.98,
            "book_valuer_per_share_4q_avg": 15.22,
            "equity": 862101,
            "current_ratio": 527.67,
            "debt_ratio": 14.04,
            "inventory_turnover_ratio": 1.7,
            "account_receivable_turnover_ratio": 0.75,
            "reinvestment_rate": 23.32,
            "research_to_sale_ratio": 2,
            "price_fair": 34.3,
            "eps_avg_yearly": 0.98,
            "eps_latest_yearly": 0.04,
            "eps_growth_yearly": 624.28
        }
    },
    "months": {
        "2012-05": {
            "month": "2012-05",
            "price": "17.24",
            "revenue": 50686
        },
        "2012-06": {
            "month": "2012-06",
            "price": "16.95",
            "revenue": 41554
        },
        "2012-07": {
            "month": "2012-07",
            "price": "17.37",
            "revenue": 45464
        },
        "2012-08": {
            "month": "2012-08",
            "price": "16.18",
            "revenue": 36481
        },
        "2012-09": {
            "month": "2012-09",
            "price": "14.87",
            "revenue": 37049
        },
        "2012-10": {
            "month": "2012-10",
            "price": "14.87",
            "revenue": 40251
        },
        "2012-11": {
            "month": "2012-11",
            "price": "14.82",
            "revenue": 20957
        },
        "2012-12": {
            "month": "2012-12",
            "price": "14.97",
            "revenue": 17162
        },
        "2013-01": {
            "month": "2013-01",
            "price": "14.84",
            "revenue": 26998
        },
        "2013-02": {
            "month": "2013-02",
            "price": "14.73",
            "revenue": 18609
        },
        "2013-03": {
            "month": "2013-03",
            "price": "15.33",
            "revenue": 22279
        },
        "2013-04": {
            "month": "2013-04",
            "price": "15.39",
            "revenue": 32275
        },
        "2013-05": {
            "month": "2013-05",
            "price": "15.38",
            "revenue": 39597
        },
        "2013-06": {
            "month": "2013-06",
            "price": "15.39",
            "revenue": 43765
        },
        "2013-07": {
            "month": "2013-07",
            "price": "14.95",
            "revenue": 51470
        },
        "2013-08": {
            "month": "2013-08",
            "price": "14.66",
            "revenue": 49586
        },
        "2013-09": {
            "month": "2013-09",
            "price": "14.76",
            "revenue": 28253
        },
        "2013-10": {
            "month": "2013-10",
            "price": "14.65",
            "revenue": 42364
        },
        "2013-11": {
            "month": "2013-11",
            "price": "14.03",
            "revenue": 31950
        },
        "2013-12": {
            "month": "2013-12",
            "price": "12.49",
            "revenue": 20161
        },
        "2014-01": {
            "month": "2014-01",
            "price": "11.72",
            "revenue": 37220
        },
        "2014-02": {
            "month": "2014-02",
            "price": "14.44",
            "revenue": 38744
        },
        "2014-03": {
            "month": "2014-03",
            "price": "13.96",
            "revenue": 43166
        },
        "2014-04": {
            "month": "2014-04",
            "price": "14.15",
            "revenue": 42030
        },
        "2014-05": {
            "month": "2014-05",
            "price": "14.14",
            "revenue": 53888
        },
        "2014-06": {
            "month": "2014-06",
            "price": "14.23",
            "revenue": 35616
        },
        "2014-07": {
            "month": "2014-07",
            "price": "14.62",
            "revenue": 50164
        },
        "2014-08": {
            "month": "2014-08",
            "price": "14.15",
            "revenue": 34692
        },
        "2014-09": {
            "month": "2014-09",
            "price": "14.10",
            "revenue": 36484
        },
        "2014-10": {
            "month": "2014-10",
            "price": "14.62",
            "revenue": 44534
        },
        "2014-11": {
            "month": "2014-11",
            "price": "15.30",
            "revenue": 42637
        },
        "2014-12": {
            "month": "2014-12",
            "price": "16.02",
            "revenue": 45423
        },
        "2015-01": {
            "month": "2015-01",
            "price": "15.70",
            "revenue": 46155
        },
        "2015-02": {
            "month": "2015-02",
            "price": "15.49",
            "revenue": 29049
        },
        "2015-03": {
            "month": "2015-03",
            "price": "15.81",
            "revenue": 44767
        },
        "2015-04": {
            "month": "2015-04",
            "price": "16.21",
            "revenue": 44069
        },
        "2015-05": {
            "month": "2015-05",
            "price": "16.27",
            "revenue": 43234
        },
        "2015-06": {
            "month": "2015-06",
            "price": "16.09",
            "revenue": 43983
        },
        "2015-07": {
            "month": "2015-07",
            "price": "16.18",
            "revenue": 37842
        },
        "2015-08": {
            "month": "2015-08",
            "price": "14.83",
            "revenue": 36728
        },
        "2015-09": {
            "month": "2015-09",
            "price": "14.52",
            "revenue": 32272
        },
        "2015-10": {
            "month": "2015-10",
            "price": "14.39",
            "revenue": 39723
        },
        "2015-11": {
            "month": "2015-11",
            "price": "14.37",
            "revenue": 30547
        },
        "2015-12": {
            "month": "2015-12",
            "price": "13.34",
            "revenue": 20054
        },
        "2016-01": {
            "month": "2016-01",
            "price": "12.97",
            "revenue": 25989
        },
        "2016-03": {
            "month": "2016-03",
            "price": "13.05",
            "revenue": 37469
        },
        "2016-04": {
            "month": "2016-04",
            "price": "13.91",
            "revenue": 44503
        },
        "2016-05": {
            "month": "2016-05",
            "price": "14.32",
            "revenue": 38543
        },
        "2016-06": {
            "month": "2016-06",
            "price": "15.07",
            "revenue": 33966
        },
        "2016-07": {
            "month": "2016-07",
            "price": "15.45",
            "revenue": 39673
        },
        "2016-08": {
            "month": "2016-08",
            "price": "15.42",
            "revenue": 39724
        },
        "2016-09": {
            "month": "2016-09",
            "price": "15.22",
            "revenue": 32567
        },
        "2016-10": {
            "month": "2016-10",
            "price": "16.95",
            "revenue": 37715
        },
        "2016-11": {
            "month": "2016-11",
            "price": "18.16",
            "revenue": 44072
        },
        "2016-12": {
            "month": "2016-12",
            "price": "18.66",
            "revenue": 35858
        },
        "2017-01": {
            "month": "2017-01",
            "price": "19.72",
            "revenue": 40802
        },
        "2017-02": {
            "month": "2017-02",
            "price": "20.10",
            "revenue": 36814
        },
        "2017-03": {
            "month": "2017-03",
            "price": "20.16",
            "revenue": 49690
        },
        "2017-04": {
            "month": "2017-04",
            "price": "19.38",
            "revenue": 52931
        },
        "2017-05": {
            "month": "2017-05",
            "price": "19.93",
            "revenue": 50554
        },
        "2017-06": {
            "month": "2017-06",
            "price": "19.95",
            "revenue": 45591
        },
        "2017-07": {
            "month": "2017-07",
            "price": "19.91",
            "revenue": 57356
        },
        "2017-08": {
            "month": "2017-08",
            "price": "20.27",
            "revenue": 53546
        },
        "2017-09": {
            "month": "2017-09",
            "price": "19.22",
            "revenue": 50640
        },
        "2017-10": {
            "month": "2017-10",
            "price": "18.94",
            "revenue": 49332
        },
        "2017-11": {
            "month": "2017-11",
            "price": "19.44",
            "revenue": 56584
        },
        "2017-12": {
            "month": "2017-12",
            "price": "19.92",
            "revenue": 58314
        },
        "2018-01": {
            "month": "2018-01",
            "price": "20.26",
            "revenue": 59911
        },
        "2018-02": {
            "month": "2018-02",
            "price": "20.14",
            "revenue": 45402
        },
        "2018-03": {
            "month": "2018-03",
            "price": "20.25",
            "revenue": 56469
        },
        "2018-04": {
            "month": "2018-04",
            "price": "20.54",
            "revenue": 57950
        },
        "2018-05": {
            "month": "2018-05",
            "price": "20.36",
            "revenue": 62431
        },
        "2018-06": {
            "month": "2018-06",
            "price": "20.79",
            "revenue": 47645
        },
        "2018-07": {
            "month": "2018-07",
            "price": "22.18",
            "revenue": 68134
        },
        "2018-08": {
            "month": "2018-08",
            "price": "23.64",
            "revenue": 63156
        },
        "2018-09": {
            "month": "2018-09",
            "price": "23.99",
            "revenue": 58760
        },
        "2018-10": {
            "month": "2018-10",
            "price": "22.79",
            "revenue": 59951
        },
        "2018-11": {
            "month": "2018-11",
            "price": "20.65",
            "revenue": 53417
        },
        "2018-12": {
            "month": "2018-12",
            "price": "23.09",
            "revenue": 56322
        },
        "2019-01": {
            "month": "2019-01",
            "price": "21.84",
            "revenue": 44677
        },
        "2019-02": {
            "month": "2019-02",
            "price": "19.63",
            "revenue": 24717
        },
        "2019-03": {
            "month": "2019-03",
            "price": "19.43",
            "revenue": 41567
        },
        "2019-04": {
            "month": "2019-04",
            "price": "19.32",
            "revenue": 43780
        },
        "2019-05": {
            "month": "2019-05",
            "price": "19.28",
            "revenue": 41347
        },
        "2019-06": {
            "month": "2019-06",
            "price": "19.31",
            "revenue": 37068
        },
        "2019-07": {
            "month": "2019-07",
            "price": "18.38",
            "revenue": 46458
        },
        "2019-08": {
            "month": "2019-08",
            "price": "16.38",
            "revenue": 30641
        },
        "2019-09": {
            "month": "2019-09",
            "price": "16.50",
            "revenue": 28067
        },
        "2019-10": {
            "month": "2019-10",
            "price": "16.25",
            "revenue": 34309
        },
        "2019-11": {
            "month": "2019-11",
            "price": "17.09",
            "revenue": 33156
        },
        "2019-12": {
            "month": "2019-12",
            "price": "16.91",
            "revenue": 27564
        },
        "2020-01": {
            "month": "2020-01",
            "price": "16.84",
            "revenue": 19676
        },
        "2020-02": {
            "month": "2020-02",
            "price": "15.78",
            "revenue": 22630
        },
        "2020-03": {
            "month": "2020-03",
            "price": "14.58",
            "revenue": 28035
        },
        "2020-04": {
            "month": "2020-04",
            "price": "15.14",
            "revenue": 32597
        },
        "2020-05": {
            "month": "2020-05",
            "price": "15.08",
            "revenue": 23827
        },
        "2020-06": {
            "month": "2020-06",
            "price": "14.90",
            "revenue": 18501
        },
        "2020-07": {
            "month": "2020-07",
            "price": "15.11",
            "revenue": 19715
        },
        "2020-08": {
            "month": "2020-08",
            "price": "14.73",
            "revenue": 22099
        },
        "2020-09": {
            "month": "2020-09",
            "price": "15.36",
            "revenue": 22437
        },
        "2020-10": {
            "month": "2020-10",
            "price": "15.44",
            "revenue": 35126
        },
        "2020-11": {
            "month": "2020-11",
            "price": "15.41",
            "revenue": 26580
        },
        "2020-12": {
            "month": "2020-12",
            "price": "16.08",
            "revenue": 31712
        },
        "2021-01": {
            "month": "2021-01",
            "price": "17.11",
            "revenue": 36024
        },
        "2021-02": {
            "month": "2021-02",
            "price": "17.72",
            "revenue": 30738
        },
        "2021-03": {
            "month": "2021-03",
            "price": "19.15",
            "revenue": 35823
        },
        "2021-04": {
            "month": "2021-04",
            "price": "20.24",
            "revenue": 33456
        },
        "2021-05": {
            "month": "2021-05",
            "price": "20.02",
            "revenue": 41763
        },
        "2021-06": {
            "month": "2021-06",
            "price": "19.90",
            "revenue": 37568
        },
        "2021-07": {
            "month": "2021-07",
            "price": "19.82",
            "revenue": 35210
        },
        "2021-08": {
            "month": "2021-08",
            "price": "19.46",
            "revenue": 37010
        },
        "2021-09": {
            "month": "2021-09",
            "price": "19.41",
            "revenue": 39169
        },
        "2021-10": {
            "month": "2021-10",
            "price": "19.67",
            "revenue": 47204
        },
        "2021-11": {
            "month": "2021-11",
            "price": "20.14",
            "revenue": 50207
        },
        "2021-12": {
            "month": "2021-12",
            "price": "20.55",
            "revenue": 38420
        },
        "2022-01": {
            "month": "2022-01",
            "price": "21.68",
            "revenue": 50466
        },
        "2022-02": {
            "month": "2022-02",
            "price": "22.00",
            "revenue": 33909
        },
        "2022-03": {
            "month": "2022-03",
            "price": "20.92",
            "revenue": 55978
        },
        "2022-04": {
            "month": "2022-04",
            "price": "20.53",
            "revenue": 56220
        },
        "2022-05": {
            "month": "2022-05",
            "price": "20.03",
            "revenue": 40943
        },
        "2022-06": {
            "month": "2022-06",
            "price": "19.75",
            "revenue": 47107
        },
        "2022-07": {
            "month": "2022-07",
            "price": "17.13",
            "revenue": 61177
        },
        "2022-08": {
            "month": "2022-08",
            "price": "19.49",
            "revenue": 52320
        },
        "2022-09": {
            "month": "2022-09",
            "price": "19.60",
            "revenue": 62034
        },
        "2022-10": {
            "month": "2022-10",
            "price": "19.30",
            "revenue": 55679
        },
        "2022-11": {
            "month": "2022-11",
            "price": "19.75",
            "revenue": 49450
        },
        "2022-12": {
            "month": "2022-12",
            "price": "18.96",
            "revenue": 42348
        },
        "2023-01": {
            "month": "2023-01",
            "price": "18.42",
            "revenue": 43380
        },
        "2023-02": {
            "month": "2023-02",
            "price": "19.36",
            "revenue": 47587
        },
        "2023-03": {
            "month": "2023-03",
            "price": "20.83",
            "revenue": 54632
        },
        "2023-04": {
            "month": "2023-04",
            "price": "20.88",
            "revenue": 30703
        },
        "2023-05": {
            "month": "2023-05",
            "price": "20.68",
            "revenue": 41521
        },
        "2023-06": {
            "month": "2023-06",
            "price": "23.88",
            "revenue": 35961
        },
        "2023-07": {
            "month": "2023-07",
            "price": "23.57",
            "revenue": 34378
        },
        "2023-08": {
            "month": "2023-08",
            "price": "20.94",
            "revenue": 29363
        },
        "2023-09": {
            "month": "2023-09",
            "price": "19.28",
            "revenue": 32240
        },
        "2023-10": {
            "month": "2023-10",
            "price": "18.80",
            "revenue": 26020
        },
        "2023-11": {
            "month": "2023-11",
            "price": "18.17",
            "revenue": 29993
        },
        "2023-12": {
            "month": "2023-12",
            "price": "18.75",
            "revenue": 28899
        }
    }
}
