{
    "summary": {
        "stock_name": "全球傳動",
        "stock_id": "4540",
        "category": "電機機械",
        "main_business": "滾珠螺桿、線性滑軌及滾珠花鍵等產品之製造及銷售",
        "website_url": "http://www.tbimotion.com.tw",
        "ceo": "李進勝",
        "pe_ratio": 52,
        "report_year_from": 2011,
        "report_year_to": 2023,
        "age": 13,
        "eps_negative_percentage": 17,
        "eps_growth_avg": {
            "last_all": -16.73,
            "last_2y": 11.02,
            "last_4y": -16.73,
            "last_8y": null,
            "last_12y": null,
            "last_16y": null,
            "last_20y": null,
            "at_2006_last_3y": null,
            "at_2007_last_3y": null,
            "at_2008_last_3y": null,
            "at_2009_last_3y": null,
            "at_2010_last_3y": null,
            "at_2011_last_3y": null,
            "at_2012_last_3y": null,
            "at_2013_last_3y": null,
            "at_2014_last_3y": null,
            "at_2015_last_3y": null,
            "at_2016_last_3y": null,
            "at_2017_last_3y": null,
            "at_2018_last_3y": null,
            "at_2019_last_3y": null,
            "at_2020_last_3y": null,
            "at_2021_last_3y": null,
            "at_2022_last_3y": 6.48,
            "at_2023_last_3y": 11.02,
            "at_2024_last_3y": 11.02,
            "at_2006_last_all": null,
            "at_2007_last_all": null,
            "at_2008_last_all": null,
            "at_2009_last_all": null,
            "at_2010_last_all": null,
            "at_2011_last_all": null,
            "at_2012_last_all": null,
            "at_2013_last_all": null,
            "at_2014_last_all": null,
            "at_2015_last_all": null,
            "at_2016_last_all": null,
            "at_2017_last_all": null,
            "at_2018_last_all": null,
            "at_2019_last_all": null,
            "at_2020_last_all": -100,
            "at_2021_last_all": 0,
            "at_2022_last_all": 6.48,
            "at_2023_last_all": -16.73,
            "at_2024_last_all": -16.73
        },
        "latest_eps": 0.65,
        "latest_price": 33.7,
        "latest_roe": 1.83,
        "latest_gross_margin": 19.71,
        "latest_equity": 3403539,
        "latest_revenue": 630000,
        "latest_gross_profit": 124145,
        "latest_net_income": 28067,
        "latest_debt_ratio": 58.31,
        "latest_current_ratio": 270.42,
        "latest_account_receivable_turnover_ratio": 0.64,
        "latest_inventory_turnover_ratio": 0.19,
        "latest_reinvestment_rate": 145.31,
        "latest_research_to_sale_ratio": 3.43
    },
    "eps_dividends": {
        "2001": {
            "cash": 0,
            "stock": 0,
            "eps": 0
        },
        "2002": {
            "cash": 0,
            "stock": 0,
            "eps": 0
        },
        "2003": {
            "cash": 0,
            "stock": 0,
            "eps": 0
        },
        "2004": {
            "cash": 0,
            "stock": 0,
            "eps": 0
        },
        "2005": {
            "cash": 0,
            "stock": 0,
            "eps": 0
        },
        "2006": {
            "cash": 0,
            "stock": 0,
            "eps": 0
        },
        "2007": {
            "cash": 0,
            "stock": 0,
            "eps": 0
        },
        "2008": {
            "cash": 0,
            "stock": 0,
            "eps": 0
        },
        "2009": {
            "cash": 0,
            "stock": 0,
            "eps": 0
        },
        "2010": {
            "cash": 0,
            "stock": 0,
            "eps": 0
        },
        "2011": {
            "cash": 0,
            "stock": 0,
            "eps": 0
        },
        "2012": {
            "cash": 0,
            "stock": 0,
            "eps": 0
        },
        "2013": {
            "cash": 0,
            "stock": 0,
            "eps": 0
        },
        "2014": {
            "cash": 0,
            "stock": 0,
            "eps": 0
        },
        "2015": {
            "cash": 0.5,
            "stock": 0,
            "eps": 0
        },
        "2016": {
            "cash": 0,
            "stock": 0,
            "eps": 0
        },
        "2017": {
            "cash": 0.3,
            "stock": 0,
            "eps": 0
        },
        "2018": {
            "cash": 1.2,
            "stock": 0,
            "eps": 7.02
        },
        "2019": {
            "cash": 3.6,
            "stock": 0,
            "eps": -0.64
        },
        "2020": {
            "cash": 0,
            "stock": 0,
            "eps": 0.96
        },
        "2021": {
            "cash": 0.8,
            "stock": 0,
            "eps": 2.52
        },
        "2022": {
            "cash": 1.3,
            "stock": 0,
            "eps": 3.01
        },
        "2023": {
            "cash": 1.5,
            "stock": 0,
            "eps": 0.41
        }
    },
    "dividends": {
        "2015-09-21": {
            "cash": 0.5,
            "stock": 0
        },
        "2017-08-09": {
            "cash": 0.3,
            "stock": 0
        },
        "2018-08-06": {
            "cash": 1.2,
            "stock": 0
        },
        "2019-08-16": {
            "cash": 3.6,
            "stock": 0
        },
        "2021-09-16": {
            "cash": 0.8,
            "stock": 0
        },
        "2022-10-27": {
            "cash": 1.3,
            "stock": 0
        },
        "2023-09-28": {
            "cash": 1.5,
            "stock": 0
        }
    },
    "prices": {
        "200101": "無",
        "200102": "無",
        "200103": "無",
        "200104": "無",
        "200105": "無",
        "200106": "無",
        "200107": "無",
        "200108": "無",
        "200109": "無",
        "200110": "無",
        "200111": "無",
        "200112": "無",
        "200201": "無",
        "200202": "無",
        "200203": "無",
        "200204": "無",
        "200205": "無",
        "200206": "無",
        "200207": "無",
        "200208": "無",
        "200209": "無",
        "200210": "無",
        "200211": "無",
        "200212": "無",
        "200301": "無",
        "200302": "無",
        "200303": "無",
        "200304": "無",
        "200305": "無",
        "200306": "無",
        "200307": "無",
        "200308": "無",
        "200309": "無",
        "200310": "無",
        "200311": "無",
        "200312": "無",
        "200401": "無",
        "200402": "無",
        "200403": "無",
        "200404": "無",
        "200405": "無",
        "200406": "無",
        "200407": "無",
        "200408": "無",
        "200409": "無",
        "200410": "無",
        "200411": "無",
        "200412": "無",
        "200501": "無",
        "200502": "無",
        "200503": "無",
        "200504": "無",
        "200505": "無",
        "200506": "無",
        "200507": "無",
        "200508": "無",
        "200509": "無",
        "200510": "無",
        "200511": "無",
        "200512": "無",
        "200601": "無",
        "200602": "無",
        "200603": "無",
        "200604": "無",
        "200605": "無",
        "200606": "無",
        "200607": "無",
        "200608": "無",
        "200609": "無",
        "200610": "無",
        "200611": "無",
        "200612": "無",
        "200701": "無",
        "200702": "無",
        "200703": "無",
        "200704": "無",
        "200705": "無",
        "200706": "無",
        "200707": "無",
        "200708": "無",
        "200709": "無",
        "200710": "無",
        "200711": "無",
        "200712": "無",
        "200801": "無",
        "200802": "無",
        "200803": "無",
        "200804": "無",
        "200805": "無",
        "200806": "無",
        "200807": "無",
        "200808": "無",
        "200809": "無",
        "200810": "無",
        "200811": "無",
        "200812": "無",
        "200901": "無",
        "200902": "無",
        "200903": "無",
        "200904": "無",
        "200905": "無",
        "200906": "無",
        "200907": "無",
        "200908": "無",
        "200909": "無",
        "200910": "無",
        "200911": "無",
        "200912": "無",
        "201001": "無",
        "201002": "無",
        "201003": "無",
        "201004": "無",
        "201005": "無",
        "201006": "無",
        "201007": "無",
        "201008": "無",
        "201009": "無",
        "201010": "無",
        "201011": "無",
        "201012": "無",
        "201101": "無",
        "201102": "無",
        "201103": "無",
        "201104": "無",
        "201105": "無",
        "201106": "無",
        "201107": "無",
        "201108": "無",
        "201109": "無",
        "201110": "無",
        "201111": "無",
        "201112": "無",
        "201201": "無",
        "201202": "無",
        "201203": "無",
        "201204": "無",
        "201205": "無",
        "201206": "無",
        "201207": "無",
        "201208": "無",
        "201209": "無",
        "201210": "無",
        "201211": "無",
        "201212": "無",
        "201301": "無",
        "201302": "無",
        "201303": "無",
        "201304": "無",
        "201305": "無",
        "201306": "無",
        "201307": "無",
        "201308": "無",
        "201309": "無",
        "201310": "無",
        "201311": "無",
        "201312": "無",
        "201401": "無",
        "201402": "無",
        "201403": "無",
        "201404": "無",
        "201405": "無",
        "201406": "無",
        "201407": "無",
        "201408": "無",
        "201409": "無",
        "201410": "無",
        "201411": "38.64",
        "201412": "38.38",
        "201501": "38.31",
        "201502": "38.27",
        "201503": "37.60",
        "201504": "37.07",
        "201505": "36.45",
        "201506": "34.22",
        "201507": "30.03",
        "201508": "27.34",
        "201509": "24.98",
        "201510": "25.76",
        "201511": "25.42",
        "201512": "27.08",
        "201601": "25.71",
        "201602": "24.28",
        "201603": "23.39",
        "201604": "22.60",
        "201605": "22.37",
        "201606": "22.72",
        "201607": "21.36",
        "201608": "18.19",
        "201609": "20.53",
        "201610": "19.29",
        "201611": "18.07",
        "201612": "17.40",
        "201701": "24.17",
        "201702": "26.17",
        "201703": "27.31",
        "201704": "27.09",
        "201705": "27.92",
        "201706": "31.30",
        "201707": "31.38",
        "201708": "33.18",
        "201709": "40.35",
        "201710": "46.78",
        "201711": "49.43",
        "201712": "46.32",
        "201801": "59.84",
        "201802": "79.98",
        "201803": "96.67",
        "201804": "139.73",
        "201805": "146.01",
        "201806": "134.00",
        "201807": "125.51",
        "201808": "119.11",
        "201809": "93.73",
        "201810": "66.30",
        "201811": "67.08",
        "201812": "65.28",
        "201901": "63.29",
        "201902": "68.75",
        "201903": "69.78",
        "201904": "81.18",
        "201905": "67.23",
        "201906": "63.38",
        "201907": "72.24",
        "201908": "60.79",
        "201909": "61.80",
        "201910": "60.95",
        "201911": "52.20",
        "201912": "49.41",
        "202001": "50.65",
        "202002": "47.42",
        "202003": "43.41",
        "202004": "48.41",
        "202005": "53.28",
        "202006": "56.13",
        "202007": "51.36",
        "202008": "48.86",
        "202009": "47.44",
        "202010": "45.02",
        "202011": "45.71",
        "202012": "54.19",
        "202101": "58.23",
        "202102": "57.86",
        "202103": "59.87",
        "202104": "63.33",
        "202105": "51.16",
        "202106": "52.71",
        "202107": "54.30",
        "202108": "50.92",
        "202109": "48.64",
        "202110": "47.24",
        "202111": "48.68",
        "202112": "48.25",
        "202201": "47.70",
        "202202": "47.59",
        "202203": "46.30",
        "202204": "43.91",
        "202205": "41.74",
        "202206": "45.21",
        "202207": "42.84",
        "202208": "45.39",
        "202209": "42.75",
        "202210": "34.06",
        "202211": "35.32",
        "202212": "37.18",
        "202301": "37.20",
        "202302": "40.31",
        "202303": "41.58",
        "202304": "42.25",
        "202305": "41.41",
        "202306": "40.35",
        "202307": "38.93",
        "202308": "34.48",
        "202309": "32.56",
        "202310": "31.27",
        "202311": "31.50",
        "202312": "32.65"
    },
    "quarters": {
        "20011": {
            "year_quarter": 20011,
            "year": 2001,
            "quarter": 1,
            "eps": null,
            "eps_growth_year": null,
            "eps_4q": null,
            "eps_4q_growth_year": null,
            "roe": null,
            "roe_4q": 0,
            "gross_profit": null,
            "gross_margin": null,
            "gross_margin_4q_avg": 0,
            "net_income": null,
            "net_income_4q": null,
            "revenue": null,
            "revenue_4q": null,
            "common_shares": null,
            "book_valuer_per_share": null,
            "book_valuer_per_share_4q_avg": 0,
            "equity": null,
            "current_ratio": null,
            "debt_ratio": null,
            "inventory_turnover_ratio": null,
            "account_receivable_turnover_ratio": null,
            "reinvestment_rate": null,
            "research_to_sale_ratio": null,
            "price_fair": 0,
            "eps_avg_yearly": 0,
            "eps_latest_yearly": 0,
            "eps_growth_yearly": 0
        },
        "20012": {
            "year_quarter": 20012,
            "year": 2001,
            "quarter": 2,
            "eps": null,
            "eps_growth_year": null,
            "eps_4q": null,
            "eps_4q_growth_year": null,
            "roe": null,
            "roe_4q": 0,
            "gross_profit": null,
            "gross_margin": null,
            "gross_margin_4q_avg": 0,
            "net_income": null,
            "net_income_4q": null,
            "revenue": null,
            "revenue_4q": null,
            "common_shares": null,
            "book_valuer_per_share": null,
            "book_valuer_per_share_4q_avg": 0,
            "equity": null,
            "current_ratio": null,
            "debt_ratio": null,
            "inventory_turnover_ratio": null,
            "account_receivable_turnover_ratio": null,
            "reinvestment_rate": null,
            "research_to_sale_ratio": null,
            "price_fair": 0,
            "eps_avg_yearly": 0,
            "eps_latest_yearly": 0,
            "eps_growth_yearly": 0
        },
        "20013": {
            "year_quarter": 20013,
            "year": 2001,
            "quarter": 3,
            "eps": null,
            "eps_growth_year": null,
            "eps_4q": null,
            "eps_4q_growth_year": null,
            "roe": null,
            "roe_4q": 0,
            "gross_profit": null,
            "gross_margin": null,
            "gross_margin_4q_avg": 0,
            "net_income": null,
            "net_income_4q": null,
            "revenue": null,
            "revenue_4q": null,
            "common_shares": null,
            "book_valuer_per_share": null,
            "book_valuer_per_share_4q_avg": 0,
            "equity": null,
            "current_ratio": null,
            "debt_ratio": null,
            "inventory_turnover_ratio": null,
            "account_receivable_turnover_ratio": null,
            "reinvestment_rate": null,
            "research_to_sale_ratio": null,
            "price_fair": 0,
            "eps_avg_yearly": 0,
            "eps_latest_yearly": 0,
            "eps_growth_yearly": 0
        },
        "20014": {
            "year_quarter": 20014,
            "year": 2001,
            "quarter": 4,
            "eps": null,
            "eps_growth_year": null,
            "eps_4q": null,
            "eps_4q_growth_year": null,
            "roe": null,
            "roe_4q": 0,
            "gross_profit": null,
            "gross_margin": null,
            "gross_margin_4q_avg": 0,
            "net_income": null,
            "net_income_4q": null,
            "revenue": null,
            "revenue_4q": null,
            "common_shares": null,
            "book_valuer_per_share": null,
            "book_valuer_per_share_4q_avg": 0,
            "equity": null,
            "current_ratio": null,
            "debt_ratio": null,
            "inventory_turnover_ratio": null,
            "account_receivable_turnover_ratio": null,
            "reinvestment_rate": null,
            "research_to_sale_ratio": null,
            "price_fair": 0,
            "eps_avg_yearly": 0,
            "eps_latest_yearly": 0,
            "eps_growth_yearly": 0
        },
        "20021": {
            "year_quarter": 20021,
            "year": 2002,
            "quarter": 1,
            "eps": null,
            "eps_growth_year": null,
            "eps_4q": null,
            "eps_4q_growth_year": null,
            "roe": null,
            "roe_4q": 0,
            "gross_profit": null,
            "gross_margin": null,
            "gross_margin_4q_avg": 0,
            "net_income": null,
            "net_income_4q": null,
            "revenue": null,
            "revenue_4q": null,
            "common_shares": null,
            "book_valuer_per_share": null,
            "book_valuer_per_share_4q_avg": 0,
            "equity": null,
            "current_ratio": null,
            "debt_ratio": null,
            "inventory_turnover_ratio": null,
            "account_receivable_turnover_ratio": null,
            "reinvestment_rate": null,
            "research_to_sale_ratio": null,
            "price_fair": 0,
            "eps_avg_yearly": 0,
            "eps_latest_yearly": 0,
            "eps_growth_yearly": 0
        },
        "20022": {
            "year_quarter": 20022,
            "year": 2002,
            "quarter": 2,
            "eps": null,
            "eps_growth_year": null,
            "eps_4q": null,
            "eps_4q_growth_year": null,
            "roe": null,
            "roe_4q": 0,
            "gross_profit": null,
            "gross_margin": null,
            "gross_margin_4q_avg": 0,
            "net_income": null,
            "net_income_4q": null,
            "revenue": null,
            "revenue_4q": null,
            "common_shares": null,
            "book_valuer_per_share": null,
            "book_valuer_per_share_4q_avg": 0,
            "equity": null,
            "current_ratio": null,
            "debt_ratio": null,
            "inventory_turnover_ratio": null,
            "account_receivable_turnover_ratio": null,
            "reinvestment_rate": null,
            "research_to_sale_ratio": null,
            "price_fair": 0,
            "eps_avg_yearly": 0,
            "eps_latest_yearly": 0,
            "eps_growth_yearly": 0
        },
        "20023": {
            "year_quarter": 20023,
            "year": 2002,
            "quarter": 3,
            "eps": null,
            "eps_growth_year": null,
            "eps_4q": null,
            "eps_4q_growth_year": null,
            "roe": null,
            "roe_4q": 0,
            "gross_profit": null,
            "gross_margin": null,
            "gross_margin_4q_avg": 0,
            "net_income": null,
            "net_income_4q": null,
            "revenue": null,
            "revenue_4q": null,
            "common_shares": null,
            "book_valuer_per_share": null,
            "book_valuer_per_share_4q_avg": 0,
            "equity": null,
            "current_ratio": null,
            "debt_ratio": null,
            "inventory_turnover_ratio": null,
            "account_receivable_turnover_ratio": null,
            "reinvestment_rate": null,
            "research_to_sale_ratio": null,
            "price_fair": 0,
            "eps_avg_yearly": 0,
            "eps_latest_yearly": 0,
            "eps_growth_yearly": 0
        },
        "20024": {
            "year_quarter": 20024,
            "year": 2002,
            "quarter": 4,
            "eps": null,
            "eps_growth_year": null,
            "eps_4q": null,
            "eps_4q_growth_year": null,
            "roe": null,
            "roe_4q": 0,
            "gross_profit": null,
            "gross_margin": null,
            "gross_margin_4q_avg": 0,
            "net_income": null,
            "net_income_4q": null,
            "revenue": null,
            "revenue_4q": null,
            "common_shares": null,
            "book_valuer_per_share": null,
            "book_valuer_per_share_4q_avg": 0,
            "equity": null,
            "current_ratio": null,
            "debt_ratio": null,
            "inventory_turnover_ratio": null,
            "account_receivable_turnover_ratio": null,
            "reinvestment_rate": null,
            "research_to_sale_ratio": null,
            "price_fair": 0,
            "eps_avg_yearly": 0,
            "eps_latest_yearly": 0,
            "eps_growth_yearly": 0
        },
        "20031": {
            "year_quarter": 20031,
            "year": 2003,
            "quarter": 1,
            "eps": null,
            "eps_growth_year": null,
            "eps_4q": null,
            "eps_4q_growth_year": null,
            "roe": null,
            "roe_4q": 0,
            "gross_profit": null,
            "gross_margin": null,
            "gross_margin_4q_avg": 0,
            "net_income": null,
            "net_income_4q": null,
            "revenue": null,
            "revenue_4q": null,
            "common_shares": null,
            "book_valuer_per_share": null,
            "book_valuer_per_share_4q_avg": 0,
            "equity": null,
            "current_ratio": null,
            "debt_ratio": null,
            "inventory_turnover_ratio": null,
            "account_receivable_turnover_ratio": null,
            "reinvestment_rate": null,
            "research_to_sale_ratio": null,
            "price_fair": 0,
            "eps_avg_yearly": 0,
            "eps_latest_yearly": 0,
            "eps_growth_yearly": 0
        },
        "20032": {
            "year_quarter": 20032,
            "year": 2003,
            "quarter": 2,
            "eps": null,
            "eps_growth_year": null,
            "eps_4q": null,
            "eps_4q_growth_year": null,
            "roe": null,
            "roe_4q": 0,
            "gross_profit": null,
            "gross_margin": null,
            "gross_margin_4q_avg": 0,
            "net_income": null,
            "net_income_4q": null,
            "revenue": null,
            "revenue_4q": null,
            "common_shares": null,
            "book_valuer_per_share": null,
            "book_valuer_per_share_4q_avg": 0,
            "equity": null,
            "current_ratio": null,
            "debt_ratio": null,
            "inventory_turnover_ratio": null,
            "account_receivable_turnover_ratio": null,
            "reinvestment_rate": null,
            "research_to_sale_ratio": null,
            "price_fair": 0,
            "eps_avg_yearly": 0,
            "eps_latest_yearly": 0,
            "eps_growth_yearly": 0
        },
        "20033": {
            "year_quarter": 20033,
            "year": 2003,
            "quarter": 3,
            "eps": null,
            "eps_growth_year": null,
            "eps_4q": null,
            "eps_4q_growth_year": null,
            "roe": null,
            "roe_4q": 0,
            "gross_profit": null,
            "gross_margin": null,
            "gross_margin_4q_avg": 0,
            "net_income": null,
            "net_income_4q": null,
            "revenue": null,
            "revenue_4q": null,
            "common_shares": null,
            "book_valuer_per_share": null,
            "book_valuer_per_share_4q_avg": 0,
            "equity": null,
            "current_ratio": null,
            "debt_ratio": null,
            "inventory_turnover_ratio": null,
            "account_receivable_turnover_ratio": null,
            "reinvestment_rate": null,
            "research_to_sale_ratio": null,
            "price_fair": 0,
            "eps_avg_yearly": 0,
            "eps_latest_yearly": 0,
            "eps_growth_yearly": 0
        },
        "20034": {
            "year_quarter": 20034,
            "year": 2003,
            "quarter": 4,
            "eps": null,
            "eps_growth_year": null,
            "eps_4q": null,
            "eps_4q_growth_year": null,
            "roe": null,
            "roe_4q": 0,
            "gross_profit": null,
            "gross_margin": null,
            "gross_margin_4q_avg": 0,
            "net_income": null,
            "net_income_4q": null,
            "revenue": null,
            "revenue_4q": null,
            "common_shares": null,
            "book_valuer_per_share": null,
            "book_valuer_per_share_4q_avg": 0,
            "equity": null,
            "current_ratio": null,
            "debt_ratio": null,
            "inventory_turnover_ratio": null,
            "account_receivable_turnover_ratio": null,
            "reinvestment_rate": null,
            "research_to_sale_ratio": null,
            "price_fair": 0,
            "eps_avg_yearly": 0,
            "eps_latest_yearly": 0,
            "eps_growth_yearly": 0
        },
        "20041": {
            "year_quarter": 20041,
            "year": 2004,
            "quarter": 1,
            "eps": null,
            "eps_growth_year": null,
            "eps_4q": null,
            "eps_4q_growth_year": null,
            "roe": null,
            "roe_4q": 0,
            "gross_profit": null,
            "gross_margin": null,
            "gross_margin_4q_avg": 0,
            "net_income": null,
            "net_income_4q": null,
            "revenue": null,
            "revenue_4q": null,
            "common_shares": null,
            "book_valuer_per_share": null,
            "book_valuer_per_share_4q_avg": 0,
            "equity": null,
            "current_ratio": null,
            "debt_ratio": null,
            "inventory_turnover_ratio": null,
            "account_receivable_turnover_ratio": null,
            "reinvestment_rate": null,
            "research_to_sale_ratio": null,
            "price_fair": 0,
            "eps_avg_yearly": 0,
            "eps_latest_yearly": 0,
            "eps_growth_yearly": 0
        },
        "20042": {
            "year_quarter": 20042,
            "year": 2004,
            "quarter": 2,
            "eps": null,
            "eps_growth_year": null,
            "eps_4q": null,
            "eps_4q_growth_year": null,
            "roe": null,
            "roe_4q": 0,
            "gross_profit": null,
            "gross_margin": null,
            "gross_margin_4q_avg": 0,
            "net_income": null,
            "net_income_4q": null,
            "revenue": null,
            "revenue_4q": null,
            "common_shares": null,
            "book_valuer_per_share": null,
            "book_valuer_per_share_4q_avg": 0,
            "equity": null,
            "current_ratio": null,
            "debt_ratio": null,
            "inventory_turnover_ratio": null,
            "account_receivable_turnover_ratio": null,
            "reinvestment_rate": null,
            "research_to_sale_ratio": null,
            "price_fair": 0,
            "eps_avg_yearly": 0,
            "eps_latest_yearly": 0,
            "eps_growth_yearly": 0
        },
        "20043": {
            "year_quarter": 20043,
            "year": 2004,
            "quarter": 3,
            "eps": null,
            "eps_growth_year": null,
            "eps_4q": null,
            "eps_4q_growth_year": null,
            "roe": null,
            "roe_4q": 0,
            "gross_profit": null,
            "gross_margin": null,
            "gross_margin_4q_avg": 0,
            "net_income": null,
            "net_income_4q": null,
            "revenue": null,
            "revenue_4q": null,
            "common_shares": null,
            "book_valuer_per_share": null,
            "book_valuer_per_share_4q_avg": 0,
            "equity": null,
            "current_ratio": null,
            "debt_ratio": null,
            "inventory_turnover_ratio": null,
            "account_receivable_turnover_ratio": null,
            "reinvestment_rate": null,
            "research_to_sale_ratio": null,
            "price_fair": 0,
            "eps_avg_yearly": 0,
            "eps_latest_yearly": 0,
            "eps_growth_yearly": 0
        },
        "20044": {
            "year_quarter": 20044,
            "year": 2004,
            "quarter": 4,
            "eps": null,
            "eps_growth_year": null,
            "eps_4q": null,
            "eps_4q_growth_year": null,
            "roe": null,
            "roe_4q": 0,
            "gross_profit": null,
            "gross_margin": null,
            "gross_margin_4q_avg": 0,
            "net_income": null,
            "net_income_4q": null,
            "revenue": null,
            "revenue_4q": null,
            "common_shares": null,
            "book_valuer_per_share": null,
            "book_valuer_per_share_4q_avg": 0,
            "equity": null,
            "current_ratio": null,
            "debt_ratio": null,
            "inventory_turnover_ratio": null,
            "account_receivable_turnover_ratio": null,
            "reinvestment_rate": null,
            "research_to_sale_ratio": null,
            "price_fair": 0,
            "eps_avg_yearly": 0,
            "eps_latest_yearly": 0,
            "eps_growth_yearly": 0
        },
        "20051": {
            "year_quarter": 20051,
            "year": 2005,
            "quarter": 1,
            "eps": null,
            "eps_growth_year": null,
            "eps_4q": null,
            "eps_4q_growth_year": null,
            "roe": null,
            "roe_4q": 0,
            "gross_profit": null,
            "gross_margin": null,
            "gross_margin_4q_avg": 0,
            "net_income": null,
            "net_income_4q": null,
            "revenue": null,
            "revenue_4q": null,
            "common_shares": null,
            "book_valuer_per_share": null,
            "book_valuer_per_share_4q_avg": 0,
            "equity": null,
            "current_ratio": null,
            "debt_ratio": null,
            "inventory_turnover_ratio": null,
            "account_receivable_turnover_ratio": null,
            "reinvestment_rate": null,
            "research_to_sale_ratio": null,
            "price_fair": 0,
            "eps_avg_yearly": 0,
            "eps_latest_yearly": 0,
            "eps_growth_yearly": 0
        },
        "20052": {
            "year_quarter": 20052,
            "year": 2005,
            "quarter": 2,
            "eps": null,
            "eps_growth_year": null,
            "eps_4q": null,
            "eps_4q_growth_year": null,
            "roe": null,
            "roe_4q": 0,
            "gross_profit": null,
            "gross_margin": null,
            "gross_margin_4q_avg": 0,
            "net_income": null,
            "net_income_4q": null,
            "revenue": null,
            "revenue_4q": null,
            "common_shares": null,
            "book_valuer_per_share": null,
            "book_valuer_per_share_4q_avg": 0,
            "equity": null,
            "current_ratio": null,
            "debt_ratio": null,
            "inventory_turnover_ratio": null,
            "account_receivable_turnover_ratio": null,
            "reinvestment_rate": null,
            "research_to_sale_ratio": null,
            "price_fair": 0,
            "eps_avg_yearly": 0,
            "eps_latest_yearly": 0,
            "eps_growth_yearly": 0
        },
        "20053": {
            "year_quarter": 20053,
            "year": 2005,
            "quarter": 3,
            "eps": null,
            "eps_growth_year": null,
            "eps_4q": null,
            "eps_4q_growth_year": null,
            "roe": null,
            "roe_4q": 0,
            "gross_profit": null,
            "gross_margin": null,
            "gross_margin_4q_avg": 0,
            "net_income": null,
            "net_income_4q": null,
            "revenue": null,
            "revenue_4q": null,
            "common_shares": null,
            "book_valuer_per_share": null,
            "book_valuer_per_share_4q_avg": 0,
            "equity": null,
            "current_ratio": null,
            "debt_ratio": null,
            "inventory_turnover_ratio": null,
            "account_receivable_turnover_ratio": null,
            "reinvestment_rate": null,
            "research_to_sale_ratio": null,
            "price_fair": 0,
            "eps_avg_yearly": 0,
            "eps_latest_yearly": 0,
            "eps_growth_yearly": 0
        },
        "20054": {
            "year_quarter": 20054,
            "year": 2005,
            "quarter": 4,
            "eps": null,
            "eps_growth_year": null,
            "eps_4q": null,
            "eps_4q_growth_year": null,
            "roe": null,
            "roe_4q": 0,
            "gross_profit": null,
            "gross_margin": null,
            "gross_margin_4q_avg": 0,
            "net_income": null,
            "net_income_4q": null,
            "revenue": null,
            "revenue_4q": null,
            "common_shares": null,
            "book_valuer_per_share": null,
            "book_valuer_per_share_4q_avg": 0,
            "equity": null,
            "current_ratio": null,
            "debt_ratio": null,
            "inventory_turnover_ratio": null,
            "account_receivable_turnover_ratio": null,
            "reinvestment_rate": null,
            "research_to_sale_ratio": null,
            "price_fair": 0,
            "eps_avg_yearly": 0,
            "eps_latest_yearly": 0,
            "eps_growth_yearly": 0
        },
        "20061": {
            "year_quarter": 20061,
            "year": 2006,
            "quarter": 1,
            "eps": null,
            "eps_growth_year": null,
            "eps_4q": null,
            "eps_4q_growth_year": null,
            "roe": null,
            "roe_4q": 0,
            "gross_profit": null,
            "gross_margin": null,
            "gross_margin_4q_avg": 0,
            "net_income": null,
            "net_income_4q": null,
            "revenue": null,
            "revenue_4q": null,
            "common_shares": null,
            "book_valuer_per_share": null,
            "book_valuer_per_share_4q_avg": 0,
            "equity": null,
            "current_ratio": null,
            "debt_ratio": null,
            "inventory_turnover_ratio": null,
            "account_receivable_turnover_ratio": null,
            "reinvestment_rate": null,
            "research_to_sale_ratio": null,
            "price_fair": 0,
            "eps_avg_yearly": 0,
            "eps_latest_yearly": 0,
            "eps_growth_yearly": 0
        },
        "20062": {
            "year_quarter": 20062,
            "year": 2006,
            "quarter": 2,
            "eps": null,
            "eps_growth_year": null,
            "eps_4q": null,
            "eps_4q_growth_year": null,
            "roe": null,
            "roe_4q": 0,
            "gross_profit": null,
            "gross_margin": null,
            "gross_margin_4q_avg": 0,
            "net_income": null,
            "net_income_4q": null,
            "revenue": null,
            "revenue_4q": null,
            "common_shares": null,
            "book_valuer_per_share": null,
            "book_valuer_per_share_4q_avg": 0,
            "equity": null,
            "current_ratio": null,
            "debt_ratio": null,
            "inventory_turnover_ratio": null,
            "account_receivable_turnover_ratio": null,
            "reinvestment_rate": null,
            "research_to_sale_ratio": null,
            "price_fair": 0,
            "eps_avg_yearly": 0,
            "eps_latest_yearly": 0,
            "eps_growth_yearly": 0
        },
        "20063": {
            "year_quarter": 20063,
            "year": 2006,
            "quarter": 3,
            "eps": null,
            "eps_growth_year": null,
            "eps_4q": null,
            "eps_4q_growth_year": null,
            "roe": null,
            "roe_4q": 0,
            "gross_profit": null,
            "gross_margin": null,
            "gross_margin_4q_avg": 0,
            "net_income": null,
            "net_income_4q": null,
            "revenue": null,
            "revenue_4q": null,
            "common_shares": null,
            "book_valuer_per_share": null,
            "book_valuer_per_share_4q_avg": 0,
            "equity": null,
            "current_ratio": null,
            "debt_ratio": null,
            "inventory_turnover_ratio": null,
            "account_receivable_turnover_ratio": null,
            "reinvestment_rate": null,
            "research_to_sale_ratio": null,
            "price_fair": 0,
            "eps_avg_yearly": 0,
            "eps_latest_yearly": 0,
            "eps_growth_yearly": 0
        },
        "20064": {
            "year_quarter": 20064,
            "year": 2006,
            "quarter": 4,
            "eps": null,
            "eps_growth_year": null,
            "eps_4q": null,
            "eps_4q_growth_year": null,
            "roe": null,
            "roe_4q": 0,
            "gross_profit": null,
            "gross_margin": null,
            "gross_margin_4q_avg": 0,
            "net_income": null,
            "net_income_4q": null,
            "revenue": null,
            "revenue_4q": null,
            "common_shares": null,
            "book_valuer_per_share": null,
            "book_valuer_per_share_4q_avg": 0,
            "equity": null,
            "current_ratio": null,
            "debt_ratio": null,
            "inventory_turnover_ratio": null,
            "account_receivable_turnover_ratio": null,
            "reinvestment_rate": null,
            "research_to_sale_ratio": null,
            "price_fair": 0,
            "eps_avg_yearly": 0,
            "eps_latest_yearly": 0,
            "eps_growth_yearly": 0
        },
        "20071": {
            "year_quarter": 20071,
            "year": 2007,
            "quarter": 1,
            "eps": null,
            "eps_growth_year": null,
            "eps_4q": null,
            "eps_4q_growth_year": null,
            "roe": null,
            "roe_4q": 0,
            "gross_profit": null,
            "gross_margin": null,
            "gross_margin_4q_avg": 0,
            "net_income": null,
            "net_income_4q": null,
            "revenue": null,
            "revenue_4q": null,
            "common_shares": null,
            "book_valuer_per_share": null,
            "book_valuer_per_share_4q_avg": 0,
            "equity": null,
            "current_ratio": null,
            "debt_ratio": null,
            "inventory_turnover_ratio": null,
            "account_receivable_turnover_ratio": null,
            "reinvestment_rate": null,
            "research_to_sale_ratio": null,
            "price_fair": 0,
            "eps_avg_yearly": 0,
            "eps_latest_yearly": 0,
            "eps_growth_yearly": 0
        },
        "20072": {
            "year_quarter": 20072,
            "year": 2007,
            "quarter": 2,
            "eps": null,
            "eps_growth_year": null,
            "eps_4q": null,
            "eps_4q_growth_year": null,
            "roe": null,
            "roe_4q": 0,
            "gross_profit": null,
            "gross_margin": null,
            "gross_margin_4q_avg": 0,
            "net_income": null,
            "net_income_4q": null,
            "revenue": null,
            "revenue_4q": null,
            "common_shares": null,
            "book_valuer_per_share": null,
            "book_valuer_per_share_4q_avg": 0,
            "equity": null,
            "current_ratio": null,
            "debt_ratio": null,
            "inventory_turnover_ratio": null,
            "account_receivable_turnover_ratio": null,
            "reinvestment_rate": null,
            "research_to_sale_ratio": null,
            "price_fair": 0,
            "eps_avg_yearly": 0,
            "eps_latest_yearly": 0,
            "eps_growth_yearly": 0
        },
        "20073": {
            "year_quarter": 20073,
            "year": 2007,
            "quarter": 3,
            "eps": null,
            "eps_growth_year": null,
            "eps_4q": null,
            "eps_4q_growth_year": null,
            "roe": null,
            "roe_4q": 0,
            "gross_profit": null,
            "gross_margin": null,
            "gross_margin_4q_avg": 0,
            "net_income": null,
            "net_income_4q": null,
            "revenue": null,
            "revenue_4q": null,
            "common_shares": null,
            "book_valuer_per_share": null,
            "book_valuer_per_share_4q_avg": 0,
            "equity": null,
            "current_ratio": null,
            "debt_ratio": null,
            "inventory_turnover_ratio": null,
            "account_receivable_turnover_ratio": null,
            "reinvestment_rate": null,
            "research_to_sale_ratio": null,
            "price_fair": 0,
            "eps_avg_yearly": 0,
            "eps_latest_yearly": 0,
            "eps_growth_yearly": 0
        },
        "20074": {
            "year_quarter": 20074,
            "year": 2007,
            "quarter": 4,
            "eps": null,
            "eps_growth_year": null,
            "eps_4q": null,
            "eps_4q_growth_year": null,
            "roe": null,
            "roe_4q": 0,
            "gross_profit": null,
            "gross_margin": null,
            "gross_margin_4q_avg": 0,
            "net_income": null,
            "net_income_4q": null,
            "revenue": null,
            "revenue_4q": null,
            "common_shares": null,
            "book_valuer_per_share": null,
            "book_valuer_per_share_4q_avg": 0,
            "equity": null,
            "current_ratio": null,
            "debt_ratio": null,
            "inventory_turnover_ratio": null,
            "account_receivable_turnover_ratio": null,
            "reinvestment_rate": null,
            "research_to_sale_ratio": null,
            "price_fair": 0,
            "eps_avg_yearly": 0,
            "eps_latest_yearly": 0,
            "eps_growth_yearly": 0
        },
        "20081": {
            "year_quarter": 20081,
            "year": 2008,
            "quarter": 1,
            "eps": null,
            "eps_growth_year": null,
            "eps_4q": null,
            "eps_4q_growth_year": null,
            "roe": null,
            "roe_4q": 0,
            "gross_profit": null,
            "gross_margin": null,
            "gross_margin_4q_avg": 0,
            "net_income": null,
            "net_income_4q": null,
            "revenue": null,
            "revenue_4q": null,
            "common_shares": null,
            "book_valuer_per_share": null,
            "book_valuer_per_share_4q_avg": 0,
            "equity": null,
            "current_ratio": null,
            "debt_ratio": null,
            "inventory_turnover_ratio": null,
            "account_receivable_turnover_ratio": null,
            "reinvestment_rate": null,
            "research_to_sale_ratio": null,
            "price_fair": 0,
            "eps_avg_yearly": 0,
            "eps_latest_yearly": 0,
            "eps_growth_yearly": 0
        },
        "20082": {
            "year_quarter": 20082,
            "year": 2008,
            "quarter": 2,
            "eps": null,
            "eps_growth_year": null,
            "eps_4q": null,
            "eps_4q_growth_year": null,
            "roe": null,
            "roe_4q": 0,
            "gross_profit": null,
            "gross_margin": null,
            "gross_margin_4q_avg": 0,
            "net_income": null,
            "net_income_4q": null,
            "revenue": null,
            "revenue_4q": null,
            "common_shares": null,
            "book_valuer_per_share": null,
            "book_valuer_per_share_4q_avg": 0,
            "equity": null,
            "current_ratio": null,
            "debt_ratio": null,
            "inventory_turnover_ratio": null,
            "account_receivable_turnover_ratio": null,
            "reinvestment_rate": null,
            "research_to_sale_ratio": null,
            "price_fair": 0,
            "eps_avg_yearly": 0,
            "eps_latest_yearly": 0,
            "eps_growth_yearly": 0
        },
        "20083": {
            "year_quarter": 20083,
            "year": 2008,
            "quarter": 3,
            "eps": null,
            "eps_growth_year": null,
            "eps_4q": null,
            "eps_4q_growth_year": null,
            "roe": null,
            "roe_4q": 0,
            "gross_profit": null,
            "gross_margin": null,
            "gross_margin_4q_avg": 0,
            "net_income": null,
            "net_income_4q": null,
            "revenue": null,
            "revenue_4q": null,
            "common_shares": null,
            "book_valuer_per_share": null,
            "book_valuer_per_share_4q_avg": 0,
            "equity": null,
            "current_ratio": null,
            "debt_ratio": null,
            "inventory_turnover_ratio": null,
            "account_receivable_turnover_ratio": null,
            "reinvestment_rate": null,
            "research_to_sale_ratio": null,
            "price_fair": 0,
            "eps_avg_yearly": 0,
            "eps_latest_yearly": 0,
            "eps_growth_yearly": 0
        },
        "20084": {
            "year_quarter": 20084,
            "year": 2008,
            "quarter": 4,
            "eps": null,
            "eps_growth_year": null,
            "eps_4q": null,
            "eps_4q_growth_year": null,
            "roe": null,
            "roe_4q": 0,
            "gross_profit": null,
            "gross_margin": null,
            "gross_margin_4q_avg": 0,
            "net_income": null,
            "net_income_4q": null,
            "revenue": null,
            "revenue_4q": null,
            "common_shares": null,
            "book_valuer_per_share": null,
            "book_valuer_per_share_4q_avg": 0,
            "equity": null,
            "current_ratio": null,
            "debt_ratio": null,
            "inventory_turnover_ratio": null,
            "account_receivable_turnover_ratio": null,
            "reinvestment_rate": null,
            "research_to_sale_ratio": null,
            "price_fair": 0,
            "eps_avg_yearly": 0,
            "eps_latest_yearly": 0,
            "eps_growth_yearly": 0
        },
        "20091": {
            "year_quarter": 20091,
            "year": 2009,
            "quarter": 1,
            "eps": null,
            "eps_growth_year": null,
            "eps_4q": null,
            "eps_4q_growth_year": null,
            "roe": null,
            "roe_4q": 0,
            "gross_profit": null,
            "gross_margin": null,
            "gross_margin_4q_avg": 0,
            "net_income": null,
            "net_income_4q": null,
            "revenue": null,
            "revenue_4q": null,
            "common_shares": null,
            "book_valuer_per_share": null,
            "book_valuer_per_share_4q_avg": 0,
            "equity": null,
            "current_ratio": null,
            "debt_ratio": null,
            "inventory_turnover_ratio": null,
            "account_receivable_turnover_ratio": null,
            "reinvestment_rate": null,
            "research_to_sale_ratio": null,
            "price_fair": 0,
            "eps_avg_yearly": 0,
            "eps_latest_yearly": 0,
            "eps_growth_yearly": 0
        },
        "20092": {
            "year_quarter": 20092,
            "year": 2009,
            "quarter": 2,
            "eps": null,
            "eps_growth_year": null,
            "eps_4q": null,
            "eps_4q_growth_year": null,
            "roe": null,
            "roe_4q": 0,
            "gross_profit": null,
            "gross_margin": null,
            "gross_margin_4q_avg": 0,
            "net_income": null,
            "net_income_4q": null,
            "revenue": null,
            "revenue_4q": null,
            "common_shares": null,
            "book_valuer_per_share": null,
            "book_valuer_per_share_4q_avg": 0,
            "equity": null,
            "current_ratio": null,
            "debt_ratio": null,
            "inventory_turnover_ratio": null,
            "account_receivable_turnover_ratio": null,
            "reinvestment_rate": null,
            "research_to_sale_ratio": null,
            "price_fair": 0,
            "eps_avg_yearly": 0,
            "eps_latest_yearly": 0,
            "eps_growth_yearly": 0
        },
        "20093": {
            "year_quarter": 20093,
            "year": 2009,
            "quarter": 3,
            "eps": null,
            "eps_growth_year": null,
            "eps_4q": null,
            "eps_4q_growth_year": null,
            "roe": null,
            "roe_4q": 0,
            "gross_profit": null,
            "gross_margin": null,
            "gross_margin_4q_avg": 0,
            "net_income": null,
            "net_income_4q": null,
            "revenue": null,
            "revenue_4q": null,
            "common_shares": null,
            "book_valuer_per_share": null,
            "book_valuer_per_share_4q_avg": 0,
            "equity": null,
            "current_ratio": null,
            "debt_ratio": null,
            "inventory_turnover_ratio": null,
            "account_receivable_turnover_ratio": null,
            "reinvestment_rate": null,
            "research_to_sale_ratio": null,
            "price_fair": 0,
            "eps_avg_yearly": 0,
            "eps_latest_yearly": 0,
            "eps_growth_yearly": 0
        },
        "20094": {
            "year_quarter": 20094,
            "year": 2009,
            "quarter": 4,
            "eps": null,
            "eps_growth_year": null,
            "eps_4q": null,
            "eps_4q_growth_year": null,
            "roe": null,
            "roe_4q": 0,
            "gross_profit": null,
            "gross_margin": null,
            "gross_margin_4q_avg": 0,
            "net_income": null,
            "net_income_4q": null,
            "revenue": null,
            "revenue_4q": null,
            "common_shares": null,
            "book_valuer_per_share": null,
            "book_valuer_per_share_4q_avg": 0,
            "equity": null,
            "current_ratio": null,
            "debt_ratio": null,
            "inventory_turnover_ratio": null,
            "account_receivable_turnover_ratio": null,
            "reinvestment_rate": null,
            "research_to_sale_ratio": null,
            "price_fair": 0,
            "eps_avg_yearly": 0,
            "eps_latest_yearly": 0,
            "eps_growth_yearly": 0
        },
        "20101": {
            "year_quarter": 20101,
            "year": 2010,
            "quarter": 1,
            "eps": null,
            "eps_growth_year": null,
            "eps_4q": null,
            "eps_4q_growth_year": null,
            "roe": null,
            "roe_4q": 0,
            "gross_profit": null,
            "gross_margin": null,
            "gross_margin_4q_avg": 0,
            "net_income": null,
            "net_income_4q": null,
            "revenue": null,
            "revenue_4q": null,
            "common_shares": null,
            "book_valuer_per_share": null,
            "book_valuer_per_share_4q_avg": 0,
            "equity": null,
            "current_ratio": null,
            "debt_ratio": null,
            "inventory_turnover_ratio": null,
            "account_receivable_turnover_ratio": null,
            "reinvestment_rate": null,
            "research_to_sale_ratio": null,
            "price_fair": 0,
            "eps_avg_yearly": 0,
            "eps_latest_yearly": 0,
            "eps_growth_yearly": 0
        },
        "20102": {
            "year_quarter": 20102,
            "year": 2010,
            "quarter": 2,
            "eps": null,
            "eps_growth_year": null,
            "eps_4q": null,
            "eps_4q_growth_year": null,
            "roe": null,
            "roe_4q": 0,
            "gross_profit": null,
            "gross_margin": null,
            "gross_margin_4q_avg": 0,
            "net_income": null,
            "net_income_4q": null,
            "revenue": null,
            "revenue_4q": null,
            "common_shares": null,
            "book_valuer_per_share": null,
            "book_valuer_per_share_4q_avg": 0,
            "equity": null,
            "current_ratio": null,
            "debt_ratio": null,
            "inventory_turnover_ratio": null,
            "account_receivable_turnover_ratio": null,
            "reinvestment_rate": null,
            "research_to_sale_ratio": null,
            "price_fair": 0,
            "eps_avg_yearly": 0,
            "eps_latest_yearly": 0,
            "eps_growth_yearly": 0
        },
        "20103": {
            "year_quarter": 20103,
            "year": 2010,
            "quarter": 3,
            "eps": null,
            "eps_growth_year": null,
            "eps_4q": null,
            "eps_4q_growth_year": null,
            "roe": null,
            "roe_4q": 0,
            "gross_profit": null,
            "gross_margin": null,
            "gross_margin_4q_avg": 0,
            "net_income": null,
            "net_income_4q": null,
            "revenue": null,
            "revenue_4q": null,
            "common_shares": null,
            "book_valuer_per_share": null,
            "book_valuer_per_share_4q_avg": 0,
            "equity": null,
            "current_ratio": null,
            "debt_ratio": null,
            "inventory_turnover_ratio": null,
            "account_receivable_turnover_ratio": null,
            "reinvestment_rate": null,
            "research_to_sale_ratio": null,
            "price_fair": 0,
            "eps_avg_yearly": 0,
            "eps_latest_yearly": 0,
            "eps_growth_yearly": 0
        },
        "20104": {
            "year_quarter": 20104,
            "year": 2010,
            "quarter": 4,
            "eps": null,
            "eps_growth_year": null,
            "eps_4q": null,
            "eps_4q_growth_year": null,
            "roe": null,
            "roe_4q": 0,
            "gross_profit": null,
            "gross_margin": null,
            "gross_margin_4q_avg": 0,
            "net_income": null,
            "net_income_4q": null,
            "revenue": null,
            "revenue_4q": null,
            "common_shares": null,
            "book_valuer_per_share": null,
            "book_valuer_per_share_4q_avg": 0,
            "equity": null,
            "current_ratio": null,
            "debt_ratio": null,
            "inventory_turnover_ratio": null,
            "account_receivable_turnover_ratio": null,
            "reinvestment_rate": null,
            "research_to_sale_ratio": null,
            "price_fair": 0,
            "eps_avg_yearly": 0,
            "eps_latest_yearly": 0,
            "eps_growth_yearly": 0
        },
        "20111": {
            "year_quarter": 20111,
            "year": 2011,
            "quarter": 1,
            "eps": null,
            "eps_growth_year": null,
            "eps_4q": null,
            "eps_4q_growth_year": null,
            "roe": null,
            "roe_4q": 0,
            "gross_profit": null,
            "gross_margin": null,
            "gross_margin_4q_avg": 0,
            "net_income": null,
            "net_income_4q": null,
            "revenue": null,
            "revenue_4q": null,
            "common_shares": null,
            "book_valuer_per_share": null,
            "book_valuer_per_share_4q_avg": 0,
            "equity": null,
            "current_ratio": null,
            "debt_ratio": null,
            "inventory_turnover_ratio": null,
            "account_receivable_turnover_ratio": null,
            "reinvestment_rate": null,
            "research_to_sale_ratio": null,
            "price_fair": 0,
            "eps_avg_yearly": 0,
            "eps_latest_yearly": 0,
            "eps_growth_yearly": 0
        },
        "20112": {
            "year_quarter": 20112,
            "year": 2011,
            "quarter": 2,
            "eps": null,
            "eps_growth_year": null,
            "eps_4q": null,
            "eps_4q_growth_year": null,
            "roe": null,
            "roe_4q": 0,
            "gross_profit": null,
            "gross_margin": null,
            "gross_margin_4q_avg": 0,
            "net_income": null,
            "net_income_4q": null,
            "revenue": null,
            "revenue_4q": null,
            "common_shares": 592780,
            "book_valuer_per_share": null,
            "book_valuer_per_share_4q_avg": 0,
            "equity": 831050,
            "current_ratio": null,
            "debt_ratio": null,
            "inventory_turnover_ratio": null,
            "account_receivable_turnover_ratio": null,
            "reinvestment_rate": null,
            "research_to_sale_ratio": null,
            "price_fair": 0,
            "eps_avg_yearly": 0,
            "eps_latest_yearly": 0,
            "eps_growth_yearly": 0
        },
        "20113": {
            "year_quarter": 20113,
            "year": 2011,
            "quarter": 3,
            "eps": null,
            "eps_growth_year": null,
            "eps_4q": null,
            "eps_4q_growth_year": null,
            "roe": null,
            "roe_4q": 0,
            "gross_profit": null,
            "gross_margin": null,
            "gross_margin_4q_avg": 0,
            "net_income": null,
            "net_income_4q": null,
            "revenue": null,
            "revenue_4q": null,
            "common_shares": null,
            "book_valuer_per_share": null,
            "book_valuer_per_share_4q_avg": 0,
            "equity": null,
            "current_ratio": null,
            "debt_ratio": null,
            "inventory_turnover_ratio": null,
            "account_receivable_turnover_ratio": null,
            "reinvestment_rate": null,
            "research_to_sale_ratio": null,
            "price_fair": 0,
            "eps_avg_yearly": 0,
            "eps_latest_yearly": 0,
            "eps_growth_yearly": 0
        },
        "20114": {
            "year_quarter": 20114,
            "year": 2011,
            "quarter": 4,
            "eps": null,
            "eps_growth_year": null,
            "eps_4q": null,
            "eps_4q_growth_year": null,
            "roe": null,
            "roe_4q": 0,
            "gross_profit": null,
            "gross_margin": null,
            "gross_margin_4q_avg": 0,
            "net_income": null,
            "net_income_4q": null,
            "revenue": null,
            "revenue_4q": null,
            "common_shares": 652780,
            "book_valuer_per_share": null,
            "book_valuer_per_share_4q_avg": 0,
            "equity": 1022426,
            "current_ratio": null,
            "debt_ratio": null,
            "inventory_turnover_ratio": null,
            "account_receivable_turnover_ratio": null,
            "reinvestment_rate": null,
            "research_to_sale_ratio": null,
            "price_fair": 0,
            "eps_avg_yearly": 0,
            "eps_latest_yearly": 0,
            "eps_growth_yearly": 0
        },
        "20121": {
            "year_quarter": 20121,
            "year": 2012,
            "quarter": 1,
            "eps": null,
            "eps_growth_year": null,
            "eps_4q": null,
            "eps_4q_growth_year": null,
            "roe": null,
            "roe_4q": 0,
            "gross_profit": null,
            "gross_margin": null,
            "gross_margin_4q_avg": 0,
            "net_income": null,
            "net_income_4q": null,
            "revenue": null,
            "revenue_4q": null,
            "common_shares": null,
            "book_valuer_per_share": null,
            "book_valuer_per_share_4q_avg": 0,
            "equity": null,
            "current_ratio": null,
            "debt_ratio": null,
            "inventory_turnover_ratio": null,
            "account_receivable_turnover_ratio": null,
            "reinvestment_rate": null,
            "research_to_sale_ratio": null,
            "price_fair": 0,
            "eps_avg_yearly": 0,
            "eps_latest_yearly": 0,
            "eps_growth_yearly": 0
        },
        "20122": {
            "year_quarter": 20122,
            "year": 2012,
            "quarter": 2,
            "eps": null,
            "eps_growth_year": null,
            "eps_4q": null,
            "eps_4q_growth_year": null,
            "roe": null,
            "roe_4q": 0,
            "gross_profit": null,
            "gross_margin": null,
            "gross_margin_4q_avg": 0,
            "net_income": null,
            "net_income_4q": null,
            "revenue": null,
            "revenue_4q": null,
            "common_shares": 652780,
            "book_valuer_per_share": 12.66,
            "book_valuer_per_share_4q_avg": 3.17,
            "equity": 826413,
            "current_ratio": 131,
            "debt_ratio": 51.93,
            "inventory_turnover_ratio": null,
            "account_receivable_turnover_ratio": null,
            "reinvestment_rate": null,
            "research_to_sale_ratio": null,
            "price_fair": 0,
            "eps_avg_yearly": 0,
            "eps_latest_yearly": 0,
            "eps_growth_yearly": 0
        },
        "20123": {
            "year_quarter": 20123,
            "year": 2012,
            "quarter": 3,
            "eps": null,
            "eps_growth_year": null,
            "eps_4q": null,
            "eps_4q_growth_year": null,
            "roe": null,
            "roe_4q": 0,
            "gross_profit": null,
            "gross_margin": null,
            "gross_margin_4q_avg": 0,
            "net_income": null,
            "net_income_4q": null,
            "revenue": null,
            "revenue_4q": null,
            "common_shares": null,
            "book_valuer_per_share": null,
            "book_valuer_per_share_4q_avg": 3.17,
            "equity": null,
            "current_ratio": null,
            "debt_ratio": null,
            "inventory_turnover_ratio": null,
            "account_receivable_turnover_ratio": null,
            "reinvestment_rate": null,
            "research_to_sale_ratio": null,
            "price_fair": 0,
            "eps_avg_yearly": 0,
            "eps_latest_yearly": 0,
            "eps_growth_yearly": 0
        },
        "20124": {
            "year_quarter": 20124,
            "year": 2012,
            "quarter": 4,
            "eps": null,
            "eps_growth_year": null,
            "eps_4q": null,
            "eps_4q_growth_year": null,
            "roe": null,
            "roe_4q": 0,
            "gross_profit": null,
            "gross_margin": null,
            "gross_margin_4q_avg": 0,
            "net_income": null,
            "net_income_4q": null,
            "revenue": null,
            "revenue_4q": null,
            "common_shares": 652780,
            "book_valuer_per_share": 11.51,
            "book_valuer_per_share_4q_avg": 6.04,
            "equity": 751509,
            "current_ratio": 133.25,
            "debt_ratio": 50.53,
            "inventory_turnover_ratio": null,
            "account_receivable_turnover_ratio": null,
            "reinvestment_rate": null,
            "research_to_sale_ratio": null,
            "price_fair": 0,
            "eps_avg_yearly": 0,
            "eps_latest_yearly": 0,
            "eps_growth_yearly": 0
        },
        "20131": {
            "year_quarter": 20131,
            "year": 2013,
            "quarter": 1,
            "eps": null,
            "eps_growth_year": null,
            "eps_4q": null,
            "eps_4q_growth_year": null,
            "roe": null,
            "roe_4q": 0,
            "gross_profit": null,
            "gross_margin": null,
            "gross_margin_4q_avg": 0,
            "net_income": null,
            "net_income_4q": null,
            "revenue": null,
            "revenue_4q": null,
            "common_shares": null,
            "book_valuer_per_share": null,
            "book_valuer_per_share_4q_avg": 6.04,
            "equity": null,
            "current_ratio": null,
            "debt_ratio": null,
            "inventory_turnover_ratio": null,
            "account_receivable_turnover_ratio": null,
            "reinvestment_rate": null,
            "research_to_sale_ratio": null,
            "price_fair": 0,
            "eps_avg_yearly": 0,
            "eps_latest_yearly": 0,
            "eps_growth_yearly": 0
        },
        "20132": {
            "year_quarter": 20132,
            "year": 2013,
            "quarter": 2,
            "eps": null,
            "eps_growth_year": null,
            "eps_4q": null,
            "eps_4q_growth_year": null,
            "roe": null,
            "roe_4q": 0,
            "gross_profit": null,
            "gross_margin": null,
            "gross_margin_4q_avg": 0,
            "net_income": null,
            "net_income_4q": null,
            "revenue": null,
            "revenue_4q": null,
            "common_shares": null,
            "book_valuer_per_share": null,
            "book_valuer_per_share_4q_avg": 2.88,
            "equity": null,
            "current_ratio": null,
            "debt_ratio": null,
            "inventory_turnover_ratio": null,
            "account_receivable_turnover_ratio": null,
            "reinvestment_rate": null,
            "research_to_sale_ratio": null,
            "price_fair": 0,
            "eps_avg_yearly": 0,
            "eps_latest_yearly": 0,
            "eps_growth_yearly": 0
        },
        "20133": {
            "year_quarter": 20133,
            "year": 2013,
            "quarter": 3,
            "eps": null,
            "eps_growth_year": null,
            "eps_4q": null,
            "eps_4q_growth_year": null,
            "roe": null,
            "roe_4q": 0,
            "gross_profit": null,
            "gross_margin": null,
            "gross_margin_4q_avg": 0,
            "net_income": null,
            "net_income_4q": null,
            "revenue": null,
            "revenue_4q": null,
            "common_shares": null,
            "book_valuer_per_share": null,
            "book_valuer_per_share_4q_avg": 2.88,
            "equity": null,
            "current_ratio": null,
            "debt_ratio": null,
            "inventory_turnover_ratio": null,
            "account_receivable_turnover_ratio": null,
            "reinvestment_rate": null,
            "research_to_sale_ratio": null,
            "price_fair": 0,
            "eps_avg_yearly": 0,
            "eps_latest_yearly": 0,
            "eps_growth_yearly": 0
        },
        "20134": {
            "year_quarter": 20134,
            "year": 2013,
            "quarter": 4,
            "eps": null,
            "eps_growth_year": null,
            "eps_4q": null,
            "eps_4q_growth_year": null,
            "roe": null,
            "roe_4q": 0,
            "gross_profit": null,
            "gross_margin": null,
            "gross_margin_4q_avg": 0,
            "net_income": null,
            "net_income_4q": null,
            "revenue": null,
            "revenue_4q": null,
            "common_shares": 852780,
            "book_valuer_per_share": null,
            "book_valuer_per_share_4q_avg": 0,
            "equity": 1405176,
            "current_ratio": null,
            "debt_ratio": null,
            "inventory_turnover_ratio": null,
            "account_receivable_turnover_ratio": null,
            "reinvestment_rate": null,
            "research_to_sale_ratio": null,
            "price_fair": 0,
            "eps_avg_yearly": 0,
            "eps_latest_yearly": 0,
            "eps_growth_yearly": 0
        },
        "20141": {
            "year_quarter": 20141,
            "year": 2014,
            "quarter": 1,
            "eps": null,
            "eps_growth_year": null,
            "eps_4q": null,
            "eps_4q_growth_year": null,
            "roe": null,
            "roe_4q": 0,
            "gross_profit": null,
            "gross_margin": null,
            "gross_margin_4q_avg": 0,
            "net_income": null,
            "net_income_4q": null,
            "revenue": null,
            "revenue_4q": null,
            "common_shares": null,
            "book_valuer_per_share": null,
            "book_valuer_per_share_4q_avg": 0,
            "equity": null,
            "current_ratio": null,
            "debt_ratio": null,
            "inventory_turnover_ratio": null,
            "account_receivable_turnover_ratio": null,
            "reinvestment_rate": null,
            "research_to_sale_ratio": null,
            "price_fair": 0,
            "eps_avg_yearly": 0,
            "eps_latest_yearly": 0,
            "eps_growth_yearly": 0
        },
        "20142": {
            "year_quarter": 20142,
            "year": 2014,
            "quarter": 2,
            "eps": null,
            "eps_growth_year": null,
            "eps_4q": null,
            "eps_4q_growth_year": null,
            "roe": null,
            "roe_4q": 0,
            "gross_profit": null,
            "gross_margin": null,
            "gross_margin_4q_avg": 0,
            "net_income": null,
            "net_income_4q": null,
            "revenue": null,
            "revenue_4q": null,
            "common_shares": 852780,
            "book_valuer_per_share": null,
            "book_valuer_per_share_4q_avg": 0,
            "equity": 1425857,
            "current_ratio": null,
            "debt_ratio": null,
            "inventory_turnover_ratio": null,
            "account_receivable_turnover_ratio": null,
            "reinvestment_rate": null,
            "research_to_sale_ratio": null,
            "price_fair": 0,
            "eps_avg_yearly": 0,
            "eps_latest_yearly": 0,
            "eps_growth_yearly": 0
        },
        "20143": {
            "year_quarter": 20143,
            "year": 2014,
            "quarter": 3,
            "eps": null,
            "eps_growth_year": null,
            "eps_4q": null,
            "eps_4q_growth_year": null,
            "roe": null,
            "roe_4q": 0,
            "gross_profit": null,
            "gross_margin": null,
            "gross_margin_4q_avg": 0,
            "net_income": null,
            "net_income_4q": null,
            "revenue": null,
            "revenue_4q": null,
            "common_shares": null,
            "book_valuer_per_share": null,
            "book_valuer_per_share_4q_avg": 0,
            "equity": null,
            "current_ratio": null,
            "debt_ratio": null,
            "inventory_turnover_ratio": null,
            "account_receivable_turnover_ratio": null,
            "reinvestment_rate": null,
            "research_to_sale_ratio": null,
            "price_fair": 0,
            "eps_avg_yearly": 0,
            "eps_latest_yearly": 0,
            "eps_growth_yearly": 0
        },
        "20144": {
            "year_quarter": 20144,
            "year": 2014,
            "quarter": 4,
            "eps": null,
            "eps_growth_year": null,
            "eps_4q": null,
            "eps_4q_growth_year": null,
            "roe": null,
            "roe_4q": 0,
            "gross_profit": null,
            "gross_margin": null,
            "gross_margin_4q_avg": 0,
            "net_income": null,
            "net_income_4q": null,
            "revenue": null,
            "revenue_4q": null,
            "common_shares": 852780,
            "book_valuer_per_share": 17.63,
            "book_valuer_per_share_4q_avg": 4.41,
            "equity": 1503425,
            "current_ratio": 106.24,
            "debt_ratio": 54.72,
            "inventory_turnover_ratio": null,
            "account_receivable_turnover_ratio": null,
            "reinvestment_rate": null,
            "research_to_sale_ratio": null,
            "price_fair": 0,
            "eps_avg_yearly": 0,
            "eps_latest_yearly": 0,
            "eps_growth_yearly": 0
        },
        "20151": {
            "year_quarter": 20151,
            "year": 2015,
            "quarter": 1,
            "eps": null,
            "eps_growth_year": null,
            "eps_4q": null,
            "eps_4q_growth_year": null,
            "roe": null,
            "roe_4q": 0,
            "gross_profit": null,
            "gross_margin": null,
            "gross_margin_4q_avg": 0,
            "net_income": null,
            "net_income_4q": null,
            "revenue": null,
            "revenue_4q": null,
            "common_shares": null,
            "book_valuer_per_share": null,
            "book_valuer_per_share_4q_avg": 4.41,
            "equity": null,
            "current_ratio": null,
            "debt_ratio": null,
            "inventory_turnover_ratio": null,
            "account_receivable_turnover_ratio": null,
            "reinvestment_rate": null,
            "research_to_sale_ratio": null,
            "price_fair": 0,
            "eps_avg_yearly": 0,
            "eps_latest_yearly": 0,
            "eps_growth_yearly": 0
        },
        "20152": {
            "year_quarter": 20152,
            "year": 2015,
            "quarter": 2,
            "eps": null,
            "eps_growth_year": null,
            "eps_4q": null,
            "eps_4q_growth_year": null,
            "roe": null,
            "roe_4q": 0,
            "gross_profit": null,
            "gross_margin": null,
            "gross_margin_4q_avg": 0,
            "net_income": null,
            "net_income_4q": null,
            "revenue": null,
            "revenue_4q": null,
            "common_shares": 852780,
            "book_valuer_per_share": 17.46,
            "book_valuer_per_share_4q_avg": 8.77,
            "equity": 1488746,
            "current_ratio": 95.63,
            "debt_ratio": 58.75,
            "inventory_turnover_ratio": null,
            "account_receivable_turnover_ratio": null,
            "reinvestment_rate": null,
            "research_to_sale_ratio": null,
            "price_fair": 0,
            "eps_avg_yearly": 0,
            "eps_latest_yearly": 0,
            "eps_growth_yearly": 0
        },
        "20153": {
            "year_quarter": 20153,
            "year": 2015,
            "quarter": 3,
            "eps": null,
            "eps_growth_year": null,
            "eps_4q": null,
            "eps_4q_growth_year": null,
            "roe": null,
            "roe_4q": 0,
            "gross_profit": null,
            "gross_margin": null,
            "gross_margin_4q_avg": 0,
            "net_income": null,
            "net_income_4q": null,
            "revenue": null,
            "revenue_4q": null,
            "common_shares": null,
            "book_valuer_per_share": null,
            "book_valuer_per_share_4q_avg": 8.77,
            "equity": null,
            "current_ratio": null,
            "debt_ratio": null,
            "inventory_turnover_ratio": null,
            "account_receivable_turnover_ratio": null,
            "reinvestment_rate": null,
            "research_to_sale_ratio": null,
            "price_fair": 0,
            "eps_avg_yearly": 0,
            "eps_latest_yearly": 0,
            "eps_growth_yearly": 0
        },
        "20154": {
            "year_quarter": 20154,
            "year": 2015,
            "quarter": 4,
            "eps": null,
            "eps_growth_year": null,
            "eps_4q": null,
            "eps_4q_growth_year": null,
            "roe": null,
            "roe_4q": 0,
            "gross_profit": null,
            "gross_margin": null,
            "gross_margin_4q_avg": 0,
            "net_income": null,
            "net_income_4q": null,
            "revenue": null,
            "revenue_4q": null,
            "common_shares": 852780,
            "book_valuer_per_share": 17.43,
            "book_valuer_per_share_4q_avg": 8.72,
            "equity": 1486230,
            "current_ratio": 101.39,
            "debt_ratio": 57.77,
            "inventory_turnover_ratio": null,
            "account_receivable_turnover_ratio": null,
            "reinvestment_rate": null,
            "research_to_sale_ratio": null,
            "price_fair": 0,
            "eps_avg_yearly": 0,
            "eps_latest_yearly": 0,
            "eps_growth_yearly": 0
        },
        "20161": {
            "year_quarter": 20161,
            "year": 2016,
            "quarter": 1,
            "eps": null,
            "eps_growth_year": null,
            "eps_4q": null,
            "eps_4q_growth_year": null,
            "roe": null,
            "roe_4q": 0,
            "gross_profit": null,
            "gross_margin": null,
            "gross_margin_4q_avg": 0,
            "net_income": null,
            "net_income_4q": null,
            "revenue": null,
            "revenue_4q": null,
            "common_shares": null,
            "book_valuer_per_share": null,
            "book_valuer_per_share_4q_avg": 8.72,
            "equity": null,
            "current_ratio": null,
            "debt_ratio": null,
            "inventory_turnover_ratio": null,
            "account_receivable_turnover_ratio": null,
            "reinvestment_rate": null,
            "research_to_sale_ratio": null,
            "price_fair": 0,
            "eps_avg_yearly": 0,
            "eps_latest_yearly": 0,
            "eps_growth_yearly": 0
        },
        "20162": {
            "year_quarter": 20162,
            "year": 2016,
            "quarter": 2,
            "eps": null,
            "eps_growth_year": null,
            "eps_4q": null,
            "eps_4q_growth_year": null,
            "roe": null,
            "roe_4q": 0,
            "gross_profit": null,
            "gross_margin": null,
            "gross_margin_4q_avg": 0,
            "net_income": null,
            "net_income_4q": null,
            "revenue": null,
            "revenue_4q": null,
            "common_shares": 852780,
            "book_valuer_per_share": 17.6,
            "book_valuer_per_share_4q_avg": 8.76,
            "equity": 1500677,
            "current_ratio": 167.87,
            "debt_ratio": 57.41,
            "inventory_turnover_ratio": null,
            "account_receivable_turnover_ratio": null,
            "reinvestment_rate": null,
            "research_to_sale_ratio": null,
            "price_fair": 0,
            "eps_avg_yearly": 0,
            "eps_latest_yearly": 0,
            "eps_growth_yearly": 0
        },
        "20163": {
            "year_quarter": 20163,
            "year": 2016,
            "quarter": 3,
            "eps": null,
            "eps_growth_year": null,
            "eps_4q": null,
            "eps_4q_growth_year": null,
            "roe": null,
            "roe_4q": 0,
            "gross_profit": null,
            "gross_margin": null,
            "gross_margin_4q_avg": 0,
            "net_income": null,
            "net_income_4q": null,
            "revenue": null,
            "revenue_4q": null,
            "common_shares": null,
            "book_valuer_per_share": null,
            "book_valuer_per_share_4q_avg": 8.76,
            "equity": null,
            "current_ratio": null,
            "debt_ratio": null,
            "inventory_turnover_ratio": null,
            "account_receivable_turnover_ratio": null,
            "reinvestment_rate": null,
            "research_to_sale_ratio": null,
            "price_fair": 0,
            "eps_avg_yearly": 0,
            "eps_latest_yearly": 0,
            "eps_growth_yearly": 0
        },
        "20164": {
            "year_quarter": 20164,
            "year": 2016,
            "quarter": 4,
            "eps": null,
            "eps_growth_year": null,
            "eps_4q": null,
            "eps_4q_growth_year": null,
            "roe": null,
            "roe_4q": 0,
            "gross_profit": null,
            "gross_margin": null,
            "gross_margin_4q_avg": 0,
            "net_income": null,
            "net_income_4q": null,
            "revenue": null,
            "revenue_4q": null,
            "common_shares": 852780,
            "book_valuer_per_share": 17.97,
            "book_valuer_per_share_4q_avg": 8.89,
            "equity": 1532495,
            "current_ratio": 166.63,
            "debt_ratio": 58.62,
            "inventory_turnover_ratio": null,
            "account_receivable_turnover_ratio": null,
            "reinvestment_rate": null,
            "research_to_sale_ratio": null,
            "price_fair": 0,
            "eps_avg_yearly": 0,
            "eps_latest_yearly": 0,
            "eps_growth_yearly": 0
        },
        "20171": {
            "year_quarter": 20171,
            "year": 2017,
            "quarter": 1,
            "eps": null,
            "eps_growth_year": null,
            "eps_4q": null,
            "eps_4q_growth_year": null,
            "roe": null,
            "roe_4q": 0,
            "gross_profit": null,
            "gross_margin": null,
            "gross_margin_4q_avg": 0,
            "net_income": null,
            "net_income_4q": null,
            "revenue": null,
            "revenue_4q": null,
            "common_shares": null,
            "book_valuer_per_share": null,
            "book_valuer_per_share_4q_avg": 8.89,
            "equity": null,
            "current_ratio": null,
            "debt_ratio": null,
            "inventory_turnover_ratio": null,
            "account_receivable_turnover_ratio": null,
            "reinvestment_rate": null,
            "research_to_sale_ratio": null,
            "price_fair": 0,
            "eps_avg_yearly": 0,
            "eps_latest_yearly": 0,
            "eps_growth_yearly": 0
        },
        "20172": {
            "year_quarter": 20172,
            "year": 2017,
            "quarter": 2,
            "eps": null,
            "eps_growth_year": null,
            "eps_4q": null,
            "eps_4q_growth_year": null,
            "roe": null,
            "roe_4q": 0,
            "gross_profit": null,
            "gross_margin": null,
            "gross_margin_4q_avg": 0,
            "net_income": null,
            "net_income_4q": null,
            "revenue": null,
            "revenue_4q": null,
            "common_shares": 852780,
            "book_valuer_per_share": 17.84,
            "book_valuer_per_share_4q_avg": 8.95,
            "equity": 1521376,
            "current_ratio": 150.49,
            "debt_ratio": 59.96,
            "inventory_turnover_ratio": null,
            "account_receivable_turnover_ratio": null,
            "reinvestment_rate": null,
            "research_to_sale_ratio": null,
            "price_fair": 0,
            "eps_avg_yearly": 0,
            "eps_latest_yearly": 0,
            "eps_growth_yearly": 0
        },
        "20173": {
            "year_quarter": 20173,
            "year": 2017,
            "quarter": 3,
            "eps": null,
            "eps_growth_year": null,
            "eps_4q": null,
            "eps_4q_growth_year": null,
            "roe": null,
            "roe_4q": 0,
            "gross_profit": null,
            "gross_margin": null,
            "gross_margin_4q_avg": 0,
            "net_income": null,
            "net_income_4q": null,
            "revenue": null,
            "revenue_4q": null,
            "common_shares": null,
            "book_valuer_per_share": null,
            "book_valuer_per_share_4q_avg": 8.95,
            "equity": null,
            "current_ratio": null,
            "debt_ratio": null,
            "inventory_turnover_ratio": null,
            "account_receivable_turnover_ratio": null,
            "reinvestment_rate": null,
            "research_to_sale_ratio": null,
            "price_fair": 0,
            "eps_avg_yearly": 0,
            "eps_latest_yearly": 0,
            "eps_growth_yearly": 0
        },
        "20174": {
            "year_quarter": 20174,
            "year": 2017,
            "quarter": 4,
            "eps": null,
            "eps_growth_year": null,
            "eps_4q": null,
            "eps_4q_growth_year": null,
            "roe": null,
            "roe_4q": 0,
            "gross_profit": null,
            "gross_margin": null,
            "gross_margin_4q_avg": 0,
            "net_income": null,
            "net_income_4q": null,
            "revenue": null,
            "revenue_4q": null,
            "common_shares": 852780,
            "book_valuer_per_share": 20.17,
            "book_valuer_per_share_4q_avg": 9.5,
            "equity": 1720384,
            "current_ratio": 167.76,
            "debt_ratio": 56.27,
            "inventory_turnover_ratio": null,
            "account_receivable_turnover_ratio": null,
            "reinvestment_rate": null,
            "research_to_sale_ratio": null,
            "price_fair": 0,
            "eps_avg_yearly": 0,
            "eps_latest_yearly": 0,
            "eps_growth_yearly": 0
        },
        "20181": {
            "year_quarter": 20181,
            "year": 2018,
            "quarter": 1,
            "eps": 1.41,
            "eps_growth_year": null,
            "eps_4q": null,
            "eps_4q_growth_year": null,
            "roe": 6.73,
            "roe_4q": 6.73,
            "gross_profit": 250221,
            "gross_margin": 33.55,
            "gross_margin_4q_avg": 8.39,
            "net_income": 120082,
            "net_income_4q": null,
            "revenue": 745860,
            "revenue_4q": null,
            "common_shares": 852780,
            "book_valuer_per_share": 21.7,
            "book_valuer_per_share_4q_avg": 14.93,
            "equity": 1850566,
            "current_ratio": 170.46,
            "debt_ratio": 54.99,
            "inventory_turnover_ratio": 0.63,
            "account_receivable_turnover_ratio": 1.16,
            "reinvestment_rate": null,
            "research_to_sale_ratio": 3.6,
            "price_fair": 0,
            "eps_avg_yearly": 0,
            "eps_latest_yearly": 0,
            "eps_growth_yearly": 0
        },
        "20182": {
            "year_quarter": 20182,
            "year": 2018,
            "quarter": 2,
            "eps": 2.63,
            "eps_growth_year": null,
            "eps_4q": null,
            "eps_4q_growth_year": null,
            "roe": 11.75,
            "roe_4q": 18.48,
            "gross_profit": 380695,
            "gross_margin": 39.03,
            "gross_margin_4q_avg": 18.15,
            "net_income": 224605,
            "net_income_4q": null,
            "revenue": 975475,
            "revenue_4q": null,
            "common_shares": 852780,
            "book_valuer_per_share": 23.13,
            "book_valuer_per_share_4q_avg": 16.25,
            "equity": 1972837,
            "current_ratio": 163.44,
            "debt_ratio": 56.77,
            "inventory_turnover_ratio": 0.64,
            "account_receivable_turnover_ratio": 1.29,
            "reinvestment_rate": null,
            "research_to_sale_ratio": 3.37,
            "price_fair": 368.2,
            "eps_avg_yearly": 10.52,
            "eps_latest_yearly": 10.52,
            "eps_growth_yearly": 346.1
        },
        "20183": {
            "year_quarter": 20183,
            "year": 2018,
            "quarter": 3,
            "eps": 2.01,
            "eps_growth_year": null,
            "eps_4q": null,
            "eps_4q_growth_year": null,
            "roe": 6.79,
            "roe_4q": 25.27,
            "gross_profit": 360390,
            "gross_margin": 40.44,
            "gross_margin_4q_avg": 28.26,
            "net_income": 183440,
            "net_income_4q": null,
            "revenue": 891174,
            "revenue_4q": null,
            "common_shares": 966780,
            "book_valuer_per_share": 35.44,
            "book_valuer_per_share_4q_avg": 25.11,
            "equity": 3426484,
            "current_ratio": 243.89,
            "debt_ratio": 43.94,
            "inventory_turnover_ratio": 0.48,
            "account_receivable_turnover_ratio": 1,
            "reinvestment_rate": null,
            "research_to_sale_ratio": 3.91,
            "price_fair": 324.8,
            "eps_avg_yearly": 9.28,
            "eps_latest_yearly": 8.04,
            "eps_growth_yearly": 125.9
        },
        "20184": {
            "year_quarter": 20184,
            "year": 2018,
            "quarter": 4,
            "eps": 0.97,
            "eps_growth_year": null,
            "eps_4q": 6.43,
            "eps_4q_growth_year": null,
            "roe": 2.69,
            "roe_4q": 27.96,
            "gross_profit": 206308,
            "gross_margin": 25.6,
            "gross_margin_4q_avg": 34.66,
            "net_income": 93408,
            "net_income_4q": null,
            "revenue": 805847,
            "revenue_4q": null,
            "common_shares": 966780,
            "book_valuer_per_share": 36.37,
            "book_valuer_per_share_4q_avg": 29.16,
            "equity": 3515972,
            "current_ratio": 292.76,
            "debt_ratio": 39.51,
            "inventory_turnover_ratio": 0.49,
            "account_receivable_turnover_ratio": 0.85,
            "reinvestment_rate": null,
            "research_to_sale_ratio": 3.47,
            "price_fair": 186.59,
            "eps_avg_yearly": 7.48,
            "eps_latest_yearly": 3.88,
            "eps_growth_yearly": 14.95
        },
        "20191": {
            "year_quarter": 20191,
            "year": 2019,
            "quarter": 1,
            "eps": 0.2,
            "eps_growth_year": -85.82,
            "eps_4q": 5.39,
            "eps_4q_growth_year": null,
            "roe": 0.56,
            "roe_4q": 21.79,
            "gross_profit": 116490,
            "gross_margin": 23.16,
            "gross_margin_4q_avg": 32.06,
            "net_income": 19695,
            "net_income_4q": null,
            "revenue": 502930,
            "revenue_4q": null,
            "common_shares": 966780,
            "book_valuer_per_share": 36.57,
            "book_valuer_per_share_4q_avg": 32.88,
            "equity": 3535667,
            "current_ratio": 344.27,
            "debt_ratio": 38.73,
            "inventory_turnover_ratio": 0.31,
            "account_receivable_turnover_ratio": 0.55,
            "reinvestment_rate": null,
            "research_to_sale_ratio": 4.82,
            "price_fair": 17.43,
            "eps_avg_yearly": 5.81,
            "eps_latest_yearly": 0.8,
            "eps_growth_yearly": -68.17
        },
        "20192": {
            "year_quarter": 20192,
            "year": 2019,
            "quarter": 2,
            "eps": -0.18,
            "eps_growth_year": -106.84,
            "eps_4q": 2.89,
            "eps_4q_growth_year": null,
            "roe": -0.51,
            "roe_4q": 9.530000000000001,
            "gross_profit": 75811,
            "gross_margin": 12.9,
            "gross_margin_4q_avg": 25.53,
            "net_income": -17099,
            "net_income_4q": null,
            "revenue": 587517,
            "revenue_4q": null,
            "common_shares": 966780,
            "book_valuer_per_share": 32.79,
            "book_valuer_per_share_4q_avg": 35.29,
            "equity": 3170527,
            "current_ratio": 271.05,
            "debt_ratio": 43.26,
            "inventory_turnover_ratio": 0.41,
            "account_receivable_turnover_ratio": 0.69,
            "reinvestment_rate": null,
            "research_to_sale_ratio": 4.88,
            "price_fair": 17.43,
            "eps_avg_yearly": 5.81,
            "eps_latest_yearly": 0.8,
            "eps_growth_yearly": -68.17
        },
        "20193": {
            "year_quarter": 20193,
            "year": 2019,
            "quarter": 3,
            "eps": -0.28,
            "eps_growth_year": -113.93,
            "eps_4q": 0.71,
            "eps_4q_growth_year": null,
            "roe": -0.86,
            "roe_4q": 1.88,
            "gross_profit": 99078,
            "gross_margin": 20.57,
            "gross_margin_4q_avg": 20.56,
            "net_income": -27177,
            "net_income_4q": null,
            "revenue": 481609,
            "revenue_4q": null,
            "common_shares": 966780,
            "book_valuer_per_share": 32.51,
            "book_valuer_per_share_4q_avg": 34.56,
            "equity": 3143265,
            "current_ratio": 349.02,
            "debt_ratio": 38.95,
            "inventory_turnover_ratio": 0.32,
            "account_receivable_turnover_ratio": 0.58,
            "reinvestment_rate": null,
            "research_to_sale_ratio": 5.81,
            "price_fair": 17.43,
            "eps_avg_yearly": 5.81,
            "eps_latest_yearly": 0.8,
            "eps_growth_yearly": -68.17
        },
        "20194": {
            "year_quarter": 20194,
            "year": 2019,
            "quarter": 4,
            "eps": -0.38,
            "eps_growth_year": -139.53,
            "eps_4q": -0.64,
            "eps_4q_growth_year": -109.9,
            "roe": -1.18,
            "roe_4q": -1.9899999999999998,
            "gross_profit": 92628,
            "gross_margin": 17.29,
            "gross_margin_4q_avg": 18.48,
            "net_income": -36926,
            "net_income_4q": null,
            "revenue": 535810,
            "revenue_4q": null,
            "common_shares": 966780,
            "book_valuer_per_share": 32.13,
            "book_valuer_per_share_4q_avg": 33.5,
            "equity": 3106351,
            "current_ratio": 373.27,
            "debt_ratio": 44.04,
            "inventory_turnover_ratio": 0.38,
            "account_receivable_turnover_ratio": 0.7,
            "reinvestment_rate": null,
            "research_to_sale_ratio": 4.6,
            "price_fair": 17.43,
            "eps_avg_yearly": 5.81,
            "eps_latest_yearly": 0.8,
            "eps_growth_yearly": -68.17
        },
        "20201": {
            "year_quarter": 20201,
            "year": 2020,
            "quarter": 1,
            "eps": -0.15,
            "eps_growth_year": -175,
            "eps_4q": -0.99,
            "eps_4q_growth_year": -118.37,
            "roe": -0.47,
            "roe_4q": -3.0199999999999996,
            "gross_profit": 89857,
            "gross_margin": 16.53,
            "gross_margin_4q_avg": 16.82,
            "net_income": -14511,
            "net_income_4q": null,
            "revenue": 543659,
            "revenue_4q": null,
            "common_shares": 966780,
            "book_valuer_per_share": 31.98,
            "book_valuer_per_share_4q_avg": 32.35,
            "equity": 3091997,
            "current_ratio": 360.96,
            "debt_ratio": 44.1,
            "inventory_turnover_ratio": 0.4,
            "account_receivable_turnover_ratio": 0.7,
            "reinvestment_rate": null,
            "research_to_sale_ratio": 4,
            "price_fair": 17.43,
            "eps_avg_yearly": 5.81,
            "eps_latest_yearly": 0.8,
            "eps_growth_yearly": -68.17
        },
        "20202": {
            "year_quarter": 20202,
            "year": 2020,
            "quarter": 2,
            "eps": 0.24,
            "eps_growth_year": null,
            "eps_4q": -0.57,
            "eps_4q_growth_year": -119.76,
            "roe": 0.77,
            "roe_4q": -1.7399999999999998,
            "gross_profit": 135325,
            "gross_margin": 19.36,
            "gross_margin_4q_avg": 18.44,
            "net_income": 23404,
            "net_income_4q": null,
            "revenue": 698945,
            "revenue_4q": null,
            "common_shares": 966780,
            "book_valuer_per_share": 30.77,
            "book_valuer_per_share_4q_avg": 31.85,
            "equity": 2974663,
            "current_ratio": 277.96,
            "debt_ratio": 47.07,
            "inventory_turnover_ratio": 0.5,
            "account_receivable_turnover_ratio": 0.81,
            "reinvestment_rate": null,
            "research_to_sale_ratio": 2.5,
            "price_fair": 17.43,
            "eps_avg_yearly": 5.81,
            "eps_latest_yearly": 0.8,
            "eps_growth_yearly": -68.17
        },
        "20203": {
            "year_quarter": 20203,
            "year": 2020,
            "quarter": 3,
            "eps": 0.44,
            "eps_growth_year": null,
            "eps_4q": 0.15,
            "eps_4q_growth_year": -79.41,
            "roe": 1.4,
            "roe_4q": 0.52,
            "gross_profit": 167996,
            "gross_margin": 23.46,
            "gross_margin_4q_avg": 19.16,
            "net_income": 41836,
            "net_income_4q": null,
            "revenue": 716136,
            "revenue_4q": null,
            "common_shares": 941780,
            "book_valuer_per_share": 32.03,
            "book_valuer_per_share_4q_avg": 31.73,
            "equity": 3016406,
            "current_ratio": 329.06,
            "debt_ratio": 50.52,
            "inventory_turnover_ratio": 0.48,
            "account_receivable_turnover_ratio": 0.75,
            "reinvestment_rate": null,
            "research_to_sale_ratio": 3.13,
            "price_fair": 110.65,
            "eps_avg_yearly": 5,
            "eps_latest_yearly": 1.76,
            "eps_growth_yearly": 12.13
        },
        "20204": {
            "year_quarter": 20204,
            "year": 2020,
            "quarter": 4,
            "eps": 0.43,
            "eps_growth_year": null,
            "eps_4q": 0.97,
            "eps_4q_growth_year": null,
            "roe": 1.34,
            "roe_4q": 3.04,
            "gross_profit": 206349,
            "gross_margin": 26.4,
            "gross_margin_4q_avg": 21.44,
            "net_income": 40695,
            "net_income_4q": null,
            "revenue": 781481,
            "revenue_4q": null,
            "common_shares": 941780,
            "book_valuer_per_share": 32.48,
            "book_valuer_per_share_4q_avg": 31.82,
            "equity": 3059121,
            "current_ratio": 326.3,
            "debt_ratio": 49.99,
            "inventory_turnover_ratio": 0.49,
            "account_receivable_turnover_ratio": 0.72,
            "reinvestment_rate": null,
            "research_to_sale_ratio": 2.67,
            "price_fair": 82.8,
            "eps_avg_yearly": 4.45,
            "eps_latest_yearly": 1.72,
            "eps_growth_yearly": 8.59
        },
        "20211": {
            "year_quarter": 20211,
            "year": 2021,
            "quarter": 1,
            "eps": 0.1,
            "eps_growth_year": null,
            "eps_4q": 1.22,
            "eps_4q_growth_year": null,
            "roe": 0.3,
            "roe_4q": 3.81,
            "gross_profit": 171284,
            "gross_margin": 26.56,
            "gross_margin_4q_avg": 23.95,
            "net_income": 9088,
            "net_income_4q": null,
            "revenue": 644858,
            "revenue_4q": null,
            "common_shares": 941780,
            "book_valuer_per_share": 32.6,
            "book_valuer_per_share_4q_avg": 31.97,
            "equity": 3069892,
            "current_ratio": 282.2,
            "debt_ratio": 51.29,
            "inventory_turnover_ratio": 0.37,
            "account_receivable_turnover_ratio": 0.59,
            "reinvestment_rate": null,
            "research_to_sale_ratio": 3.51,
            "price_fair": 11.62,
            "eps_avg_yearly": 3.87,
            "eps_latest_yearly": 0.4,
            "eps_growth_yearly": -36.49
        },
        "20212": {
            "year_quarter": 20212,
            "year": 2021,
            "quarter": 2,
            "eps": 0.76,
            "eps_growth_year": 216.67,
            "eps_4q": 1.73,
            "eps_4q_growth_year": null,
            "roe": 2.31,
            "roe_4q": 5.35,
            "gross_profit": 229624,
            "gross_margin": 25.83,
            "gross_margin_4q_avg": 25.56,
            "net_income": 71568,
            "net_income_4q": null,
            "revenue": 889103,
            "revenue_4q": null,
            "common_shares": 941780,
            "book_valuer_per_share": 33.34,
            "book_valuer_per_share_4q_avg": 32.61,
            "equity": 3139709,
            "current_ratio": 236.29,
            "debt_ratio": 53.79,
            "inventory_turnover_ratio": 0.43,
            "account_receivable_turnover_ratio": 0.85,
            "reinvestment_rate": null,
            "research_to_sale_ratio": 2.52,
            "price_fair": 131.95,
            "eps_avg_yearly": 3.77,
            "eps_latest_yearly": 3.04,
            "eps_growth_yearly": 298.07
        },
        "20213": {
            "year_quarter": 20213,
            "year": 2021,
            "quarter": 3,
            "eps": 1.19,
            "eps_growth_year": 170.45,
            "eps_4q": 2.48,
            "eps_4q_growth_year": 1593.09,
            "roe": 3.56,
            "roe_4q": 7.51,
            "gross_profit": 274989,
            "gross_margin": 28.54,
            "gross_margin_4q_avg": 26.83,
            "net_income": 112346,
            "net_income_4q": null,
            "revenue": 963604,
            "revenue_4q": null,
            "common_shares": 941780,
            "book_valuer_per_share": 33.73,
            "book_valuer_per_share_4q_avg": 33.04,
            "equity": 3176466,
            "current_ratio": 229.22,
            "debt_ratio": 54.13,
            "inventory_turnover_ratio": 0.4,
            "account_receivable_turnover_ratio": 1.01,
            "reinvestment_rate": null,
            "research_to_sale_ratio": 1.94,
            "price_fair": 135.8,
            "eps_avg_yearly": 3.88,
            "eps_latest_yearly": 4.76,
            "eps_growth_yearly": 290.1
        },
        "20214": {
            "year_quarter": 20214,
            "year": 2021,
            "quarter": 4,
            "eps": 0.47,
            "eps_growth_year": 8.85,
            "eps_4q": 2.52,
            "eps_4q_growth_year": 159.56,
            "roe": 1.38,
            "roe_4q": 7.55,
            "gross_profit": 174861,
            "gross_margin": 22.2,
            "gross_margin_4q_avg": 25.78,
            "net_income": 44298,
            "net_income_4q": null,
            "revenue": 787754,
            "revenue_4q": null,
            "common_shares": 941780,
            "book_valuer_per_share": 34.57,
            "book_valuer_per_share_4q_avg": 33.56,
            "equity": 3255572,
            "current_ratio": 230.71,
            "debt_ratio": 52.32,
            "inventory_turnover_ratio": 0.33,
            "account_receivable_turnover_ratio": 0.95,
            "reinvestment_rate": -8.07,
            "research_to_sale_ratio": 3,
            "price_fair": 128.8,
            "eps_avg_yearly": 3.68,
            "eps_latest_yearly": 1.88,
            "eps_growth_yearly": 236.89
        },
        "20221": {
            "year_quarter": 20221,
            "year": 2022,
            "quarter": 1,
            "eps": 1.04,
            "eps_growth_year": 940,
            "eps_4q": 3.46,
            "eps_4q_growth_year": 183.47,
            "roe": 2.96,
            "roe_4q": 10.21,
            "gross_profit": 247637,
            "gross_margin": 31.59,
            "gross_margin_4q_avg": 27.04,
            "net_income": 97845,
            "net_income_4q": null,
            "revenue": 783968,
            "revenue_4q": null,
            "common_shares": 941780,
            "book_valuer_per_share": 35.69,
            "book_valuer_per_share_4q_avg": 34.33,
            "equity": 3361307,
            "current_ratio": 219.01,
            "debt_ratio": 57,
            "inventory_turnover_ratio": 0.26,
            "account_receivable_turnover_ratio": 1,
            "reinvestment_rate": 112.2,
            "research_to_sale_ratio": 2.97,
            "price_fair": 130.33,
            "eps_avg_yearly": 3.72,
            "eps_latest_yearly": 4.16,
            "eps_growth_yearly": 259.45
        },
        "20222": {
            "year_quarter": 20222,
            "year": 2022,
            "quarter": 2,
            "eps": 0.57,
            "eps_growth_year": -25,
            "eps_4q": 3.28,
            "eps_4q_growth_year": 89.06,
            "roe": 1.62,
            "roe_4q": 9.52,
            "gross_profit": 252364,
            "gross_margin": 25.46,
            "gross_margin_4q_avg": 26.95,
            "net_income": 54027,
            "net_income_4q": null,
            "revenue": 991041,
            "revenue_4q": null,
            "common_shares": 941780,
            "book_valuer_per_share": 34.94,
            "book_valuer_per_share_4q_avg": 34.73,
            "equity": 3290608,
            "current_ratio": 211.51,
            "debt_ratio": 57.68,
            "inventory_turnover_ratio": 0.35,
            "account_receivable_turnover_ratio": 1.16,
            "reinvestment_rate": 137.78,
            "research_to_sale_ratio": 2.21,
            "price_fair": 104.11,
            "eps_avg_yearly": 2.97,
            "eps_latest_yearly": 2.28,
            "eps_growth_yearly": 211.56
        },
        "20223": {
            "year_quarter": 20223,
            "year": 2022,
            "quarter": 3,
            "eps": 1.14,
            "eps_growth_year": -4.2,
            "eps_4q": 3.23,
            "eps_4q_growth_year": 30.01,
            "roe": 3.22,
            "roe_4q": 9.18,
            "gross_profit": 242784,
            "gross_margin": 28.14,
            "gross_margin_4q_avg": 26.85,
            "net_income": 107657,
            "net_income_4q": null,
            "revenue": 862679,
            "revenue_4q": null,
            "common_shares": 941780,
            "book_valuer_per_share": 36.12,
            "book_valuer_per_share_4q_avg": 35.33,
            "equity": 3401516,
            "current_ratio": 201.49,
            "debt_ratio": 57.82,
            "inventory_turnover_ratio": 0.29,
            "account_receivable_turnover_ratio": 0.92,
            "reinvestment_rate": 144.41,
            "research_to_sale_ratio": 2.67,
            "price_fair": 93.04,
            "eps_avg_yearly": 2.66,
            "eps_latest_yearly": 4.56,
            "eps_growth_yearly": 256.49
        },
        "20224": {
            "year_quarter": 20224,
            "year": 2022,
            "quarter": 4,
            "eps": 0.26,
            "eps_growth_year": -44.73,
            "eps_4q": 3.02,
            "eps_4q_growth_year": 19.68,
            "roe": 0.71,
            "roe_4q": 8.510000000000002,
            "gross_profit": 194738,
            "gross_margin": 26.44,
            "gross_margin_4q_avg": 27.91,
            "net_income": 24482,
            "net_income_4q": null,
            "revenue": 736555,
            "revenue_4q": null,
            "common_shares": 941780,
            "book_valuer_per_share": 36.87,
            "book_valuer_per_share_4q_avg": 35.91,
            "equity": 3472550,
            "current_ratio": 325.35,
            "debt_ratio": 56.89,
            "inventory_turnover_ratio": 0.23,
            "account_receivable_turnover_ratio": 0.81,
            "reinvestment_rate": 152.8,
            "research_to_sale_ratio": 2.52,
            "price_fair": 84,
            "eps_avg_yearly": 2.4,
            "eps_latest_yearly": 1.04,
            "eps_growth_yearly": 247.24
        },
        "20231": {
            "year_quarter": 20231,
            "year": 2023,
            "quarter": 1,
            "eps": 0.43,
            "eps_growth_year": -58.65,
            "eps_4q": 2.39,
            "eps_4q_growth_year": -30.83,
            "roe": 1.16,
            "roe_4q": 6.71,
            "gross_profit": 173219,
            "gross_margin": 23.53,
            "gross_margin_4q_avg": 25.89,
            "net_income": 40451,
            "net_income_4q": null,
            "revenue": 736057,
            "revenue_4q": null,
            "common_shares": 941780,
            "book_valuer_per_share": 37.3,
            "book_valuer_per_share_4q_avg": 36.31,
            "equity": 3529375,
            "current_ratio": 280.92,
            "debt_ratio": 57.98,
            "inventory_turnover_ratio": 0.22,
            "account_receivable_turnover_ratio": 0.82,
            "reinvestment_rate": 149.86,
            "research_to_sale_ratio": 2.56,
            "price_fair": 86.93,
            "eps_avg_yearly": 2.48,
            "eps_latest_yearly": 1.72,
            "eps_growth_yearly": 299.88
        },
        "20232": {
            "year_quarter": 20232,
            "year": 2023,
            "quarter": 2,
            "eps": -0.32,
            "eps_growth_year": -156.14,
            "eps_4q": 1.49,
            "eps_4q_growth_year": -54.53,
            "roe": -0.89,
            "roe_4q": 4.2,
            "gross_profit": 149664,
            "gross_margin": 20.13,
            "gross_margin_4q_avg": 24.56,
            "net_income": -30846,
            "net_income_4q": null,
            "revenue": 743593,
            "revenue_4q": null,
            "common_shares": 946237,
            "book_valuer_per_share": 35.41,
            "book_valuer_per_share_4q_avg": 36.43,
            "equity": 3369692,
            "current_ratio": 249.13,
            "debt_ratio": 59.49,
            "inventory_turnover_ratio": 0.23,
            "account_receivable_turnover_ratio": 0.79,
            "reinvestment_rate": 156.02,
            "research_to_sale_ratio": 2.25,
            "price_fair": 86.93,
            "eps_avg_yearly": 2.48,
            "eps_latest_yearly": 1.72,
            "eps_growth_yearly": 299.88
        },
        "20233": {
            "year_quarter": 20233,
            "year": 2023,
            "quarter": 3,
            "eps": 0.3,
            "eps_growth_year": -73.68,
            "eps_4q": 0.65,
            "eps_4q_growth_year": -79.75,
            "roe": 0.83,
            "roe_4q": 1.8099999999999998,
            "gross_profit": 124145,
            "gross_margin": 19.71,
            "gross_margin_4q_avg": 22.45,
            "net_income": 28067,
            "net_income_4q": null,
            "revenue": 630000,
            "revenue_4q": null,
            "common_shares": 951588,
            "book_valuer_per_share": 35.77,
            "book_valuer_per_share_4q_avg": 36.34,
            "equity": 3403539,
            "current_ratio": 270.42,
            "debt_ratio": 58.31,
            "inventory_turnover_ratio": 0.19,
            "account_receivable_turnover_ratio": 0.64,
            "reinvestment_rate": 145.31,
            "research_to_sale_ratio": 3.43,
            "price_fair": 86.93,
            "eps_avg_yearly": 2.48,
            "eps_latest_yearly": 1.72,
            "eps_growth_yearly": 299.88
        }
    },
    "months": {
        "2014-11": {
            "month": "2014-11",
            "price": "38.64",
            "revenue": 154400
        },
        "2014-12": {
            "month": "2014-12",
            "price": "38.38",
            "revenue": 187855
        },
        "2015-01": {
            "month": "2015-01",
            "price": "38.31",
            "revenue": 154995
        },
        "2015-02": {
            "month": "2015-02",
            "price": "38.27",
            "revenue": 114457
        },
        "2015-03": {
            "month": "2015-03",
            "price": "37.60",
            "revenue": 177722
        },
        "2015-04": {
            "month": "2015-04",
            "price": "37.07",
            "revenue": 148176
        },
        "2015-05": {
            "month": "2015-05",
            "price": "36.45",
            "revenue": 156453
        },
        "2015-06": {
            "month": "2015-06",
            "price": "34.22",
            "revenue": 144602
        },
        "2015-07": {
            "month": "2015-07",
            "price": "30.03",
            "revenue": 153308
        },
        "2015-08": {
            "month": "2015-08",
            "price": "27.34",
            "revenue": 134360
        },
        "2015-09": {
            "month": "2015-09",
            "price": "24.98",
            "revenue": 124212
        },
        "2015-10": {
            "month": "2015-10",
            "price": "25.76",
            "revenue": 90720
        },
        "2015-11": {
            "month": "2015-11",
            "price": "25.42",
            "revenue": 102857
        },
        "2015-12": {
            "month": "2015-12",
            "price": "27.08",
            "revenue": 118329
        },
        "2016-01": {
            "month": "2016-01",
            "price": "25.71",
            "revenue": 75493
        },
        "2016-02": {
            "month": "2016-02",
            "price": "24.28",
            "revenue": 130714
        },
        "2016-03": {
            "month": "2016-03",
            "price": "23.39",
            "revenue": 165684
        },
        "2016-04": {
            "month": "2016-04",
            "price": "22.60",
            "revenue": 133510
        },
        "2016-05": {
            "month": "2016-05",
            "price": "22.37",
            "revenue": 139191
        },
        "2016-06": {
            "month": "2016-06",
            "price": "22.72",
            "revenue": 143839
        },
        "2016-07": {
            "month": "2016-07",
            "price": "21.36",
            "revenue": 150242
        },
        "2016-08": {
            "month": "2016-08",
            "price": "18.19",
            "revenue": 152178
        },
        "2016-09": {
            "month": "2016-09",
            "price": "20.53",
            "revenue": 145394
        },
        "2016-10": {
            "month": "2016-10",
            "price": "19.29",
            "revenue": 160634
        },
        "2016-11": {
            "month": "2016-11",
            "price": "18.07",
            "revenue": 164688
        },
        "2016-12": {
            "month": "2016-12",
            "price": "17.40",
            "revenue": 183879
        },
        "2017-01": {
            "month": "2017-01",
            "price": "24.17",
            "revenue": 92590
        },
        "2017-02": {
            "month": "2017-02",
            "price": "26.17",
            "revenue": 185846
        },
        "2017-03": {
            "month": "2017-03",
            "price": "27.31",
            "revenue": 204232
        },
        "2017-04": {
            "month": "2017-04",
            "price": "27.09",
            "revenue": 202496
        },
        "2017-05": {
            "month": "2017-05",
            "price": "27.92",
            "revenue": 217817
        },
        "2017-06": {
            "month": "2017-06",
            "price": "31.30",
            "revenue": 238470
        },
        "2017-07": {
            "month": "2017-07",
            "price": "31.38",
            "revenue": 250584
        },
        "2017-08": {
            "month": "2017-08",
            "price": "33.18",
            "revenue": 258299
        },
        "2017-09": {
            "month": "2017-09",
            "price": "40.35",
            "revenue": 259370
        },
        "2017-10": {
            "month": "2017-10",
            "price": "46.78",
            "revenue": 270161
        },
        "2017-11": {
            "month": "2017-11",
            "price": "49.43",
            "revenue": 264479
        },
        "2017-12": {
            "month": "2017-12",
            "price": "46.32",
            "revenue": 265091
        },
        "2018-01": {
            "month": "2018-01",
            "price": "59.84",
            "revenue": 237300
        },
        "2018-02": {
            "month": "2018-02",
            "price": "79.98",
            "revenue": 207807
        },
        "2018-03": {
            "month": "2018-03",
            "price": "96.67",
            "revenue": 300753
        },
        "2018-04": {
            "month": "2018-04",
            "price": "139.73",
            "revenue": 320476
        },
        "2018-05": {
            "month": "2018-05",
            "price": "146.01",
            "revenue": 323835
        },
        "2018-06": {
            "month": "2018-06",
            "price": "134.00",
            "revenue": 331164
        },
        "2018-07": {
            "month": "2018-07",
            "price": "125.51",
            "revenue": 334163
        },
        "2018-08": {
            "month": "2018-08",
            "price": "119.11",
            "revenue": 328989
        },
        "2018-09": {
            "month": "2018-09",
            "price": "93.73",
            "revenue": 228022
        },
        "2018-10": {
            "month": "2018-10",
            "price": "66.30",
            "revenue": 338790
        },
        "2018-11": {
            "month": "2018-11",
            "price": "67.08",
            "revenue": 252996
        },
        "2018-12": {
            "month": "2018-12",
            "price": "65.28",
            "revenue": 214061
        },
        "2019-01": {
            "month": "2019-01",
            "price": "63.29",
            "revenue": 154436
        },
        "2019-02": {
            "month": "2019-02",
            "price": "68.75",
            "revenue": 165896
        },
        "2019-03": {
            "month": "2019-03",
            "price": "69.78",
            "revenue": 182598
        },
        "2019-04": {
            "month": "2019-04",
            "price": "81.18",
            "revenue": 192332
        },
        "2019-05": {
            "month": "2019-05",
            "price": "67.23",
            "revenue": 195171
        },
        "2019-06": {
            "month": "2019-06",
            "price": "63.38",
            "revenue": 200014
        },
        "2019-07": {
            "month": "2019-07",
            "price": "72.24",
            "revenue": 140105
        },
        "2019-08": {
            "month": "2019-08",
            "price": "60.79",
            "revenue": 196393
        },
        "2019-09": {
            "month": "2019-09",
            "price": "61.80",
            "revenue": 145111
        },
        "2019-10": {
            "month": "2019-10",
            "price": "60.95",
            "revenue": 192324
        },
        "2019-11": {
            "month": "2019-11",
            "price": "52.20",
            "revenue": 183022
        },
        "2019-12": {
            "month": "2019-12",
            "price": "49.41",
            "revenue": 160464
        },
        "2020-01": {
            "month": "2020-01",
            "price": "50.65",
            "revenue": 95811
        },
        "2020-02": {
            "month": "2020-02",
            "price": "47.42",
            "revenue": 196635
        },
        "2020-03": {
            "month": "2020-03",
            "price": "43.41",
            "revenue": 251213
        },
        "2020-04": {
            "month": "2020-04",
            "price": "48.41",
            "revenue": 241847
        },
        "2020-05": {
            "month": "2020-05",
            "price": "53.28",
            "revenue": 216908
        },
        "2020-06": {
            "month": "2020-06",
            "price": "56.13",
            "revenue": 240190
        },
        "2020-07": {
            "month": "2020-07",
            "price": "51.36",
            "revenue": 258921
        },
        "2020-08": {
            "month": "2020-08",
            "price": "48.86",
            "revenue": 261871
        },
        "2020-09": {
            "month": "2020-09",
            "price": "47.44",
            "revenue": 195344
        },
        "2020-10": {
            "month": "2020-10",
            "price": "45.02",
            "revenue": 286516
        },
        "2020-11": {
            "month": "2020-11",
            "price": "45.71",
            "revenue": 225096
        },
        "2020-12": {
            "month": "2020-12",
            "price": "54.19",
            "revenue": 269869
        },
        "2021-01": {
            "month": "2021-01",
            "price": "58.23",
            "revenue": 141398
        },
        "2021-02": {
            "month": "2021-02",
            "price": "57.86",
            "revenue": 209859
        },
        "2021-03": {
            "month": "2021-03",
            "price": "59.87",
            "revenue": 293560
        },
        "2021-04": {
            "month": "2021-04",
            "price": "63.33",
            "revenue": 268079
        },
        "2021-05": {
            "month": "2021-05",
            "price": "51.16",
            "revenue": 310702
        },
        "2021-06": {
            "month": "2021-06",
            "price": "52.71",
            "revenue": 310356
        },
        "2021-07": {
            "month": "2021-07",
            "price": "54.30",
            "revenue": 321500
        },
        "2021-08": {
            "month": "2021-08",
            "price": "50.92",
            "revenue": 292876
        },
        "2021-09": {
            "month": "2021-09",
            "price": "48.64",
            "revenue": 349208
        },
        "2021-10": {
            "month": "2021-10",
            "price": "47.24",
            "revenue": 255403
        },
        "2021-11": {
            "month": "2021-11",
            "price": "48.68",
            "revenue": 248312
        },
        "2021-12": {
            "month": "2021-12",
            "price": "48.25",
            "revenue": 284290
        },
        "2022-01": {
            "month": "2022-01",
            "price": "47.70",
            "revenue": 278854
        },
        "2022-02": {
            "month": "2022-02",
            "price": "47.59",
            "revenue": 176460
        },
        "2022-03": {
            "month": "2022-03",
            "price": "46.30",
            "revenue": 328654
        },
        "2022-04": {
            "month": "2022-04",
            "price": "43.91",
            "revenue": 282040
        },
        "2022-05": {
            "month": "2022-05",
            "price": "41.74",
            "revenue": 381677
        },
        "2022-06": {
            "month": "2022-06",
            "price": "45.21",
            "revenue": 326773
        },
        "2022-07": {
            "month": "2022-07",
            "price": "42.84",
            "revenue": 329530
        },
        "2022-08": {
            "month": "2022-08",
            "price": "45.39",
            "revenue": 283229
        },
        "2022-09": {
            "month": "2022-09",
            "price": "42.75",
            "revenue": 250471
        },
        "2022-10": {
            "month": "2022-10",
            "price": "34.06",
            "revenue": 236183
        },
        "2022-11": {
            "month": "2022-11",
            "price": "35.32",
            "revenue": 268920
        },
        "2022-12": {
            "month": "2022-12",
            "price": "37.18",
            "revenue": 231452
        },
        "2023-01": {
            "month": "2023-01",
            "price": "37.20",
            "revenue": 203363
        },
        "2023-02": {
            "month": "2023-02",
            "price": "40.31",
            "revenue": 243250
        },
        "2023-03": {
            "month": "2023-03",
            "price": "41.58",
            "revenue": 288959
        },
        "2023-04": {
            "month": "2023-04",
            "price": "42.25",
            "revenue": 226059
        },
        "2023-05": {
            "month": "2023-05",
            "price": "41.41",
            "revenue": 263453
        },
        "2023-06": {
            "month": "2023-06",
            "price": "40.35",
            "revenue": 254052
        },
        "2023-07": {
            "month": "2023-07",
            "price": "38.93",
            "revenue": 204164
        },
        "2023-08": {
            "month": "2023-08",
            "price": "34.48",
            "revenue": 249048
        },
        "2023-09": {
            "month": "2023-09",
            "price": "32.56",
            "revenue": 176788
        },
        "2023-10": {
            "month": "2023-10",
            "price": "31.27",
            "revenue": 149449
        },
        "2023-11": {
            "month": "2023-11",
            "price": "31.50",
            "revenue": 141889
        },
        "2023-12": {
            "month": "2023-12",
            "price": "32.65",
            "revenue": 170691
        }
    }
}
