{
    "summary": {
        "stock_name": "晟田",
        "stock_id": "4541",
        "category": "其他",
        "main_business": "航太產業發動機、起落架及其他次系統相關零組件。<br>半導體設備及相關零組件。<br>無菌食品充填設備產業及工業用自動化精密傳動相關零組件。",
        "website_url": "http://www.maicl.com",
        "ceo": "黃寶文",
        "pe_ratio": -133,
        "report_year_from": 2012,
        "report_year_to": 2023,
        "age": 12,
        "eps_negative_percentage": 36,
        "eps_growth_avg": {
            "last_all": -54.06,
            "last_2y": -100,
            "last_4y": -83.17,
            "last_8y": -79.66,
            "last_12y": null,
            "last_16y": null,
            "last_20y": null,
            "at_2006_last_3y": null,
            "at_2007_last_3y": null,
            "at_2008_last_3y": null,
            "at_2009_last_3y": null,
            "at_2010_last_3y": null,
            "at_2011_last_3y": null,
            "at_2012_last_3y": null,
            "at_2013_last_3y": null,
            "at_2014_last_3y": null,
            "at_2015_last_3y": null,
            "at_2016_last_3y": null,
            "at_2017_last_3y": -24.95,
            "at_2018_last_3y": -74.4,
            "at_2019_last_3y": -74.75,
            "at_2020_last_3y": -74.75,
            "at_2021_last_3y": -74.75,
            "at_2022_last_3y": -74.75,
            "at_2023_last_3y": -100,
            "at_2024_last_3y": -100,
            "at_2006_last_all": null,
            "at_2007_last_all": null,
            "at_2008_last_all": null,
            "at_2009_last_all": null,
            "at_2010_last_all": null,
            "at_2011_last_all": null,
            "at_2012_last_all": null,
            "at_2013_last_all": null,
            "at_2014_last_all": null,
            "at_2015_last_all": 12.58,
            "at_2016_last_all": -24.95,
            "at_2017_last_all": -24.95,
            "at_2018_last_all": -24.95,
            "at_2019_last_all": -31.09,
            "at_2020_last_all": -44.87,
            "at_2021_last_all": -44.87,
            "at_2022_last_all": -44.87,
            "at_2023_last_all": -54.06,
            "at_2024_last_all": -54.06
        },
        "latest_eps": -0.23,
        "latest_price": 30.5,
        "latest_roe": -0.95,
        "latest_gross_margin": 2.95,
        "latest_equity": 1572184,
        "latest_revenue": 313002,
        "latest_gross_profit": 9238,
        "latest_net_income": -2754,
        "latest_debt_ratio": 60.02,
        "latest_current_ratio": 164.05,
        "latest_account_receivable_turnover_ratio": 1.12,
        "latest_inventory_turnover_ratio": 0.79,
        "latest_reinvestment_rate": -3778.63,
        "latest_research_to_sale_ratio": 4.81
    },
    "eps_dividends": {
        "2001": {
            "cash": 0,
            "stock": 0,
            "eps": 0
        },
        "2002": {
            "cash": 0,
            "stock": 0,
            "eps": 0
        },
        "2003": {
            "cash": 0,
            "stock": 0,
            "eps": 0
        },
        "2004": {
            "cash": 0,
            "stock": 0,
            "eps": 0
        },
        "2005": {
            "cash": 0,
            "stock": 0,
            "eps": 0
        },
        "2006": {
            "cash": 0,
            "stock": 0,
            "eps": 0
        },
        "2007": {
            "cash": 0,
            "stock": 0,
            "eps": 0
        },
        "2008": {
            "cash": 0,
            "stock": 0,
            "eps": 0
        },
        "2009": {
            "cash": 0,
            "stock": 0,
            "eps": 0
        },
        "2010": {
            "cash": 0,
            "stock": 0,
            "eps": 0
        },
        "2011": {
            "cash": 0,
            "stock": 0,
            "eps": 0
        },
        "2012": {
            "cash": 0,
            "stock": 0,
            "eps": 0
        },
        "2013": {
            "cash": 0.55,
            "stock": 0.1,
            "eps": 1.19
        },
        "2014": {
            "cash": 1.25,
            "stock": 0.1,
            "eps": 2.07
        },
        "2015": {
            "cash": 1.2,
            "stock": 0,
            "eps": 1.06
        },
        "2016": {
            "cash": 0.9,
            "stock": 0,
            "eps": -0.35
        },
        "2017": {
            "cash": 0.3,
            "stock": 0,
            "eps": -1.19
        },
        "2018": {
            "cash": 0.3,
            "stock": 0,
            "eps": 2.04
        },
        "2019": {
            "cash": 1.1,
            "stock": 0,
            "eps": 1.03
        },
        "2020": {
            "cash": 0.7,
            "stock": 0,
            "eps": -1.13
        },
        "2021": {
            "cash": 0.2,
            "stock": 0,
            "eps": 0
        },
        "2022": {
            "cash": 0.4,
            "stock": 0,
            "eps": 1.8
        },
        "2023": {
            "cash": 1.4,
            "stock": 0,
            "eps": -0.54
        }
    },
    "dividends": {
        "2013-06-25": {
            "cash": 0.55,
            "stock": 0.1
        },
        "2014-09-25": {
            "cash": 1.25,
            "stock": 0.1
        },
        "2015-09-11": {
            "cash": 1.2,
            "stock": 0
        },
        "2016-09-08": {
            "cash": 0.9,
            "stock": 0
        },
        "2017-10-02": {
            "cash": 0.3,
            "stock": 0
        },
        "2018-08-29": {
            "cash": 0.3,
            "stock": 0
        },
        "2019-09-12": {
            "cash": 1.1,
            "stock": 0
        },
        "2020-09-30": {
            "cash": 0.7,
            "stock": 0
        },
        "2021-09-30": {
            "cash": 0.2,
            "stock": 0
        },
        "2022-08-04": {
            "cash": 0.4,
            "stock": 0
        },
        "2023-08-03": {
            "cash": 1.4,
            "stock": 0
        }
    },
    "prices": {
        "200101": "無",
        "200102": "無",
        "200103": "無",
        "200104": "無",
        "200105": "無",
        "200106": "無",
        "200107": "無",
        "200108": "無",
        "200109": "無",
        "200110": "無",
        "200111": "無",
        "200112": "無",
        "200201": "無",
        "200202": "無",
        "200203": "無",
        "200204": "無",
        "200205": "無",
        "200206": "無",
        "200207": "無",
        "200208": "無",
        "200209": "無",
        "200210": "無",
        "200211": "無",
        "200212": "無",
        "200301": "無",
        "200302": "無",
        "200303": "無",
        "200304": "無",
        "200305": "無",
        "200306": "無",
        "200307": "無",
        "200308": "無",
        "200309": "無",
        "200310": "無",
        "200311": "無",
        "200312": "無",
        "200401": "無",
        "200402": "無",
        "200403": "無",
        "200404": "無",
        "200405": "無",
        "200406": "無",
        "200407": "無",
        "200408": "無",
        "200409": "無",
        "200410": "無",
        "200411": "無",
        "200412": "無",
        "200501": "無",
        "200502": "無",
        "200503": "無",
        "200504": "無",
        "200505": "無",
        "200506": "無",
        "200507": "無",
        "200508": "無",
        "200509": "無",
        "200510": "無",
        "200511": "無",
        "200512": "無",
        "200601": "無",
        "200602": "無",
        "200603": "無",
        "200604": "無",
        "200605": "無",
        "200606": "無",
        "200607": "無",
        "200608": "無",
        "200609": "無",
        "200610": "無",
        "200611": "無",
        "200612": "無",
        "200701": "無",
        "200702": "無",
        "200703": "無",
        "200704": "無",
        "200705": "無",
        "200706": "無",
        "200707": "無",
        "200708": "無",
        "200709": "無",
        "200710": "無",
        "200711": "無",
        "200712": "無",
        "200801": "無",
        "200802": "無",
        "200803": "無",
        "200804": "無",
        "200805": "無",
        "200806": "無",
        "200807": "無",
        "200808": "無",
        "200809": "無",
        "200810": "無",
        "200811": "無",
        "200812": "無",
        "200901": "無",
        "200902": "無",
        "200903": "無",
        "200904": "無",
        "200905": "無",
        "200906": "無",
        "200907": "無",
        "200908": "無",
        "200909": "無",
        "200910": "無",
        "200911": "無",
        "200912": "無",
        "201001": "無",
        "201002": "無",
        "201003": "無",
        "201004": "無",
        "201005": "無",
        "201006": "無",
        "201007": "無",
        "201008": "無",
        "201009": "無",
        "201010": "無",
        "201011": "無",
        "201012": "無",
        "201101": "無",
        "201102": "無",
        "201103": "無",
        "201104": "無",
        "201105": "無",
        "201106": "無",
        "201107": "無",
        "201108": "無",
        "201109": "無",
        "201110": "無",
        "201111": "無",
        "201112": "無",
        "201201": "無",
        "201202": "無",
        "201203": "無",
        "201204": "無",
        "201205": "無",
        "201206": "無",
        "201207": "無",
        "201208": "無",
        "201209": "無",
        "201210": "無",
        "201211": "無",
        "201212": "無",
        "201301": "無",
        "201302": "無",
        "201303": "無",
        "201304": "無",
        "201305": "無",
        "201306": "31.74",
        "201307": "27.89",
        "201308": "31.46",
        "201309": "37.39",
        "201310": "38.90",
        "201311": "41.25",
        "201312": "43.07",
        "201401": "48.70",
        "201402": "49.68",
        "201403": "50.91",
        "201404": "55.34",
        "201405": "53.25",
        "201406": "57.97",
        "201407": "69.94",
        "201408": "65.42",
        "201409": "59.94",
        "201410": "46.71",
        "201411": "42.33",
        "201412": "47.75",
        "201501": "45.82",
        "201502": "44.05",
        "201503": "42.58",
        "201504": "40.95",
        "201505": "37.91",
        "201506": "34.00",
        "201507": "33.86",
        "201508": "28.82",
        "201509": "29.19",
        "201510": "31.43",
        "201511": "32.07",
        "201512": "34.31",
        "201601": "30.23",
        "201602": "32.20",
        "201603": "33.04",
        "201604": "36.06",
        "201605": "33.35",
        "201606": "33.90",
        "201607": "33.00",
        "201608": "32.86",
        "201609": "30.58",
        "201610": "29.11",
        "201611": "27.04",
        "201612": "26.60",
        "201701": "26.32",
        "201702": "27.09",
        "201703": "27.18",
        "201704": "26.38",
        "201705": "24.70",
        "201706": "24.45",
        "201707": "24.09",
        "201708": "23.71",
        "201709": "25.77",
        "201710": "26.38",
        "201711": "27.34",
        "201712": "28.70",
        "201801": "27.62",
        "201802": "26.71",
        "201803": "28.07",
        "201804": "30.59",
        "201805": "30.43",
        "201806": "31.09",
        "201807": "31.75",
        "201808": "29.94",
        "201809": "29.75",
        "201810": "29.10",
        "201811": "28.10",
        "201812": "27.33",
        "201901": "28.93",
        "201902": "32.78",
        "201903": "33.76",
        "201904": "31.30",
        "201905": "29.28",
        "201906": "29.86",
        "201907": "30.78",
        "201908": "28.19",
        "201909": "27.52",
        "201910": "25.86",
        "201911": "25.43",
        "201912": "25.71",
        "202001": "25.79",
        "202002": "24.32",
        "202003": "18.43",
        "202004": "17.87",
        "202005": "18.12",
        "202006": "20.11",
        "202007": "19.68",
        "202008": "19.17",
        "202009": "19.01",
        "202010": "18.70",
        "202011": "18.55",
        "202012": "18.87",
        "202101": "18.05",
        "202102": "17.63",
        "202103": "20.24",
        "202104": "21.31",
        "202105": "19.25",
        "202106": "22.67",
        "202107": "23.67",
        "202108": "23.90",
        "202109": "22.30",
        "202110": "22.52",
        "202111": "24.26",
        "202112": "24.54",
        "202201": "23.21",
        "202202": "23.74",
        "202203": "22.78",
        "202204": "24.12",
        "202205": "23.44",
        "202206": "25.44",
        "202207": "28.19",
        "202208": "30.10",
        "202209": "33.42",
        "202210": "27.52",
        "202211": "28.84",
        "202212": "29.93",
        "202301": "29.69",
        "202302": "30.84",
        "202303": "33.78",
        "202304": "39.26",
        "202305": "44.60",
        "202306": "43.41",
        "202307": "38.96",
        "202308": "36.26",
        "202309": "35.33",
        "202310": "32.06",
        "202311": "31.41",
        "202312": "31.61"
    },
    "quarters": {
        "20011": {
            "year_quarter": 20011,
            "year": 2001,
            "quarter": 1,
            "eps": null,
            "eps_growth_year": null,
            "eps_4q": null,
            "eps_4q_growth_year": null,
            "roe": null,
            "roe_4q": 0,
            "gross_profit": null,
            "gross_margin": null,
            "gross_margin_4q_avg": 0,
            "net_income": null,
            "net_income_4q": null,
            "revenue": null,
            "revenue_4q": null,
            "common_shares": null,
            "book_valuer_per_share": null,
            "book_valuer_per_share_4q_avg": 0,
            "equity": null,
            "current_ratio": null,
            "debt_ratio": null,
            "inventory_turnover_ratio": null,
            "account_receivable_turnover_ratio": null,
            "reinvestment_rate": null,
            "research_to_sale_ratio": null,
            "price_fair": 0,
            "eps_avg_yearly": 0,
            "eps_latest_yearly": 0,
            "eps_growth_yearly": 0
        },
        "20012": {
            "year_quarter": 20012,
            "year": 2001,
            "quarter": 2,
            "eps": null,
            "eps_growth_year": null,
            "eps_4q": null,
            "eps_4q_growth_year": null,
            "roe": null,
            "roe_4q": 0,
            "gross_profit": null,
            "gross_margin": null,
            "gross_margin_4q_avg": 0,
            "net_income": null,
            "net_income_4q": null,
            "revenue": null,
            "revenue_4q": null,
            "common_shares": null,
            "book_valuer_per_share": null,
            "book_valuer_per_share_4q_avg": 0,
            "equity": null,
            "current_ratio": null,
            "debt_ratio": null,
            "inventory_turnover_ratio": null,
            "account_receivable_turnover_ratio": null,
            "reinvestment_rate": null,
            "research_to_sale_ratio": null,
            "price_fair": 0,
            "eps_avg_yearly": 0,
            "eps_latest_yearly": 0,
            "eps_growth_yearly": 0
        },
        "20013": {
            "year_quarter": 20013,
            "year": 2001,
            "quarter": 3,
            "eps": null,
            "eps_growth_year": null,
            "eps_4q": null,
            "eps_4q_growth_year": null,
            "roe": null,
            "roe_4q": 0,
            "gross_profit": null,
            "gross_margin": null,
            "gross_margin_4q_avg": 0,
            "net_income": null,
            "net_income_4q": null,
            "revenue": null,
            "revenue_4q": null,
            "common_shares": null,
            "book_valuer_per_share": null,
            "book_valuer_per_share_4q_avg": 0,
            "equity": null,
            "current_ratio": null,
            "debt_ratio": null,
            "inventory_turnover_ratio": null,
            "account_receivable_turnover_ratio": null,
            "reinvestment_rate": null,
            "research_to_sale_ratio": null,
            "price_fair": 0,
            "eps_avg_yearly": 0,
            "eps_latest_yearly": 0,
            "eps_growth_yearly": 0
        },
        "20014": {
            "year_quarter": 20014,
            "year": 2001,
            "quarter": 4,
            "eps": null,
            "eps_growth_year": null,
            "eps_4q": null,
            "eps_4q_growth_year": null,
            "roe": null,
            "roe_4q": 0,
            "gross_profit": null,
            "gross_margin": null,
            "gross_margin_4q_avg": 0,
            "net_income": null,
            "net_income_4q": null,
            "revenue": null,
            "revenue_4q": null,
            "common_shares": null,
            "book_valuer_per_share": null,
            "book_valuer_per_share_4q_avg": 0,
            "equity": null,
            "current_ratio": null,
            "debt_ratio": null,
            "inventory_turnover_ratio": null,
            "account_receivable_turnover_ratio": null,
            "reinvestment_rate": null,
            "research_to_sale_ratio": null,
            "price_fair": 0,
            "eps_avg_yearly": 0,
            "eps_latest_yearly": 0,
            "eps_growth_yearly": 0
        },
        "20021": {
            "year_quarter": 20021,
            "year": 2002,
            "quarter": 1,
            "eps": null,
            "eps_growth_year": null,
            "eps_4q": null,
            "eps_4q_growth_year": null,
            "roe": null,
            "roe_4q": 0,
            "gross_profit": null,
            "gross_margin": null,
            "gross_margin_4q_avg": 0,
            "net_income": null,
            "net_income_4q": null,
            "revenue": null,
            "revenue_4q": null,
            "common_shares": null,
            "book_valuer_per_share": null,
            "book_valuer_per_share_4q_avg": 0,
            "equity": null,
            "current_ratio": null,
            "debt_ratio": null,
            "inventory_turnover_ratio": null,
            "account_receivable_turnover_ratio": null,
            "reinvestment_rate": null,
            "research_to_sale_ratio": null,
            "price_fair": 0,
            "eps_avg_yearly": 0,
            "eps_latest_yearly": 0,
            "eps_growth_yearly": 0
        },
        "20022": {
            "year_quarter": 20022,
            "year": 2002,
            "quarter": 2,
            "eps": null,
            "eps_growth_year": null,
            "eps_4q": null,
            "eps_4q_growth_year": null,
            "roe": null,
            "roe_4q": 0,
            "gross_profit": null,
            "gross_margin": null,
            "gross_margin_4q_avg": 0,
            "net_income": null,
            "net_income_4q": null,
            "revenue": null,
            "revenue_4q": null,
            "common_shares": null,
            "book_valuer_per_share": null,
            "book_valuer_per_share_4q_avg": 0,
            "equity": null,
            "current_ratio": null,
            "debt_ratio": null,
            "inventory_turnover_ratio": null,
            "account_receivable_turnover_ratio": null,
            "reinvestment_rate": null,
            "research_to_sale_ratio": null,
            "price_fair": 0,
            "eps_avg_yearly": 0,
            "eps_latest_yearly": 0,
            "eps_growth_yearly": 0
        },
        "20023": {
            "year_quarter": 20023,
            "year": 2002,
            "quarter": 3,
            "eps": null,
            "eps_growth_year": null,
            "eps_4q": null,
            "eps_4q_growth_year": null,
            "roe": null,
            "roe_4q": 0,
            "gross_profit": null,
            "gross_margin": null,
            "gross_margin_4q_avg": 0,
            "net_income": null,
            "net_income_4q": null,
            "revenue": null,
            "revenue_4q": null,
            "common_shares": null,
            "book_valuer_per_share": null,
            "book_valuer_per_share_4q_avg": 0,
            "equity": null,
            "current_ratio": null,
            "debt_ratio": null,
            "inventory_turnover_ratio": null,
            "account_receivable_turnover_ratio": null,
            "reinvestment_rate": null,
            "research_to_sale_ratio": null,
            "price_fair": 0,
            "eps_avg_yearly": 0,
            "eps_latest_yearly": 0,
            "eps_growth_yearly": 0
        },
        "20024": {
            "year_quarter": 20024,
            "year": 2002,
            "quarter": 4,
            "eps": null,
            "eps_growth_year": null,
            "eps_4q": null,
            "eps_4q_growth_year": null,
            "roe": null,
            "roe_4q": 0,
            "gross_profit": null,
            "gross_margin": null,
            "gross_margin_4q_avg": 0,
            "net_income": null,
            "net_income_4q": null,
            "revenue": null,
            "revenue_4q": null,
            "common_shares": null,
            "book_valuer_per_share": null,
            "book_valuer_per_share_4q_avg": 0,
            "equity": null,
            "current_ratio": null,
            "debt_ratio": null,
            "inventory_turnover_ratio": null,
            "account_receivable_turnover_ratio": null,
            "reinvestment_rate": null,
            "research_to_sale_ratio": null,
            "price_fair": 0,
            "eps_avg_yearly": 0,
            "eps_latest_yearly": 0,
            "eps_growth_yearly": 0
        },
        "20031": {
            "year_quarter": 20031,
            "year": 2003,
            "quarter": 1,
            "eps": null,
            "eps_growth_year": null,
            "eps_4q": null,
            "eps_4q_growth_year": null,
            "roe": null,
            "roe_4q": 0,
            "gross_profit": null,
            "gross_margin": null,
            "gross_margin_4q_avg": 0,
            "net_income": null,
            "net_income_4q": null,
            "revenue": null,
            "revenue_4q": null,
            "common_shares": null,
            "book_valuer_per_share": null,
            "book_valuer_per_share_4q_avg": 0,
            "equity": null,
            "current_ratio": null,
            "debt_ratio": null,
            "inventory_turnover_ratio": null,
            "account_receivable_turnover_ratio": null,
            "reinvestment_rate": null,
            "research_to_sale_ratio": null,
            "price_fair": 0,
            "eps_avg_yearly": 0,
            "eps_latest_yearly": 0,
            "eps_growth_yearly": 0
        },
        "20032": {
            "year_quarter": 20032,
            "year": 2003,
            "quarter": 2,
            "eps": null,
            "eps_growth_year": null,
            "eps_4q": null,
            "eps_4q_growth_year": null,
            "roe": null,
            "roe_4q": 0,
            "gross_profit": null,
            "gross_margin": null,
            "gross_margin_4q_avg": 0,
            "net_income": null,
            "net_income_4q": null,
            "revenue": null,
            "revenue_4q": null,
            "common_shares": null,
            "book_valuer_per_share": null,
            "book_valuer_per_share_4q_avg": 0,
            "equity": null,
            "current_ratio": null,
            "debt_ratio": null,
            "inventory_turnover_ratio": null,
            "account_receivable_turnover_ratio": null,
            "reinvestment_rate": null,
            "research_to_sale_ratio": null,
            "price_fair": 0,
            "eps_avg_yearly": 0,
            "eps_latest_yearly": 0,
            "eps_growth_yearly": 0
        },
        "20033": {
            "year_quarter": 20033,
            "year": 2003,
            "quarter": 3,
            "eps": null,
            "eps_growth_year": null,
            "eps_4q": null,
            "eps_4q_growth_year": null,
            "roe": null,
            "roe_4q": 0,
            "gross_profit": null,
            "gross_margin": null,
            "gross_margin_4q_avg": 0,
            "net_income": null,
            "net_income_4q": null,
            "revenue": null,
            "revenue_4q": null,
            "common_shares": null,
            "book_valuer_per_share": null,
            "book_valuer_per_share_4q_avg": 0,
            "equity": null,
            "current_ratio": null,
            "debt_ratio": null,
            "inventory_turnover_ratio": null,
            "account_receivable_turnover_ratio": null,
            "reinvestment_rate": null,
            "research_to_sale_ratio": null,
            "price_fair": 0,
            "eps_avg_yearly": 0,
            "eps_latest_yearly": 0,
            "eps_growth_yearly": 0
        },
        "20034": {
            "year_quarter": 20034,
            "year": 2003,
            "quarter": 4,
            "eps": null,
            "eps_growth_year": null,
            "eps_4q": null,
            "eps_4q_growth_year": null,
            "roe": null,
            "roe_4q": 0,
            "gross_profit": null,
            "gross_margin": null,
            "gross_margin_4q_avg": 0,
            "net_income": null,
            "net_income_4q": null,
            "revenue": null,
            "revenue_4q": null,
            "common_shares": null,
            "book_valuer_per_share": null,
            "book_valuer_per_share_4q_avg": 0,
            "equity": null,
            "current_ratio": null,
            "debt_ratio": null,
            "inventory_turnover_ratio": null,
            "account_receivable_turnover_ratio": null,
            "reinvestment_rate": null,
            "research_to_sale_ratio": null,
            "price_fair": 0,
            "eps_avg_yearly": 0,
            "eps_latest_yearly": 0,
            "eps_growth_yearly": 0
        },
        "20041": {
            "year_quarter": 20041,
            "year": 2004,
            "quarter": 1,
            "eps": null,
            "eps_growth_year": null,
            "eps_4q": null,
            "eps_4q_growth_year": null,
            "roe": null,
            "roe_4q": 0,
            "gross_profit": null,
            "gross_margin": null,
            "gross_margin_4q_avg": 0,
            "net_income": null,
            "net_income_4q": null,
            "revenue": null,
            "revenue_4q": null,
            "common_shares": null,
            "book_valuer_per_share": null,
            "book_valuer_per_share_4q_avg": 0,
            "equity": null,
            "current_ratio": null,
            "debt_ratio": null,
            "inventory_turnover_ratio": null,
            "account_receivable_turnover_ratio": null,
            "reinvestment_rate": null,
            "research_to_sale_ratio": null,
            "price_fair": 0,
            "eps_avg_yearly": 0,
            "eps_latest_yearly": 0,
            "eps_growth_yearly": 0
        },
        "20042": {
            "year_quarter": 20042,
            "year": 2004,
            "quarter": 2,
            "eps": null,
            "eps_growth_year": null,
            "eps_4q": null,
            "eps_4q_growth_year": null,
            "roe": null,
            "roe_4q": 0,
            "gross_profit": null,
            "gross_margin": null,
            "gross_margin_4q_avg": 0,
            "net_income": null,
            "net_income_4q": null,
            "revenue": null,
            "revenue_4q": null,
            "common_shares": null,
            "book_valuer_per_share": null,
            "book_valuer_per_share_4q_avg": 0,
            "equity": null,
            "current_ratio": null,
            "debt_ratio": null,
            "inventory_turnover_ratio": null,
            "account_receivable_turnover_ratio": null,
            "reinvestment_rate": null,
            "research_to_sale_ratio": null,
            "price_fair": 0,
            "eps_avg_yearly": 0,
            "eps_latest_yearly": 0,
            "eps_growth_yearly": 0
        },
        "20043": {
            "year_quarter": 20043,
            "year": 2004,
            "quarter": 3,
            "eps": null,
            "eps_growth_year": null,
            "eps_4q": null,
            "eps_4q_growth_year": null,
            "roe": null,
            "roe_4q": 0,
            "gross_profit": null,
            "gross_margin": null,
            "gross_margin_4q_avg": 0,
            "net_income": null,
            "net_income_4q": null,
            "revenue": null,
            "revenue_4q": null,
            "common_shares": null,
            "book_valuer_per_share": null,
            "book_valuer_per_share_4q_avg": 0,
            "equity": null,
            "current_ratio": null,
            "debt_ratio": null,
            "inventory_turnover_ratio": null,
            "account_receivable_turnover_ratio": null,
            "reinvestment_rate": null,
            "research_to_sale_ratio": null,
            "price_fair": 0,
            "eps_avg_yearly": 0,
            "eps_latest_yearly": 0,
            "eps_growth_yearly": 0
        },
        "20044": {
            "year_quarter": 20044,
            "year": 2004,
            "quarter": 4,
            "eps": null,
            "eps_growth_year": null,
            "eps_4q": null,
            "eps_4q_growth_year": null,
            "roe": null,
            "roe_4q": 0,
            "gross_profit": null,
            "gross_margin": null,
            "gross_margin_4q_avg": 0,
            "net_income": null,
            "net_income_4q": null,
            "revenue": null,
            "revenue_4q": null,
            "common_shares": null,
            "book_valuer_per_share": null,
            "book_valuer_per_share_4q_avg": 0,
            "equity": null,
            "current_ratio": null,
            "debt_ratio": null,
            "inventory_turnover_ratio": null,
            "account_receivable_turnover_ratio": null,
            "reinvestment_rate": null,
            "research_to_sale_ratio": null,
            "price_fair": 0,
            "eps_avg_yearly": 0,
            "eps_latest_yearly": 0,
            "eps_growth_yearly": 0
        },
        "20051": {
            "year_quarter": 20051,
            "year": 2005,
            "quarter": 1,
            "eps": null,
            "eps_growth_year": null,
            "eps_4q": null,
            "eps_4q_growth_year": null,
            "roe": null,
            "roe_4q": 0,
            "gross_profit": null,
            "gross_margin": null,
            "gross_margin_4q_avg": 0,
            "net_income": null,
            "net_income_4q": null,
            "revenue": null,
            "revenue_4q": null,
            "common_shares": null,
            "book_valuer_per_share": null,
            "book_valuer_per_share_4q_avg": 0,
            "equity": null,
            "current_ratio": null,
            "debt_ratio": null,
            "inventory_turnover_ratio": null,
            "account_receivable_turnover_ratio": null,
            "reinvestment_rate": null,
            "research_to_sale_ratio": null,
            "price_fair": 0,
            "eps_avg_yearly": 0,
            "eps_latest_yearly": 0,
            "eps_growth_yearly": 0
        },
        "20052": {
            "year_quarter": 20052,
            "year": 2005,
            "quarter": 2,
            "eps": null,
            "eps_growth_year": null,
            "eps_4q": null,
            "eps_4q_growth_year": null,
            "roe": null,
            "roe_4q": 0,
            "gross_profit": null,
            "gross_margin": null,
            "gross_margin_4q_avg": 0,
            "net_income": null,
            "net_income_4q": null,
            "revenue": null,
            "revenue_4q": null,
            "common_shares": null,
            "book_valuer_per_share": null,
            "book_valuer_per_share_4q_avg": 0,
            "equity": null,
            "current_ratio": null,
            "debt_ratio": null,
            "inventory_turnover_ratio": null,
            "account_receivable_turnover_ratio": null,
            "reinvestment_rate": null,
            "research_to_sale_ratio": null,
            "price_fair": 0,
            "eps_avg_yearly": 0,
            "eps_latest_yearly": 0,
            "eps_growth_yearly": 0
        },
        "20053": {
            "year_quarter": 20053,
            "year": 2005,
            "quarter": 3,
            "eps": null,
            "eps_growth_year": null,
            "eps_4q": null,
            "eps_4q_growth_year": null,
            "roe": null,
            "roe_4q": 0,
            "gross_profit": null,
            "gross_margin": null,
            "gross_margin_4q_avg": 0,
            "net_income": null,
            "net_income_4q": null,
            "revenue": null,
            "revenue_4q": null,
            "common_shares": null,
            "book_valuer_per_share": null,
            "book_valuer_per_share_4q_avg": 0,
            "equity": null,
            "current_ratio": null,
            "debt_ratio": null,
            "inventory_turnover_ratio": null,
            "account_receivable_turnover_ratio": null,
            "reinvestment_rate": null,
            "research_to_sale_ratio": null,
            "price_fair": 0,
            "eps_avg_yearly": 0,
            "eps_latest_yearly": 0,
            "eps_growth_yearly": 0
        },
        "20054": {
            "year_quarter": 20054,
            "year": 2005,
            "quarter": 4,
            "eps": null,
            "eps_growth_year": null,
            "eps_4q": null,
            "eps_4q_growth_year": null,
            "roe": null,
            "roe_4q": 0,
            "gross_profit": null,
            "gross_margin": null,
            "gross_margin_4q_avg": 0,
            "net_income": null,
            "net_income_4q": null,
            "revenue": null,
            "revenue_4q": null,
            "common_shares": null,
            "book_valuer_per_share": null,
            "book_valuer_per_share_4q_avg": 0,
            "equity": null,
            "current_ratio": null,
            "debt_ratio": null,
            "inventory_turnover_ratio": null,
            "account_receivable_turnover_ratio": null,
            "reinvestment_rate": null,
            "research_to_sale_ratio": null,
            "price_fair": 0,
            "eps_avg_yearly": 0,
            "eps_latest_yearly": 0,
            "eps_growth_yearly": 0
        },
        "20061": {
            "year_quarter": 20061,
            "year": 2006,
            "quarter": 1,
            "eps": null,
            "eps_growth_year": null,
            "eps_4q": null,
            "eps_4q_growth_year": null,
            "roe": null,
            "roe_4q": 0,
            "gross_profit": null,
            "gross_margin": null,
            "gross_margin_4q_avg": 0,
            "net_income": null,
            "net_income_4q": null,
            "revenue": null,
            "revenue_4q": null,
            "common_shares": null,
            "book_valuer_per_share": null,
            "book_valuer_per_share_4q_avg": 0,
            "equity": null,
            "current_ratio": null,
            "debt_ratio": null,
            "inventory_turnover_ratio": null,
            "account_receivable_turnover_ratio": null,
            "reinvestment_rate": null,
            "research_to_sale_ratio": null,
            "price_fair": 0,
            "eps_avg_yearly": 0,
            "eps_latest_yearly": 0,
            "eps_growth_yearly": 0
        },
        "20062": {
            "year_quarter": 20062,
            "year": 2006,
            "quarter": 2,
            "eps": null,
            "eps_growth_year": null,
            "eps_4q": null,
            "eps_4q_growth_year": null,
            "roe": null,
            "roe_4q": 0,
            "gross_profit": null,
            "gross_margin": null,
            "gross_margin_4q_avg": 0,
            "net_income": null,
            "net_income_4q": null,
            "revenue": null,
            "revenue_4q": null,
            "common_shares": null,
            "book_valuer_per_share": null,
            "book_valuer_per_share_4q_avg": 0,
            "equity": null,
            "current_ratio": null,
            "debt_ratio": null,
            "inventory_turnover_ratio": null,
            "account_receivable_turnover_ratio": null,
            "reinvestment_rate": null,
            "research_to_sale_ratio": null,
            "price_fair": 0,
            "eps_avg_yearly": 0,
            "eps_latest_yearly": 0,
            "eps_growth_yearly": 0
        },
        "20063": {
            "year_quarter": 20063,
            "year": 2006,
            "quarter": 3,
            "eps": null,
            "eps_growth_year": null,
            "eps_4q": null,
            "eps_4q_growth_year": null,
            "roe": null,
            "roe_4q": 0,
            "gross_profit": null,
            "gross_margin": null,
            "gross_margin_4q_avg": 0,
            "net_income": null,
            "net_income_4q": null,
            "revenue": null,
            "revenue_4q": null,
            "common_shares": null,
            "book_valuer_per_share": null,
            "book_valuer_per_share_4q_avg": 0,
            "equity": null,
            "current_ratio": null,
            "debt_ratio": null,
            "inventory_turnover_ratio": null,
            "account_receivable_turnover_ratio": null,
            "reinvestment_rate": null,
            "research_to_sale_ratio": null,
            "price_fair": 0,
            "eps_avg_yearly": 0,
            "eps_latest_yearly": 0,
            "eps_growth_yearly": 0
        },
        "20064": {
            "year_quarter": 20064,
            "year": 2006,
            "quarter": 4,
            "eps": null,
            "eps_growth_year": null,
            "eps_4q": null,
            "eps_4q_growth_year": null,
            "roe": null,
            "roe_4q": 0,
            "gross_profit": null,
            "gross_margin": null,
            "gross_margin_4q_avg": 0,
            "net_income": null,
            "net_income_4q": null,
            "revenue": null,
            "revenue_4q": null,
            "common_shares": null,
            "book_valuer_per_share": null,
            "book_valuer_per_share_4q_avg": 0,
            "equity": null,
            "current_ratio": null,
            "debt_ratio": null,
            "inventory_turnover_ratio": null,
            "account_receivable_turnover_ratio": null,
            "reinvestment_rate": null,
            "research_to_sale_ratio": null,
            "price_fair": 0,
            "eps_avg_yearly": 0,
            "eps_latest_yearly": 0,
            "eps_growth_yearly": 0
        },
        "20071": {
            "year_quarter": 20071,
            "year": 2007,
            "quarter": 1,
            "eps": null,
            "eps_growth_year": null,
            "eps_4q": null,
            "eps_4q_growth_year": null,
            "roe": null,
            "roe_4q": 0,
            "gross_profit": null,
            "gross_margin": null,
            "gross_margin_4q_avg": 0,
            "net_income": null,
            "net_income_4q": null,
            "revenue": null,
            "revenue_4q": null,
            "common_shares": null,
            "book_valuer_per_share": null,
            "book_valuer_per_share_4q_avg": 0,
            "equity": null,
            "current_ratio": null,
            "debt_ratio": null,
            "inventory_turnover_ratio": null,
            "account_receivable_turnover_ratio": null,
            "reinvestment_rate": null,
            "research_to_sale_ratio": null,
            "price_fair": 0,
            "eps_avg_yearly": 0,
            "eps_latest_yearly": 0,
            "eps_growth_yearly": 0
        },
        "20072": {
            "year_quarter": 20072,
            "year": 2007,
            "quarter": 2,
            "eps": null,
            "eps_growth_year": null,
            "eps_4q": null,
            "eps_4q_growth_year": null,
            "roe": null,
            "roe_4q": 0,
            "gross_profit": null,
            "gross_margin": null,
            "gross_margin_4q_avg": 0,
            "net_income": null,
            "net_income_4q": null,
            "revenue": null,
            "revenue_4q": null,
            "common_shares": null,
            "book_valuer_per_share": null,
            "book_valuer_per_share_4q_avg": 0,
            "equity": null,
            "current_ratio": null,
            "debt_ratio": null,
            "inventory_turnover_ratio": null,
            "account_receivable_turnover_ratio": null,
            "reinvestment_rate": null,
            "research_to_sale_ratio": null,
            "price_fair": 0,
            "eps_avg_yearly": 0,
            "eps_latest_yearly": 0,
            "eps_growth_yearly": 0
        },
        "20073": {
            "year_quarter": 20073,
            "year": 2007,
            "quarter": 3,
            "eps": null,
            "eps_growth_year": null,
            "eps_4q": null,
            "eps_4q_growth_year": null,
            "roe": null,
            "roe_4q": 0,
            "gross_profit": null,
            "gross_margin": null,
            "gross_margin_4q_avg": 0,
            "net_income": null,
            "net_income_4q": null,
            "revenue": null,
            "revenue_4q": null,
            "common_shares": null,
            "book_valuer_per_share": null,
            "book_valuer_per_share_4q_avg": 0,
            "equity": null,
            "current_ratio": null,
            "debt_ratio": null,
            "inventory_turnover_ratio": null,
            "account_receivable_turnover_ratio": null,
            "reinvestment_rate": null,
            "research_to_sale_ratio": null,
            "price_fair": 0,
            "eps_avg_yearly": 0,
            "eps_latest_yearly": 0,
            "eps_growth_yearly": 0
        },
        "20074": {
            "year_quarter": 20074,
            "year": 2007,
            "quarter": 4,
            "eps": null,
            "eps_growth_year": null,
            "eps_4q": null,
            "eps_4q_growth_year": null,
            "roe": null,
            "roe_4q": 0,
            "gross_profit": null,
            "gross_margin": null,
            "gross_margin_4q_avg": 0,
            "net_income": null,
            "net_income_4q": null,
            "revenue": null,
            "revenue_4q": null,
            "common_shares": null,
            "book_valuer_per_share": null,
            "book_valuer_per_share_4q_avg": 0,
            "equity": null,
            "current_ratio": null,
            "debt_ratio": null,
            "inventory_turnover_ratio": null,
            "account_receivable_turnover_ratio": null,
            "reinvestment_rate": null,
            "research_to_sale_ratio": null,
            "price_fair": 0,
            "eps_avg_yearly": 0,
            "eps_latest_yearly": 0,
            "eps_growth_yearly": 0
        },
        "20081": {
            "year_quarter": 20081,
            "year": 2008,
            "quarter": 1,
            "eps": null,
            "eps_growth_year": null,
            "eps_4q": null,
            "eps_4q_growth_year": null,
            "roe": null,
            "roe_4q": 0,
            "gross_profit": null,
            "gross_margin": null,
            "gross_margin_4q_avg": 0,
            "net_income": null,
            "net_income_4q": null,
            "revenue": null,
            "revenue_4q": null,
            "common_shares": null,
            "book_valuer_per_share": null,
            "book_valuer_per_share_4q_avg": 0,
            "equity": null,
            "current_ratio": null,
            "debt_ratio": null,
            "inventory_turnover_ratio": null,
            "account_receivable_turnover_ratio": null,
            "reinvestment_rate": null,
            "research_to_sale_ratio": null,
            "price_fair": 0,
            "eps_avg_yearly": 0,
            "eps_latest_yearly": 0,
            "eps_growth_yearly": 0
        },
        "20082": {
            "year_quarter": 20082,
            "year": 2008,
            "quarter": 2,
            "eps": null,
            "eps_growth_year": null,
            "eps_4q": null,
            "eps_4q_growth_year": null,
            "roe": null,
            "roe_4q": 0,
            "gross_profit": null,
            "gross_margin": null,
            "gross_margin_4q_avg": 0,
            "net_income": null,
            "net_income_4q": null,
            "revenue": null,
            "revenue_4q": null,
            "common_shares": null,
            "book_valuer_per_share": null,
            "book_valuer_per_share_4q_avg": 0,
            "equity": null,
            "current_ratio": null,
            "debt_ratio": null,
            "inventory_turnover_ratio": null,
            "account_receivable_turnover_ratio": null,
            "reinvestment_rate": null,
            "research_to_sale_ratio": null,
            "price_fair": 0,
            "eps_avg_yearly": 0,
            "eps_latest_yearly": 0,
            "eps_growth_yearly": 0
        },
        "20083": {
            "year_quarter": 20083,
            "year": 2008,
            "quarter": 3,
            "eps": null,
            "eps_growth_year": null,
            "eps_4q": null,
            "eps_4q_growth_year": null,
            "roe": null,
            "roe_4q": 0,
            "gross_profit": null,
            "gross_margin": null,
            "gross_margin_4q_avg": 0,
            "net_income": null,
            "net_income_4q": null,
            "revenue": null,
            "revenue_4q": null,
            "common_shares": null,
            "book_valuer_per_share": null,
            "book_valuer_per_share_4q_avg": 0,
            "equity": null,
            "current_ratio": null,
            "debt_ratio": null,
            "inventory_turnover_ratio": null,
            "account_receivable_turnover_ratio": null,
            "reinvestment_rate": null,
            "research_to_sale_ratio": null,
            "price_fair": 0,
            "eps_avg_yearly": 0,
            "eps_latest_yearly": 0,
            "eps_growth_yearly": 0
        },
        "20084": {
            "year_quarter": 20084,
            "year": 2008,
            "quarter": 4,
            "eps": null,
            "eps_growth_year": null,
            "eps_4q": null,
            "eps_4q_growth_year": null,
            "roe": null,
            "roe_4q": 0,
            "gross_profit": null,
            "gross_margin": null,
            "gross_margin_4q_avg": 0,
            "net_income": null,
            "net_income_4q": null,
            "revenue": null,
            "revenue_4q": null,
            "common_shares": null,
            "book_valuer_per_share": null,
            "book_valuer_per_share_4q_avg": 0,
            "equity": null,
            "current_ratio": null,
            "debt_ratio": null,
            "inventory_turnover_ratio": null,
            "account_receivable_turnover_ratio": null,
            "reinvestment_rate": null,
            "research_to_sale_ratio": null,
            "price_fair": 0,
            "eps_avg_yearly": 0,
            "eps_latest_yearly": 0,
            "eps_growth_yearly": 0
        },
        "20091": {
            "year_quarter": 20091,
            "year": 2009,
            "quarter": 1,
            "eps": null,
            "eps_growth_year": null,
            "eps_4q": null,
            "eps_4q_growth_year": null,
            "roe": null,
            "roe_4q": 0,
            "gross_profit": null,
            "gross_margin": null,
            "gross_margin_4q_avg": 0,
            "net_income": null,
            "net_income_4q": null,
            "revenue": null,
            "revenue_4q": null,
            "common_shares": null,
            "book_valuer_per_share": null,
            "book_valuer_per_share_4q_avg": 0,
            "equity": null,
            "current_ratio": null,
            "debt_ratio": null,
            "inventory_turnover_ratio": null,
            "account_receivable_turnover_ratio": null,
            "reinvestment_rate": null,
            "research_to_sale_ratio": null,
            "price_fair": 0,
            "eps_avg_yearly": 0,
            "eps_latest_yearly": 0,
            "eps_growth_yearly": 0
        },
        "20092": {
            "year_quarter": 20092,
            "year": 2009,
            "quarter": 2,
            "eps": null,
            "eps_growth_year": null,
            "eps_4q": null,
            "eps_4q_growth_year": null,
            "roe": null,
            "roe_4q": 0,
            "gross_profit": null,
            "gross_margin": null,
            "gross_margin_4q_avg": 0,
            "net_income": null,
            "net_income_4q": null,
            "revenue": null,
            "revenue_4q": null,
            "common_shares": null,
            "book_valuer_per_share": null,
            "book_valuer_per_share_4q_avg": 0,
            "equity": null,
            "current_ratio": null,
            "debt_ratio": null,
            "inventory_turnover_ratio": null,
            "account_receivable_turnover_ratio": null,
            "reinvestment_rate": null,
            "research_to_sale_ratio": null,
            "price_fair": 0,
            "eps_avg_yearly": 0,
            "eps_latest_yearly": 0,
            "eps_growth_yearly": 0
        },
        "20093": {
            "year_quarter": 20093,
            "year": 2009,
            "quarter": 3,
            "eps": null,
            "eps_growth_year": null,
            "eps_4q": null,
            "eps_4q_growth_year": null,
            "roe": null,
            "roe_4q": 0,
            "gross_profit": null,
            "gross_margin": null,
            "gross_margin_4q_avg": 0,
            "net_income": null,
            "net_income_4q": null,
            "revenue": null,
            "revenue_4q": null,
            "common_shares": null,
            "book_valuer_per_share": null,
            "book_valuer_per_share_4q_avg": 0,
            "equity": null,
            "current_ratio": null,
            "debt_ratio": null,
            "inventory_turnover_ratio": null,
            "account_receivable_turnover_ratio": null,
            "reinvestment_rate": null,
            "research_to_sale_ratio": null,
            "price_fair": 0,
            "eps_avg_yearly": 0,
            "eps_latest_yearly": 0,
            "eps_growth_yearly": 0
        },
        "20094": {
            "year_quarter": 20094,
            "year": 2009,
            "quarter": 4,
            "eps": null,
            "eps_growth_year": null,
            "eps_4q": null,
            "eps_4q_growth_year": null,
            "roe": null,
            "roe_4q": 0,
            "gross_profit": null,
            "gross_margin": null,
            "gross_margin_4q_avg": 0,
            "net_income": null,
            "net_income_4q": null,
            "revenue": null,
            "revenue_4q": null,
            "common_shares": 259436,
            "book_valuer_per_share": 17.65,
            "book_valuer_per_share_4q_avg": 4.41,
            "equity": 457851,
            "current_ratio": 112.41,
            "debt_ratio": 63.71,
            "inventory_turnover_ratio": null,
            "account_receivable_turnover_ratio": null,
            "reinvestment_rate": null,
            "research_to_sale_ratio": null,
            "price_fair": 0,
            "eps_avg_yearly": 0,
            "eps_latest_yearly": 0,
            "eps_growth_yearly": 0
        },
        "20101": {
            "year_quarter": 20101,
            "year": 2010,
            "quarter": 1,
            "eps": null,
            "eps_growth_year": null,
            "eps_4q": null,
            "eps_4q_growth_year": null,
            "roe": null,
            "roe_4q": 0,
            "gross_profit": null,
            "gross_margin": null,
            "gross_margin_4q_avg": 0,
            "net_income": null,
            "net_income_4q": null,
            "revenue": null,
            "revenue_4q": null,
            "common_shares": null,
            "book_valuer_per_share": null,
            "book_valuer_per_share_4q_avg": 4.41,
            "equity": null,
            "current_ratio": null,
            "debt_ratio": null,
            "inventory_turnover_ratio": null,
            "account_receivable_turnover_ratio": null,
            "reinvestment_rate": null,
            "research_to_sale_ratio": null,
            "price_fair": 0,
            "eps_avg_yearly": 0,
            "eps_latest_yearly": 0,
            "eps_growth_yearly": 0
        },
        "20102": {
            "year_quarter": 20102,
            "year": 2010,
            "quarter": 2,
            "eps": null,
            "eps_growth_year": null,
            "eps_4q": null,
            "eps_4q_growth_year": null,
            "roe": null,
            "roe_4q": 0,
            "gross_profit": null,
            "gross_margin": null,
            "gross_margin_4q_avg": 0,
            "net_income": null,
            "net_income_4q": null,
            "revenue": null,
            "revenue_4q": null,
            "common_shares": null,
            "book_valuer_per_share": null,
            "book_valuer_per_share_4q_avg": 4.41,
            "equity": null,
            "current_ratio": null,
            "debt_ratio": null,
            "inventory_turnover_ratio": null,
            "account_receivable_turnover_ratio": null,
            "reinvestment_rate": null,
            "research_to_sale_ratio": null,
            "price_fair": 0,
            "eps_avg_yearly": 0,
            "eps_latest_yearly": 0,
            "eps_growth_yearly": 0
        },
        "20103": {
            "year_quarter": 20103,
            "year": 2010,
            "quarter": 3,
            "eps": null,
            "eps_growth_year": null,
            "eps_4q": null,
            "eps_4q_growth_year": null,
            "roe": null,
            "roe_4q": 0,
            "gross_profit": null,
            "gross_margin": null,
            "gross_margin_4q_avg": 0,
            "net_income": null,
            "net_income_4q": null,
            "revenue": null,
            "revenue_4q": null,
            "common_shares": null,
            "book_valuer_per_share": null,
            "book_valuer_per_share_4q_avg": 4.41,
            "equity": null,
            "current_ratio": null,
            "debt_ratio": null,
            "inventory_turnover_ratio": null,
            "account_receivable_turnover_ratio": null,
            "reinvestment_rate": null,
            "research_to_sale_ratio": null,
            "price_fair": 0,
            "eps_avg_yearly": 0,
            "eps_latest_yearly": 0,
            "eps_growth_yearly": 0
        },
        "20104": {
            "year_quarter": 20104,
            "year": 2010,
            "quarter": 4,
            "eps": null,
            "eps_growth_year": null,
            "eps_4q": null,
            "eps_4q_growth_year": null,
            "roe": null,
            "roe_4q": 0,
            "gross_profit": null,
            "gross_margin": null,
            "gross_margin_4q_avg": 0,
            "net_income": null,
            "net_income_4q": null,
            "revenue": null,
            "revenue_4q": null,
            "common_shares": 259436,
            "book_valuer_per_share": 18.52,
            "book_valuer_per_share_4q_avg": 4.63,
            "equity": 480574,
            "current_ratio": 84.77,
            "debt_ratio": 65.08,
            "inventory_turnover_ratio": null,
            "account_receivable_turnover_ratio": null,
            "reinvestment_rate": null,
            "research_to_sale_ratio": null,
            "price_fair": 0,
            "eps_avg_yearly": 0,
            "eps_latest_yearly": 0,
            "eps_growth_yearly": 0
        },
        "20111": {
            "year_quarter": 20111,
            "year": 2011,
            "quarter": 1,
            "eps": null,
            "eps_growth_year": null,
            "eps_4q": null,
            "eps_4q_growth_year": null,
            "roe": null,
            "roe_4q": 0,
            "gross_profit": null,
            "gross_margin": null,
            "gross_margin_4q_avg": 0,
            "net_income": null,
            "net_income_4q": null,
            "revenue": null,
            "revenue_4q": null,
            "common_shares": null,
            "book_valuer_per_share": null,
            "book_valuer_per_share_4q_avg": 4.63,
            "equity": null,
            "current_ratio": null,
            "debt_ratio": null,
            "inventory_turnover_ratio": null,
            "account_receivable_turnover_ratio": null,
            "reinvestment_rate": null,
            "research_to_sale_ratio": null,
            "price_fair": 0,
            "eps_avg_yearly": 0,
            "eps_latest_yearly": 0,
            "eps_growth_yearly": 0
        },
        "20112": {
            "year_quarter": 20112,
            "year": 2011,
            "quarter": 2,
            "eps": null,
            "eps_growth_year": null,
            "eps_4q": null,
            "eps_4q_growth_year": null,
            "roe": null,
            "roe_4q": 0,
            "gross_profit": null,
            "gross_margin": null,
            "gross_margin_4q_avg": 0,
            "net_income": null,
            "net_income_4q": null,
            "revenue": null,
            "revenue_4q": null,
            "common_shares": null,
            "book_valuer_per_share": null,
            "book_valuer_per_share_4q_avg": 4.63,
            "equity": null,
            "current_ratio": null,
            "debt_ratio": null,
            "inventory_turnover_ratio": null,
            "account_receivable_turnover_ratio": null,
            "reinvestment_rate": null,
            "research_to_sale_ratio": null,
            "price_fair": 0,
            "eps_avg_yearly": 0,
            "eps_latest_yearly": 0,
            "eps_growth_yearly": 0
        },
        "20113": {
            "year_quarter": 20113,
            "year": 2011,
            "quarter": 3,
            "eps": null,
            "eps_growth_year": null,
            "eps_4q": null,
            "eps_4q_growth_year": null,
            "roe": null,
            "roe_4q": 0,
            "gross_profit": null,
            "gross_margin": null,
            "gross_margin_4q_avg": 0,
            "net_income": null,
            "net_income_4q": null,
            "revenue": null,
            "revenue_4q": null,
            "common_shares": null,
            "book_valuer_per_share": null,
            "book_valuer_per_share_4q_avg": 4.63,
            "equity": null,
            "current_ratio": null,
            "debt_ratio": null,
            "inventory_turnover_ratio": null,
            "account_receivable_turnover_ratio": null,
            "reinvestment_rate": null,
            "research_to_sale_ratio": null,
            "price_fair": 0,
            "eps_avg_yearly": 0,
            "eps_latest_yearly": 0,
            "eps_growth_yearly": 0
        },
        "20114": {
            "year_quarter": 20114,
            "year": 2011,
            "quarter": 4,
            "eps": null,
            "eps_growth_year": null,
            "eps_4q": null,
            "eps_4q_growth_year": null,
            "roe": null,
            "roe_4q": 0,
            "gross_profit": null,
            "gross_margin": null,
            "gross_margin_4q_avg": 0,
            "net_income": null,
            "net_income_4q": null,
            "revenue": null,
            "revenue_4q": null,
            "common_shares": 400191,
            "book_valuer_per_share": 20.22,
            "book_valuer_per_share_4q_avg": 5.06,
            "equity": 809386,
            "current_ratio": 143.03,
            "debt_ratio": 53.83,
            "inventory_turnover_ratio": null,
            "account_receivable_turnover_ratio": null,
            "reinvestment_rate": null,
            "research_to_sale_ratio": null,
            "price_fair": 0,
            "eps_avg_yearly": 0,
            "eps_latest_yearly": 0,
            "eps_growth_yearly": 0
        },
        "20121": {
            "year_quarter": 20121,
            "year": 2012,
            "quarter": 1,
            "eps": null,
            "eps_growth_year": null,
            "eps_4q": null,
            "eps_4q_growth_year": null,
            "roe": null,
            "roe_4q": 0,
            "gross_profit": null,
            "gross_margin": null,
            "gross_margin_4q_avg": 0,
            "net_income": null,
            "net_income_4q": null,
            "revenue": null,
            "revenue_4q": null,
            "common_shares": null,
            "book_valuer_per_share": null,
            "book_valuer_per_share_4q_avg": 5.06,
            "equity": null,
            "current_ratio": null,
            "debt_ratio": null,
            "inventory_turnover_ratio": null,
            "account_receivable_turnover_ratio": null,
            "reinvestment_rate": null,
            "research_to_sale_ratio": null,
            "price_fair": 0,
            "eps_avg_yearly": 0,
            "eps_latest_yearly": 0,
            "eps_growth_yearly": 0
        },
        "20122": {
            "year_quarter": 20122,
            "year": 2012,
            "quarter": 2,
            "eps": null,
            "eps_growth_year": null,
            "eps_4q": null,
            "eps_4q_growth_year": null,
            "roe": null,
            "roe_4q": 0,
            "gross_profit": 68292,
            "gross_margin": null,
            "gross_margin_4q_avg": 0,
            "net_income": 701,
            "net_income_4q": null,
            "revenue": 275384,
            "revenue_4q": null,
            "common_shares": 400191,
            "book_valuer_per_share": null,
            "book_valuer_per_share_4q_avg": 5.06,
            "equity": 743911,
            "current_ratio": null,
            "debt_ratio": null,
            "inventory_turnover_ratio": null,
            "account_receivable_turnover_ratio": null,
            "reinvestment_rate": null,
            "research_to_sale_ratio": null,
            "price_fair": 0,
            "eps_avg_yearly": 0,
            "eps_latest_yearly": 0,
            "eps_growth_yearly": 0
        },
        "20123": {
            "year_quarter": 20123,
            "year": 2012,
            "quarter": 3,
            "eps": null,
            "eps_growth_year": null,
            "eps_4q": null,
            "eps_4q_growth_year": null,
            "roe": null,
            "roe_4q": 0,
            "gross_profit": 40051,
            "gross_margin": null,
            "gross_margin_4q_avg": 0,
            "net_income": 14437,
            "net_income_4q": null,
            "revenue": 204043,
            "revenue_4q": null,
            "common_shares": 437197,
            "book_valuer_per_share": null,
            "book_valuer_per_share_4q_avg": 5.06,
            "equity": 818348,
            "current_ratio": null,
            "debt_ratio": null,
            "inventory_turnover_ratio": null,
            "account_receivable_turnover_ratio": null,
            "reinvestment_rate": null,
            "research_to_sale_ratio": null,
            "price_fair": 0,
            "eps_avg_yearly": 0,
            "eps_latest_yearly": 0,
            "eps_growth_yearly": 0
        },
        "20124": {
            "year_quarter": 20124,
            "year": 2012,
            "quarter": 4,
            "eps": null,
            "eps_growth_year": null,
            "eps_4q": null,
            "eps_4q_growth_year": null,
            "roe": null,
            "roe_4q": 0,
            "gross_profit": 82453,
            "gross_margin": null,
            "gross_margin_4q_avg": 0,
            "net_income": 32185,
            "net_income_4q": null,
            "revenue": 231957,
            "revenue_4q": null,
            "common_shares": 437197,
            "book_valuer_per_share": 20.05,
            "book_valuer_per_share_4q_avg": 5.01,
            "equity": 876379,
            "current_ratio": 117.64,
            "debt_ratio": 61.67,
            "inventory_turnover_ratio": null,
            "account_receivable_turnover_ratio": null,
            "reinvestment_rate": null,
            "research_to_sale_ratio": null,
            "price_fair": 0,
            "eps_avg_yearly": 0,
            "eps_latest_yearly": 0,
            "eps_growth_yearly": 0
        },
        "20131": {
            "year_quarter": 20131,
            "year": 2013,
            "quarter": 1,
            "eps": null,
            "eps_growth_year": null,
            "eps_4q": null,
            "eps_4q_growth_year": null,
            "roe": null,
            "roe_4q": 0,
            "gross_profit": 40614,
            "gross_margin": null,
            "gross_margin_4q_avg": 0,
            "net_income": 10867,
            "net_income_4q": null,
            "revenue": 192645,
            "revenue_4q": null,
            "common_shares": 437197,
            "book_valuer_per_share": 19.67,
            "book_valuer_per_share_4q_avg": 9.93,
            "equity": 859872,
            "current_ratio": 113.84,
            "debt_ratio": 62.02,
            "inventory_turnover_ratio": null,
            "account_receivable_turnover_ratio": null,
            "reinvestment_rate": null,
            "research_to_sale_ratio": null,
            "price_fair": 0,
            "eps_avg_yearly": 0,
            "eps_latest_yearly": 0,
            "eps_growth_yearly": 0
        },
        "20132": {
            "year_quarter": 20132,
            "year": 2013,
            "quarter": 2,
            "eps": 0,
            "eps_growth_year": null,
            "eps_4q": 1.04,
            "eps_4q_growth_year": null,
            "roe": 5.29,
            "roe_4q": 5.29,
            "gross_profit": 118871,
            "gross_margin": 28.91,
            "gross_margin_4q_avg": 7.23,
            "net_income": 45818,
            "net_income_4q": null,
            "revenue": 411165,
            "revenue_4q": null,
            "common_shares": 437197,
            "book_valuer_per_share": 19.92,
            "book_valuer_per_share_4q_avg": 14.91,
            "equity": 870777,
            "current_ratio": 113.9,
            "debt_ratio": 62.51,
            "inventory_turnover_ratio": 1.6,
            "account_receivable_turnover_ratio": 3.71,
            "reinvestment_rate": null,
            "research_to_sale_ratio": 2.21,
            "price_fair": 0,
            "eps_avg_yearly": 0,
            "eps_latest_yearly": 0,
            "eps_growth_yearly": 0
        },
        "20133": {
            "year_quarter": 20133,
            "year": 2013,
            "quarter": 3,
            "eps": 0.4,
            "eps_growth_year": null,
            "eps_4q": 1.44,
            "eps_4q_growth_year": null,
            "roe": 2.03,
            "roe_4q": 7.32,
            "gross_profit": 56516,
            "gross_margin": 26.12,
            "gross_margin_4q_avg": 13.76,
            "net_income": 17820,
            "net_income_4q": null,
            "revenue": 216408,
            "revenue_4q": null,
            "common_shares": 441569,
            "book_valuer_per_share": 20.12,
            "book_valuer_per_share_4q_avg": 19.94,
            "equity": 888597,
            "current_ratio": 109.91,
            "debt_ratio": 60.9,
            "inventory_turnover_ratio": 0.86,
            "account_receivable_turnover_ratio": 1,
            "reinvestment_rate": null,
            "research_to_sale_ratio": 2.86,
            "price_fair": 0,
            "eps_avg_yearly": 0,
            "eps_latest_yearly": 0,
            "eps_growth_yearly": 0
        },
        "20134": {
            "year_quarter": 20134,
            "year": 2013,
            "quarter": 4,
            "eps": 0.79,
            "eps_growth_year": null,
            "eps_4q": 2.23,
            "eps_4q_growth_year": null,
            "roe": 3.86,
            "roe_4q": 11.18,
            "gross_profit": 77008,
            "gross_margin": 28.72,
            "gross_margin_4q_avg": 20.94,
            "net_income": 35015,
            "net_income_4q": null,
            "revenue": 268103,
            "revenue_4q": null,
            "common_shares": 441569,
            "book_valuer_per_share": 20.93,
            "book_valuer_per_share_4q_avg": 20.16,
            "equity": 924083,
            "current_ratio": 127.07,
            "debt_ratio": 58.31,
            "inventory_turnover_ratio": 1.18,
            "account_receivable_turnover_ratio": 1.3,
            "reinvestment_rate": null,
            "research_to_sale_ratio": 3.1,
            "price_fair": 110.6,
            "eps_avg_yearly": 3.16,
            "eps_latest_yearly": 3.16,
            "eps_growth_yearly": 390
        },
        "20141": {
            "year_quarter": 20141,
            "year": 2014,
            "quarter": 1,
            "eps": 0.59,
            "eps_growth_year": null,
            "eps_4q": 2.82,
            "eps_4q_growth_year": null,
            "roe": 2.78,
            "roe_4q": 13.96,
            "gross_profit": 63261,
            "gross_margin": 26.71,
            "gross_margin_4q_avg": 27.62,
            "net_income": 26011,
            "net_income_4q": null,
            "revenue": 236855,
            "revenue_4q": null,
            "common_shares": 441569,
            "book_valuer_per_share": 21.52,
            "book_valuer_per_share_4q_avg": 20.62,
            "equity": 950094,
            "current_ratio": 129.95,
            "debt_ratio": 56.3,
            "inventory_turnover_ratio": 1.23,
            "account_receivable_turnover_ratio": 1.24,
            "reinvestment_rate": null,
            "research_to_sale_ratio": 3.41,
            "price_fair": 96.6,
            "eps_avg_yearly": 2.76,
            "eps_latest_yearly": 2.36,
            "eps_growth_yearly": 144.37
        },
        "20142": {
            "year_quarter": 20142,
            "year": 2014,
            "quarter": 2,
            "eps": 0.5,
            "eps_growth_year": null,
            "eps_4q": 2.26,
            "eps_4q_growth_year": 117.65,
            "roe": 2.36,
            "roe_4q": 11.03,
            "gross_profit": 56277,
            "gross_margin": 21.68,
            "gross_margin_4q_avg": 25.81,
            "net_income": 21976,
            "net_income_4q": null,
            "revenue": 259635,
            "revenue_4q": null,
            "common_shares": 441569,
            "book_valuer_per_share": 20.64,
            "book_valuer_per_share_4q_avg": 20.8,
            "equity": 911249,
            "current_ratio": 117.87,
            "debt_ratio": 59.27,
            "inventory_turnover_ratio": 1.4,
            "account_receivable_turnover_ratio": 1.32,
            "reinvestment_rate": null,
            "research_to_sale_ratio": 2.91,
            "price_fair": 87.73,
            "eps_avg_yearly": 2.51,
            "eps_latest_yearly": 2,
            "eps_growth_yearly": 75.91
        },
        "20143": {
            "year_quarter": 20143,
            "year": 2014,
            "quarter": 3,
            "eps": 0.56,
            "eps_growth_year": 40,
            "eps_4q": 2.21,
            "eps_4q_growth_year": 53.24,
            "roe": 2.47,
            "roe_4q": 11.469999999999999,
            "gross_profit": 67689,
            "gross_margin": 24.3,
            "gross_margin_4q_avg": 25.35,
            "net_income": 25531,
            "net_income_4q": null,
            "revenue": 278528,
            "revenue_4q": null,
            "common_shares": 491434,
            "book_valuer_per_share": 23.48,
            "book_valuer_per_share_4q_avg": 21.64,
            "equity": 1153810,
            "current_ratio": 158.21,
            "debt_ratio": 49.08,
            "inventory_turnover_ratio": 1.36,
            "account_receivable_turnover_ratio": 1.29,
            "reinvestment_rate": null,
            "research_to_sale_ratio": 4.35,
            "price_fair": 85.4,
            "eps_avg_yearly": 2.44,
            "eps_latest_yearly": 2.24,
            "eps_growth_yearly": 68.93
        },
        "20144": {
            "year_quarter": 20144,
            "year": 2014,
            "quarter": 4,
            "eps": 0.42,
            "eps_growth_year": -47.31,
            "eps_4q": 1.91,
            "eps_4q_growth_year": -14.34,
            "roe": 1.75,
            "roe_4q": 9.36,
            "gross_profit": 58440,
            "gross_margin": 21.89,
            "gross_margin_4q_avg": 23.65,
            "net_income": 20531,
            "net_income_4q": null,
            "revenue": 266972,
            "revenue_4q": null,
            "common_shares": 491434,
            "book_valuer_per_share": 24.2,
            "book_valuer_per_share_4q_avg": 22.46,
            "equity": 1189238,
            "current_ratio": 239.86,
            "debt_ratio": 55.68,
            "inventory_turnover_ratio": 1.34,
            "account_receivable_turnover_ratio": 1.21,
            "reinvestment_rate": null,
            "research_to_sale_ratio": 4.96,
            "price_fair": 80.08,
            "eps_avg_yearly": 2.29,
            "eps_latest_yearly": 1.68,
            "eps_growth_yearly": 35.14
        },
        "20151": {
            "year_quarter": 20151,
            "year": 2015,
            "quarter": 1,
            "eps": 0.15,
            "eps_growth_year": -74.58,
            "eps_4q": 1.39,
            "eps_4q_growth_year": -50.72,
            "roe": 0.56,
            "roe_4q": 7.140000000000001,
            "gross_profit": 46035,
            "gross_margin": 20.06,
            "gross_margin_4q_avg": 21.98,
            "net_income": 7295,
            "net_income_4q": null,
            "revenue": 229464,
            "revenue_4q": null,
            "common_shares": 541434,
            "book_valuer_per_share": 25.84,
            "book_valuer_per_share_4q_avg": 23.54,
            "equity": 1399110,
            "current_ratio": 253.69,
            "debt_ratio": 52.01,
            "inventory_turnover_ratio": 1.2,
            "account_receivable_turnover_ratio": 1.11,
            "reinvestment_rate": null,
            "research_to_sale_ratio": 5.2,
            "price_fair": 6.02,
            "eps_avg_yearly": 2.01,
            "eps_latest_yearly": 0.6,
            "eps_growth_yearly": -13.57
        },
        "20152": {
            "year_quarter": 20152,
            "year": 2015,
            "quarter": 2,
            "eps": 0.3,
            "eps_growth_year": -40,
            "eps_4q": 1.27,
            "eps_4q_growth_year": -43.61,
            "roe": 1.13,
            "roe_4q": 5.91,
            "gross_profit": 55483,
            "gross_margin": 20.35,
            "gross_margin_4q_avg": 21.65,
            "net_income": 15595,
            "net_income_4q": null,
            "revenue": 272660,
            "revenue_4q": null,
            "common_shares": 541434,
            "book_valuer_per_share": 24.93,
            "book_valuer_per_share_4q_avg": 24.61,
            "equity": 1349733,
            "current_ratio": 182.3,
            "debt_ratio": 53.96,
            "inventory_turnover_ratio": 1.41,
            "account_receivable_turnover_ratio": 1.3,
            "reinvestment_rate": null,
            "research_to_sale_ratio": 4.49,
            "price_fair": 66.2,
            "eps_avg_yearly": 1.89,
            "eps_latest_yearly": 1.2,
            "eps_growth_yearly": 45.51
        },
        "20153": {
            "year_quarter": 20153,
            "year": 2015,
            "quarter": 3,
            "eps": 0.37,
            "eps_growth_year": -33.93,
            "eps_4q": 1.17,
            "eps_4q_growth_year": -47.2,
            "roe": 1.45,
            "roe_4q": 4.890000000000001,
            "gross_profit": 65166,
            "gross_margin": 24.07,
            "gross_margin_4q_avg": 21.59,
            "net_income": 19718,
            "net_income_4q": null,
            "revenue": 270758,
            "revenue_4q": null,
            "common_shares": 541434,
            "book_valuer_per_share": 25.29,
            "book_valuer_per_share_4q_avg": 25.07,
            "equity": 1369451,
            "current_ratio": 162.34,
            "debt_ratio": 52.55,
            "inventory_turnover_ratio": 1.36,
            "account_receivable_turnover_ratio": 1.19,
            "reinvestment_rate": null,
            "research_to_sale_ratio": 8.04,
            "price_fair": 64.4,
            "eps_avg_yearly": 1.84,
            "eps_latest_yearly": 1.48,
            "eps_growth_yearly": 51.49
        },
        "20154": {
            "year_quarter": 20154,
            "year": 2015,
            "quarter": 4,
            "eps": 0.24,
            "eps_growth_year": -41.62,
            "eps_4q": 1.03,
            "eps_4q_growth_year": -46.14,
            "roe": 0.96,
            "roe_4q": 4.1,
            "gross_profit": 53519,
            "gross_margin": 19.73,
            "gross_margin_4q_avg": 21.05,
            "net_income": 13205,
            "net_income_4q": null,
            "revenue": 271312,
            "revenue_4q": null,
            "common_shares": 541434,
            "book_valuer_per_share": 25.54,
            "book_valuer_per_share_4q_avg": 25.4,
            "equity": 1383007,
            "current_ratio": 82.64,
            "debt_ratio": 51.98,
            "inventory_turnover_ratio": 1.37,
            "account_receivable_turnover_ratio": 1.19,
            "reinvestment_rate": null,
            "research_to_sale_ratio": 8.6,
            "price_fair": 60.98,
            "eps_avg_yearly": 1.74,
            "eps_latest_yearly": 0.96,
            "eps_growth_yearly": 30.15
        },
        "20161": {
            "year_quarter": 20161,
            "year": 2016,
            "quarter": 1,
            "eps": -0.21,
            "eps_growth_year": -240,
            "eps_4q": 0.68,
            "eps_4q_growth_year": -50.79,
            "roe": -0.83,
            "roe_4q": 2.71,
            "gross_profit": 32176,
            "gross_margin": 14.3,
            "gross_margin_4q_avg": 19.61,
            "net_income": -11447,
            "net_income_4q": null,
            "revenue": 225023,
            "revenue_4q": null,
            "common_shares": 541434,
            "book_valuer_per_share": 25.33,
            "book_valuer_per_share_4q_avg": 25.27,
            "equity": 1371560,
            "current_ratio": 77.71,
            "debt_ratio": 50.36,
            "inventory_turnover_ratio": 1.07,
            "account_receivable_turnover_ratio": 1.02,
            "reinvestment_rate": 707.01,
            "research_to_sale_ratio": 10.32,
            "price_fair": 60.98,
            "eps_avg_yearly": 1.74,
            "eps_latest_yearly": 0.96,
            "eps_growth_yearly": 30.15
        },
        "20162": {
            "year_quarter": 20162,
            "year": 2016,
            "quarter": 2,
            "eps": 0.29,
            "eps_growth_year": -3.33,
            "eps_4q": 0.69,
            "eps_4q_growth_year": -45.9,
            "roe": 1.17,
            "roe_4q": 2.75,
            "gross_profit": 51339,
            "gross_margin": 18.47,
            "gross_margin_4q_avg": 19.14,
            "net_income": 15828,
            "net_income_4q": null,
            "revenue": 277991,
            "revenue_4q": null,
            "common_shares": 541434,
            "book_valuer_per_share": 24.72,
            "book_valuer_per_share_4q_avg": 25.22,
            "equity": 1338659,
            "current_ratio": 75.95,
            "debt_ratio": 52.05,
            "inventory_turnover_ratio": 1.26,
            "account_receivable_turnover_ratio": 1.22,
            "reinvestment_rate": 189.49,
            "research_to_sale_ratio": 6.88,
            "price_fair": 60.98,
            "eps_avg_yearly": 1.74,
            "eps_latest_yearly": 0.96,
            "eps_growth_yearly": 30.15
        },
        "20163": {
            "year_quarter": 20163,
            "year": 2016,
            "quarter": 3,
            "eps": -0.31,
            "eps_growth_year": -183.78,
            "eps_4q": 0.01,
            "eps_4q_growth_year": -98.76,
            "roe": -1.26,
            "roe_4q": 0.039999999999999925,
            "gross_profit": 28709,
            "gross_margin": 12.18,
            "gross_margin_4q_avg": 16.17,
            "net_income": -16803,
            "net_income_4q": null,
            "revenue": 235802,
            "revenue_4q": null,
            "common_shares": 541434,
            "book_valuer_per_share": 24.41,
            "book_valuer_per_share_4q_avg": 25,
            "equity": 1321856,
            "current_ratio": 80.48,
            "debt_ratio": 52.57,
            "inventory_turnover_ratio": 1.16,
            "account_receivable_turnover_ratio": 1.05,
            "reinvestment_rate": 151.49,
            "research_to_sale_ratio": 6.41,
            "price_fair": 60.98,
            "eps_avg_yearly": 1.74,
            "eps_latest_yearly": 0.96,
            "eps_growth_yearly": 30.15
        },
        "20164": {
            "year_quarter": 20164,
            "year": 2016,
            "quarter": 4,
            "eps": -0.12,
            "eps_growth_year": -150.12,
            "eps_4q": -0.35,
            "eps_4q_growth_year": -134.12,
            "roe": -0.5,
            "roe_4q": -1.42,
            "gross_profit": 46459,
            "gross_margin": 17.03,
            "gross_margin_4q_avg": 15.5,
            "net_income": -6619,
            "net_income_4q": null,
            "revenue": 272837,
            "revenue_4q": null,
            "common_shares": 541434,
            "book_valuer_per_share": 24.47,
            "book_valuer_per_share_4q_avg": 24.73,
            "equity": 1324690,
            "current_ratio": 142.3,
            "debt_ratio": 55.13,
            "inventory_turnover_ratio": 1.15,
            "account_receivable_turnover_ratio": 1.17,
            "reinvestment_rate": 159.08,
            "research_to_sale_ratio": 5.09,
            "price_fair": 60.98,
            "eps_avg_yearly": 1.74,
            "eps_latest_yearly": 0.96,
            "eps_growth_yearly": 30.15
        },
        "20171": {
            "year_quarter": 20171,
            "year": 2017,
            "quarter": 1,
            "eps": -0.57,
            "eps_growth_year": null,
            "eps_4q": -0.71,
            "eps_4q_growth_year": -203.68,
            "roe": -2.36,
            "roe_4q": -2.95,
            "gross_profit": 15000,
            "gross_margin": 6.17,
            "gross_margin_4q_avg": 13.46,
            "net_income": -30843,
            "net_income_4q": null,
            "revenue": 243278,
            "revenue_4q": null,
            "common_shares": 541434,
            "book_valuer_per_share": 23.9,
            "book_valuer_per_share_4q_avg": 24.38,
            "equity": 1293847,
            "current_ratio": 140.19,
            "debt_ratio": 55.14,
            "inventory_turnover_ratio": 1.05,
            "account_receivable_turnover_ratio": 1.03,
            "reinvestment_rate": 183.12,
            "research_to_sale_ratio": 4.94,
            "price_fair": 60.98,
            "eps_avg_yearly": 1.74,
            "eps_latest_yearly": 0.96,
            "eps_growth_yearly": 30.15
        },
        "20172": {
            "year_quarter": 20172,
            "year": 2017,
            "quarter": 2,
            "eps": -0.02,
            "eps_growth_year": -106.9,
            "eps_4q": -1.02,
            "eps_4q_growth_year": -248.66,
            "roe": -0.09,
            "roe_4q": -4.21,
            "gross_profit": 37187,
            "gross_margin": 12.46,
            "gross_margin_4q_avg": 11.96,
            "net_income": -1190,
            "net_income_4q": null,
            "revenue": 298558,
            "revenue_4q": null,
            "common_shares": 541434,
            "book_valuer_per_share": 23.57,
            "book_valuer_per_share_4q_avg": 24.09,
            "equity": 1276414,
            "current_ratio": 140.98,
            "debt_ratio": 56.08,
            "inventory_turnover_ratio": 1.05,
            "account_receivable_turnover_ratio": 1.26,
            "reinvestment_rate": 194.48,
            "research_to_sale_ratio": 4.67,
            "price_fair": 60.98,
            "eps_avg_yearly": 1.74,
            "eps_latest_yearly": 0.96,
            "eps_growth_yearly": 30.15
        },
        "20173": {
            "year_quarter": 20173,
            "year": 2017,
            "quarter": 3,
            "eps": -0.27,
            "eps_growth_year": null,
            "eps_4q": -0.99,
            "eps_4q_growth_year": -6914.24,
            "roe": -1.16,
            "roe_4q": -4.109999999999999,
            "gross_profit": 26553,
            "gross_margin": 9.26,
            "gross_margin_4q_avg": 11.23,
            "net_income": -14705,
            "net_income_4q": null,
            "revenue": 286810,
            "revenue_4q": null,
            "common_shares": 541434,
            "book_valuer_per_share": 23.3,
            "book_valuer_per_share_4q_avg": 23.81,
            "equity": 1261709,
            "current_ratio": 132.89,
            "debt_ratio": 57.43,
            "inventory_turnover_ratio": 0.98,
            "account_receivable_turnover_ratio": 1.06,
            "reinvestment_rate": 218.79,
            "research_to_sale_ratio": 5.38,
            "price_fair": 60.98,
            "eps_avg_yearly": 1.74,
            "eps_latest_yearly": 0.96,
            "eps_growth_yearly": 30.15
        },
        "20174": {
            "year_quarter": 20174,
            "year": 2017,
            "quarter": 4,
            "eps": -0.33,
            "eps_growth_year": null,
            "eps_4q": -1.19,
            "eps_4q_growth_year": null,
            "roe": -1.43,
            "roe_4q": -5.039999999999999,
            "gross_profit": 33065,
            "gross_margin": 11.37,
            "gross_margin_4q_avg": 9.82,
            "net_income": -17882,
            "net_income_4q": null,
            "revenue": 290823,
            "revenue_4q": null,
            "common_shares": 541434,
            "book_valuer_per_share": 22.94,
            "book_valuer_per_share_4q_avg": 23.43,
            "equity": 1241899,
            "current_ratio": 126.75,
            "debt_ratio": 58.51,
            "inventory_turnover_ratio": 0.97,
            "account_receivable_turnover_ratio": 1.05,
            "reinvestment_rate": 436.79,
            "research_to_sale_ratio": 9.61,
            "price_fair": 4.7,
            "eps_avg_yearly": 1.57,
            "eps_latest_yearly": 0.96,
            "eps_growth_yearly": -14.83
        },
        "20181": {
            "year_quarter": 20181,
            "year": 2018,
            "quarter": 1,
            "eps": 0.3,
            "eps_growth_year": null,
            "eps_4q": -0.32,
            "eps_4q_growth_year": null,
            "roe": 1.31,
            "roe_4q": -1.3699999999999999,
            "gross_profit": 51852,
            "gross_margin": 16.78,
            "gross_margin_4q_avg": 12.47,
            "net_income": 16351,
            "net_income_4q": null,
            "revenue": 309044,
            "revenue_4q": null,
            "common_shares": 541434,
            "book_valuer_per_share": 23.29,
            "book_valuer_per_share_4q_avg": 23.28,
            "equity": 1261001,
            "current_ratio": 117.66,
            "debt_ratio": 58.79,
            "inventory_turnover_ratio": 0.95,
            "account_receivable_turnover_ratio": 1.17,
            "reinvestment_rate": 643.23,
            "research_to_sale_ratio": 8.41,
            "price_fair": 4.35,
            "eps_avg_yearly": 1.45,
            "eps_latest_yearly": 0.96,
            "eps_growth_yearly": -2.48
        },
        "20182": {
            "year_quarter": 20182,
            "year": 2018,
            "quarter": 2,
            "eps": 0.76,
            "eps_growth_year": null,
            "eps_4q": 0.46,
            "eps_4q_growth_year": null,
            "roe": 3.22,
            "roe_4q": 1.9400000000000006,
            "gross_profit": 82164,
            "gross_margin": 22.72,
            "gross_margin_4q_avg": 15.03,
            "net_income": 40958,
            "net_income_4q": null,
            "revenue": 361708,
            "revenue_4q": null,
            "common_shares": 541434,
            "book_valuer_per_share": 23.75,
            "book_valuer_per_share_4q_avg": 23.32,
            "equity": 1285716,
            "current_ratio": 106.82,
            "debt_ratio": 61.22,
            "inventory_turnover_ratio": 1.02,
            "account_receivable_turnover_ratio": 1.19,
            "reinvestment_rate": 705.9,
            "research_to_sale_ratio": 7.45,
            "price_fair": 56,
            "eps_avg_yearly": 1.6,
            "eps_latest_yearly": 3.04,
            "eps_growth_yearly": 93.85
        },
        "20183": {
            "year_quarter": 20183,
            "year": 2018,
            "quarter": 3,
            "eps": 0.62,
            "eps_growth_year": null,
            "eps_4q": 1.12,
            "eps_4q_growth_year": null,
            "roe": 2.49,
            "roe_4q": 5.590000000000002,
            "gross_profit": 101315,
            "gross_margin": 25.1,
            "gross_margin_4q_avg": 18.99,
            "net_income": 37766,
            "net_income_4q": null,
            "revenue": 403707,
            "revenue_4q": null,
            "common_shares": 691434,
            "book_valuer_per_share": 25.35,
            "book_valuer_per_share_4q_avg": 23.83,
            "equity": 1752492,
            "current_ratio": 177.19,
            "debt_ratio": 49.99,
            "inventory_turnover_ratio": 1.07,
            "account_receivable_turnover_ratio": 1.13,
            "reinvestment_rate": 682.67,
            "research_to_sale_ratio": 5.62,
            "price_fair": 57.2,
            "eps_avg_yearly": 1.63,
            "eps_latest_yearly": 2.48,
            "eps_growth_yearly": 76.47
        },
        "20184": {
            "year_quarter": 20184,
            "year": 2018,
            "quarter": 4,
            "eps": 0.36,
            "eps_growth_year": null,
            "eps_4q": 1.74,
            "eps_4q_growth_year": null,
            "roe": 1.42,
            "roe_4q": 8.440000000000001,
            "gross_profit": 72082,
            "gross_margin": 19.81,
            "gross_margin_4q_avg": 21.1,
            "net_income": 25000,
            "net_income_4q": null,
            "revenue": 363892,
            "revenue_4q": null,
            "common_shares": 691434,
            "book_valuer_per_share": 25.68,
            "book_valuer_per_share_4q_avg": 24.52,
            "equity": 1775886,
            "current_ratio": 98.08,
            "debt_ratio": 50.33,
            "inventory_turnover_ratio": 1.02,
            "account_receivable_turnover_ratio": 1.03,
            "reinvestment_rate": 684.91,
            "research_to_sale_ratio": 7.08,
            "price_fair": 56,
            "eps_avg_yearly": 1.6,
            "eps_latest_yearly": 1.44,
            "eps_growth_yearly": 66.79
        },
        "20191": {
            "year_quarter": 20191,
            "year": 2019,
            "quarter": 1,
            "eps": 0.17,
            "eps_growth_year": -43.33,
            "eps_4q": 1.67,
            "eps_4q_growth_year": null,
            "roe": 0.66,
            "roe_4q": 7.790000000000001,
            "gross_profit": 59710,
            "gross_margin": 16.65,
            "gross_margin_4q_avg": 21.07,
            "net_income": 11835,
            "net_income_4q": null,
            "revenue": 358547,
            "revenue_4q": null,
            "common_shares": 693571,
            "book_valuer_per_share": 25.87,
            "book_valuer_per_share_4q_avg": 25.16,
            "equity": 1794574,
            "current_ratio": 101.71,
            "debt_ratio": 54.41,
            "inventory_turnover_ratio": 1,
            "account_receivable_turnover_ratio": 1.08,
            "reinvestment_rate": 586.47,
            "research_to_sale_ratio": 6.73,
            "price_fair": 56.4,
            "eps_avg_yearly": 1.61,
            "eps_latest_yearly": 0.68,
            "eps_growth_yearly": 73.37
        },
        "20192": {
            "year_quarter": 20192,
            "year": 2019,
            "quarter": 2,
            "eps": 0.32,
            "eps_growth_year": -57.89,
            "eps_4q": 1.39,
            "eps_4q_growth_year": 204.28,
            "roe": 1.24,
            "roe_4q": 5.8100000000000005,
            "gross_profit": 73739,
            "gross_margin": 17.94,
            "gross_margin_4q_avg": 19.88,
            "net_income": 21934,
            "net_income_4q": null,
            "revenue": 410947,
            "revenue_4q": null,
            "common_shares": 693571,
            "book_valuer_per_share": 25.08,
            "book_valuer_per_share_4q_avg": 25.5,
            "equity": 1742930,
            "current_ratio": 101.7,
            "debt_ratio": 56.94,
            "inventory_turnover_ratio": 1.06,
            "account_receivable_turnover_ratio": 1.17,
            "reinvestment_rate": 374.17,
            "research_to_sale_ratio": 5.83,
            "price_fair": 56.8,
            "eps_avg_yearly": 1.62,
            "eps_latest_yearly": 1.28,
            "eps_growth_yearly": 66.65
        },
        "20193": {
            "year_quarter": 20193,
            "year": 2019,
            "quarter": 3,
            "eps": 0.41,
            "eps_growth_year": -33.87,
            "eps_4q": 1.25,
            "eps_4q_growth_year": 12.3,
            "roe": 1.61,
            "roe_4q": 4.93,
            "gross_profit": 86458,
            "gross_margin": 20.26,
            "gross_margin_4q_avg": 18.67,
            "net_income": 28364,
            "net_income_4q": null,
            "revenue": 426699,
            "revenue_4q": null,
            "common_shares": 694812,
            "book_valuer_per_share": 25.49,
            "book_valuer_per_share_4q_avg": 25.53,
            "equity": 1771774,
            "current_ratio": 91.79,
            "debt_ratio": 56.5,
            "inventory_turnover_ratio": 1.07,
            "account_receivable_turnover_ratio": 1.11,
            "reinvestment_rate": 251.12,
            "research_to_sale_ratio": 5.89,
            "price_fair": 57.6,
            "eps_avg_yearly": 1.65,
            "eps_latest_yearly": 1.64,
            "eps_growth_yearly": 69.39
        },
        "20194": {
            "year_quarter": 20194,
            "year": 2019,
            "quarter": 4,
            "eps": 0.13,
            "eps_growth_year": -65.28,
            "eps_4q": 1.02,
            "eps_4q_growth_year": -41.29,
            "roe": 0.49,
            "roe_4q": 4,
            "gross_profit": 77206,
            "gross_margin": 19.77,
            "gross_margin_4q_avg": 18.66,
            "net_income": 8725,
            "net_income_4q": null,
            "revenue": 390596,
            "revenue_4q": null,
            "common_shares": 694991,
            "book_valuer_per_share": 25.57,
            "book_valuer_per_share_4q_avg": 25.5,
            "equity": 1777249,
            "current_ratio": 202.95,
            "debt_ratio": 56.96,
            "inventory_turnover_ratio": 1.03,
            "account_receivable_turnover_ratio": 1,
            "reinvestment_rate": 152.47,
            "research_to_sale_ratio": 7.12,
            "price_fair": 55.4,
            "eps_avg_yearly": 1.58,
            "eps_latest_yearly": 0.52,
            "eps_growth_yearly": 50.44
        },
        "20201": {
            "year_quarter": 20201,
            "year": 2020,
            "quarter": 1,
            "eps": -0.11,
            "eps_growth_year": -164.71,
            "eps_4q": 0.74,
            "eps_4q_growth_year": -55.37,
            "roe": -0.44,
            "roe_4q": 2.9000000000000004,
            "gross_profit": 30864,
            "gross_margin": 9.95,
            "gross_margin_4q_avg": 16.98,
            "net_income": -7770,
            "net_income_4q": null,
            "revenue": 310284,
            "revenue_4q": null,
            "common_shares": 694991,
            "book_valuer_per_share": 25.53,
            "book_valuer_per_share_4q_avg": 25.42,
            "equity": 1760888,
            "current_ratio": 223.41,
            "debt_ratio": 56.52,
            "inventory_turnover_ratio": 0.92,
            "account_receivable_turnover_ratio": 0.88,
            "reinvestment_rate": 161.02,
            "research_to_sale_ratio": 7.4,
            "price_fair": 55.4,
            "eps_avg_yearly": 1.58,
            "eps_latest_yearly": 0.52,
            "eps_growth_yearly": 50.44
        },
        "20202": {
            "year_quarter": 20202,
            "year": 2020,
            "quarter": 2,
            "eps": -0.37,
            "eps_growth_year": -215.62,
            "eps_4q": 0.06,
            "eps_4q_growth_year": -95.96,
            "roe": -1.48,
            "roe_4q": 0.18000000000000016,
            "gross_profit": -574,
            "gross_margin": -0.25,
            "gross_margin_4q_avg": 12.43,
            "net_income": -25491,
            "net_income_4q": null,
            "revenue": 227447,
            "revenue_4q": null,
            "common_shares": 694991,
            "book_valuer_per_share": 24.53,
            "book_valuer_per_share_4q_avg": 25.28,
            "equity": 1672715,
            "current_ratio": 196.64,
            "debt_ratio": 59.74,
            "inventory_turnover_ratio": 0.7,
            "account_receivable_turnover_ratio": 0.82,
            "reinvestment_rate": 228.33,
            "research_to_sale_ratio": 10.31,
            "price_fair": 55.4,
            "eps_avg_yearly": 1.58,
            "eps_latest_yearly": 0.52,
            "eps_growth_yearly": 50.44
        },
        "20203": {
            "year_quarter": 20203,
            "year": 2020,
            "quarter": 3,
            "eps": -0.47,
            "eps_growth_year": -214.63,
            "eps_4q": -0.83,
            "eps_4q_growth_year": -166.48,
            "roe": -1.93,
            "roe_4q": -3.3600000000000003,
            "gross_profit": -6838,
            "gross_margin": -3.67,
            "gross_margin_4q_avg": 6.45,
            "net_income": -31843,
            "net_income_4q": null,
            "revenue": 186297,
            "revenue_4q": null,
            "common_shares": 676471,
            "book_valuer_per_share": 24.1,
            "book_valuer_per_share_4q_avg": 24.93,
            "equity": 1630058,
            "current_ratio": 219.47,
            "debt_ratio": 60.32,
            "inventory_turnover_ratio": 0.54,
            "account_receivable_turnover_ratio": 0.91,
            "reinvestment_rate": 254.79,
            "research_to_sale_ratio": 11.83,
            "price_fair": 55.4,
            "eps_avg_yearly": 1.58,
            "eps_latest_yearly": 0.52,
            "eps_growth_yearly": 50.44
        },
        "20204": {
            "year_quarter": 20204,
            "year": 2020,
            "quarter": 4,
            "eps": -0.18,
            "eps_growth_year": -241.74,
            "eps_4q": -1.14,
            "eps_4q_growth_year": -211.85,
            "roe": -0.74,
            "roe_4q": -4.590000000000001,
            "gross_profit": 2587,
            "gross_margin": 1.45,
            "gross_margin_4q_avg": 1.87,
            "net_income": -12037,
            "net_income_4q": null,
            "revenue": 178434,
            "revenue_4q": null,
            "common_shares": 676471,
            "book_valuer_per_share": 23.89,
            "book_valuer_per_share_4q_avg": 24.51,
            "equity": 1616324,
            "current_ratio": 168.18,
            "debt_ratio": 60.27,
            "inventory_turnover_ratio": 0.47,
            "account_receivable_turnover_ratio": 1.09,
            "reinvestment_rate": 250.24,
            "research_to_sale_ratio": 18.02,
            "price_fair": 55.4,
            "eps_avg_yearly": 1.58,
            "eps_latest_yearly": 0.52,
            "eps_growth_yearly": 50.44
        },
        "20211": {
            "year_quarter": 20211,
            "year": 2021,
            "quarter": 1,
            "eps": -0.46,
            "eps_growth_year": null,
            "eps_4q": -1.49,
            "eps_4q_growth_year": -299.96,
            "roe": -1.95,
            "roe_4q": -6.1,
            "gross_profit": -7521,
            "gross_margin": -3.5,
            "gross_margin_4q_avg": -1.49,
            "net_income": -31161,
            "net_income_4q": null,
            "revenue": 214735,
            "revenue_4q": null,
            "common_shares": 676471,
            "book_valuer_per_share": 23.43,
            "book_valuer_per_share_4q_avg": 23.99,
            "equity": 1585163,
            "current_ratio": 172.16,
            "debt_ratio": 61.21,
            "inventory_turnover_ratio": 0.6,
            "account_receivable_turnover_ratio": 1.24,
            "reinvestment_rate": 198.23,
            "research_to_sale_ratio": 11.46,
            "price_fair": 55.4,
            "eps_avg_yearly": 1.58,
            "eps_latest_yearly": 0.52,
            "eps_growth_yearly": 50.44
        },
        "20212": {
            "year_quarter": 20212,
            "year": 2021,
            "quarter": 2,
            "eps": -0.06,
            "eps_growth_year": null,
            "eps_4q": -1.17,
            "eps_4q_growth_year": -2181.78,
            "roe": -0.25,
            "roe_4q": -4.87,
            "gross_profit": 36137,
            "gross_margin": 13.4,
            "gross_margin_4q_avg": 1.92,
            "net_income": -4009,
            "net_income_4q": null,
            "revenue": 269617,
            "revenue_4q": null,
            "common_shares": 676471,
            "book_valuer_per_share": 23.37,
            "book_valuer_per_share_4q_avg": 23.7,
            "equity": 1581154,
            "current_ratio": 179.65,
            "debt_ratio": 61.67,
            "inventory_turnover_ratio": 0.67,
            "account_receivable_turnover_ratio": 1.24,
            "reinvestment_rate": 152.02,
            "research_to_sale_ratio": 10.29,
            "price_fair": 55.4,
            "eps_avg_yearly": 1.58,
            "eps_latest_yearly": 0.52,
            "eps_growth_yearly": 50.44
        },
        "20213": {
            "year_quarter": 20213,
            "year": 2021,
            "quarter": 3,
            "eps": 0.33,
            "eps_growth_year": null,
            "eps_4q": -0.36,
            "eps_4q_growth_year": null,
            "roe": 1.42,
            "roe_4q": -1.52,
            "gross_profit": 42922,
            "gross_margin": 15.5,
            "gross_margin_4q_avg": 6.71,
            "net_income": 22530,
            "net_income_4q": null,
            "revenue": 276991,
            "revenue_4q": null,
            "common_shares": 676471,
            "book_valuer_per_share": 23.51,
            "book_valuer_per_share_4q_avg": 23.55,
            "equity": 1590155,
            "current_ratio": 211.03,
            "debt_ratio": 59.91,
            "inventory_turnover_ratio": 0.68,
            "account_receivable_turnover_ratio": 1.17,
            "reinvestment_rate": 58.95,
            "research_to_sale_ratio": 4.93,
            "price_fair": 55.4,
            "eps_avg_yearly": 1.58,
            "eps_latest_yearly": 0.52,
            "eps_growth_yearly": 50.44
        },
        "20214": {
            "year_quarter": 20214,
            "year": 2021,
            "quarter": 4,
            "eps": 0.19,
            "eps_growth_year": null,
            "eps_4q": 0,
            "eps_4q_growth_year": null,
            "roe": 0.8,
            "roe_4q": 0.019999999999999796,
            "gross_profit": 54498,
            "gross_margin": 18.24,
            "gross_margin_4q_avg": 10.91,
            "net_income": 12759,
            "net_income_4q": null,
            "revenue": 298846,
            "revenue_4q": null,
            "common_shares": 676471,
            "book_valuer_per_share": 23.7,
            "book_valuer_per_share_4q_avg": 23.5,
            "equity": 1603499,
            "current_ratio": 210.01,
            "debt_ratio": 59.49,
            "inventory_turnover_ratio": 0.68,
            "account_receivable_turnover_ratio": 1.28,
            "reinvestment_rate": -2.27,
            "research_to_sale_ratio": 5.46,
            "price_fair": 48.72,
            "eps_avg_yearly": 1.48,
            "eps_latest_yearly": 0.76,
            "eps_growth_yearly": 22.92
        },
        "20221": {
            "year_quarter": 20221,
            "year": 2022,
            "quarter": 1,
            "eps": 0.27,
            "eps_growth_year": null,
            "eps_4q": 0.74,
            "eps_4q_growth_year": null,
            "roe": 1.15,
            "roe_4q": 3.12,
            "gross_profit": 38476,
            "gross_margin": 12.65,
            "gross_margin_4q_avg": 14.95,
            "net_income": 18528,
            "net_income_4q": null,
            "revenue": 304045,
            "revenue_4q": null,
            "common_shares": 676471,
            "book_valuer_per_share": 23.98,
            "book_valuer_per_share_4q_avg": 23.64,
            "equity": 1622027,
            "current_ratio": 197.26,
            "debt_ratio": 59.77,
            "inventory_turnover_ratio": 0.73,
            "account_receivable_turnover_ratio": 1.19,
            "reinvestment_rate": -39.13,
            "research_to_sale_ratio": 3.34,
            "price_fair": 50.24,
            "eps_avg_yearly": 1.44,
            "eps_latest_yearly": 1.08,
            "eps_growth_yearly": 39.09
        },
        "20222": {
            "year_quarter": 20222,
            "year": 2022,
            "quarter": 2,
            "eps": 0.47,
            "eps_growth_year": null,
            "eps_4q": 1.26,
            "eps_4q_growth_year": null,
            "roe": 1.95,
            "roe_4q": 5.319999999999999,
            "gross_profit": 66216,
            "gross_margin": 19.37,
            "gross_margin_4q_avg": 16.44,
            "net_income": 31754,
            "net_income_4q": null,
            "revenue": 341784,
            "revenue_4q": null,
            "common_shares": 676471,
            "book_valuer_per_share": 24.05,
            "book_valuer_per_share_4q_avg": 23.81,
            "equity": 1626722,
            "current_ratio": 192.99,
            "debt_ratio": 59.85,
            "inventory_turnover_ratio": 0.73,
            "account_receivable_turnover_ratio": 1.14,
            "reinvestment_rate": -246.65,
            "research_to_sale_ratio": 4.48,
            "price_fair": 18.11,
            "eps_avg_yearly": 1.31,
            "eps_latest_yearly": 1.88,
            "eps_growth_yearly": 3.86
        },
        "20223": {
            "year_quarter": 20223,
            "year": 2022,
            "quarter": 3,
            "eps": 0.75,
            "eps_growth_year": 127.27,
            "eps_4q": 1.68,
            "eps_4q_growth_year": null,
            "roe": 3.07,
            "roe_4q": 6.97,
            "gross_profit": 58379,
            "gross_margin": 14.77,
            "gross_margin_4q_avg": 16.26,
            "net_income": 50720,
            "net_income_4q": null,
            "revenue": 395330,
            "revenue_4q": null,
            "common_shares": 676471,
            "book_valuer_per_share": 24.8,
            "book_valuer_per_share_4q_avg": 24.13,
            "equity": 1677442,
            "current_ratio": 183.36,
            "debt_ratio": 59.27,
            "inventory_turnover_ratio": 0.88,
            "account_receivable_turnover_ratio": 1.12,
            "reinvestment_rate": -315.16,
            "research_to_sale_ratio": 2.97,
            "price_fair": 47.76,
            "eps_avg_yearly": 1.36,
            "eps_latest_yearly": 3,
            "eps_growth_yearly": 38.53
        },
        "20224": {
            "year_quarter": 20224,
            "year": 2022,
            "quarter": 4,
            "eps": 0.31,
            "eps_growth_year": 64.53,
            "eps_4q": 1.8,
            "eps_4q_growth_year": 102423.48,
            "roe": 1.24,
            "roe_4q": 7.41,
            "gross_profit": 50549,
            "gross_margin": 15.43,
            "gross_margin_4q_avg": 15.56,
            "net_income": 20992,
            "net_income_4q": null,
            "revenue": 327566,
            "revenue_4q": null,
            "common_shares": 676471,
            "book_valuer_per_share": 25.18,
            "book_valuer_per_share_4q_avg": 24.5,
            "equity": 1703388,
            "current_ratio": 182.02,
            "debt_ratio": 58.6,
            "inventory_turnover_ratio": 0.72,
            "account_receivable_turnover_ratio": 0.96,
            "reinvestment_rate": -435.88,
            "research_to_sale_ratio": 4.12,
            "price_fair": 46.98,
            "eps_avg_yearly": 1.34,
            "eps_latest_yearly": 1.24,
            "eps_growth_yearly": 31.09
        },
        "20231": {
            "year_quarter": 20231,
            "year": 2023,
            "quarter": 1,
            "eps": -0.34,
            "eps_growth_year": -225.93,
            "eps_4q": 1.19,
            "eps_4q_growth_year": 61.49,
            "roe": -1.4,
            "roe_4q": 4.86,
            "gross_profit": 12174,
            "gross_margin": 4.23,
            "gross_margin_4q_avg": 13.45,
            "net_income": -23030,
            "net_income_4q": null,
            "revenue": 287731,
            "revenue_4q": null,
            "common_shares": 676471,
            "book_valuer_per_share": 23.44,
            "book_valuer_per_share_4q_avg": 24.37,
            "equity": 1585652,
            "current_ratio": 163.56,
            "debt_ratio": 60.34,
            "inventory_turnover_ratio": 0.69,
            "account_receivable_turnover_ratio": 0.97,
            "reinvestment_rate": -652.05,
            "research_to_sale_ratio": 3.65,
            "price_fair": 49.88,
            "eps_avg_yearly": 1.43,
            "eps_latest_yearly": 1.24,
            "eps_growth_yearly": 61.37
        },
        "20232": {
            "year_quarter": 20232,
            "year": 2023,
            "quarter": 2,
            "eps": -0.16,
            "eps_growth_year": -134.04,
            "eps_4q": 0.56,
            "eps_4q_growth_year": -55.63,
            "roe": -0.68,
            "roe_4q": 2.2299999999999995,
            "gross_profit": 4754,
            "gross_margin": 1.58,
            "gross_margin_4q_avg": 9,
            "net_income": -10714,
            "net_income_4q": null,
            "revenue": 301407,
            "revenue_4q": null,
            "common_shares": 676471,
            "book_valuer_per_share": 23.28,
            "book_valuer_per_share_4q_avg": 24.18,
            "equity": 1574938,
            "current_ratio": 167.15,
            "debt_ratio": 60.12,
            "inventory_turnover_ratio": 0.75,
            "account_receivable_turnover_ratio": 1.04,
            "reinvestment_rate": -1124.93,
            "research_to_sale_ratio": 4.72,
            "price_fair": 42.95,
            "eps_avg_yearly": 1.45,
            "eps_latest_yearly": 1.24,
            "eps_growth_yearly": 19.71
        },
        "20233": {
            "year_quarter": 20233,
            "year": 2023,
            "quarter": 3,
            "eps": -0.04,
            "eps_growth_year": -105.33,
            "eps_4q": -0.23,
            "eps_4q_growth_year": -113.63,
            "roe": -0.18,
            "roe_4q": -1.0199999999999998,
            "gross_profit": 9238,
            "gross_margin": 2.95,
            "gross_margin_4q_avg": 6.05,
            "net_income": -2754,
            "net_income_4q": null,
            "revenue": 313002,
            "revenue_4q": null,
            "common_shares": 676471,
            "book_valuer_per_share": 23.24,
            "book_valuer_per_share_4q_avg": 23.79,
            "equity": 1572184,
            "current_ratio": 164.05,
            "debt_ratio": 60.02,
            "inventory_turnover_ratio": 0.79,
            "account_receivable_turnover_ratio": 1.12,
            "reinvestment_rate": -3778.63,
            "research_to_sale_ratio": 4.81,
            "price_fair": 20.14,
            "eps_avg_yearly": 1.41,
            "eps_latest_yearly": 1.24,
            "eps_growth_yearly": 4.25
        }
    },
    "months": {
        "2013-06": {
            "month": "2013-06",
            "price": "31.74",
            "revenue": 74463
        },
        "2013-07": {
            "month": "2013-07",
            "price": "27.89",
            "revenue": 73602
        },
        "2013-08": {
            "month": "2013-08",
            "price": "31.46",
            "revenue": 74500
        },
        "2013-09": {
            "month": "2013-09",
            "price": "37.39",
            "revenue": 68307
        },
        "2013-10": {
            "month": "2013-10",
            "price": "38.90",
            "revenue": 89399
        },
        "2013-11": {
            "month": "2013-11",
            "price": "41.25",
            "revenue": 77198
        },
        "2013-12": {
            "month": "2013-12",
            "price": "43.07",
            "revenue": 101506
        },
        "2014-01": {
            "month": "2014-01",
            "price": "48.70",
            "revenue": 81396
        },
        "2014-02": {
            "month": "2014-02",
            "price": "49.68",
            "revenue": 71413
        },
        "2014-03": {
            "month": "2014-03",
            "price": "50.91",
            "revenue": 84046
        },
        "2014-04": {
            "month": "2014-04",
            "price": "55.34",
            "revenue": 77133
        },
        "2014-05": {
            "month": "2014-05",
            "price": "53.25",
            "revenue": 88448
        },
        "2014-06": {
            "month": "2014-06",
            "price": "57.97",
            "revenue": 94054
        },
        "2014-07": {
            "month": "2014-07",
            "price": "69.94",
            "revenue": 89793
        },
        "2014-08": {
            "month": "2014-08",
            "price": "65.42",
            "revenue": 91947
        },
        "2014-09": {
            "month": "2014-09",
            "price": "59.94",
            "revenue": 96788
        },
        "2014-10": {
            "month": "2014-10",
            "price": "46.71",
            "revenue": 77255
        },
        "2014-11": {
            "month": "2014-11",
            "price": "42.33",
            "revenue": 92219
        },
        "2014-12": {
            "month": "2014-12",
            "price": "47.75",
            "revenue": 97498
        },
        "2015-01": {
            "month": "2015-01",
            "price": "45.82",
            "revenue": 74529
        },
        "2015-02": {
            "month": "2015-02",
            "price": "44.05",
            "revenue": 70818
        },
        "2015-03": {
            "month": "2015-03",
            "price": "42.58",
            "revenue": 84117
        },
        "2015-04": {
            "month": "2015-04",
            "price": "40.95",
            "revenue": 88799
        },
        "2015-05": {
            "month": "2015-05",
            "price": "37.91",
            "revenue": 91700
        },
        "2015-06": {
            "month": "2015-06",
            "price": "34.00",
            "revenue": 92161
        },
        "2015-07": {
            "month": "2015-07",
            "price": "33.86",
            "revenue": 88391
        },
        "2015-08": {
            "month": "2015-08",
            "price": "28.82",
            "revenue": 86254
        },
        "2015-09": {
            "month": "2015-09",
            "price": "29.19",
            "revenue": 96113
        },
        "2015-10": {
            "month": "2015-10",
            "price": "31.43",
            "revenue": 87238
        },
        "2015-11": {
            "month": "2015-11",
            "price": "32.07",
            "revenue": 93467
        },
        "2015-12": {
            "month": "2015-12",
            "price": "34.31",
            "revenue": 90606
        },
        "2016-01": {
            "month": "2016-01",
            "price": "30.23",
            "revenue": 70958
        },
        "2016-02": {
            "month": "2016-02",
            "price": "32.20",
            "revenue": 52315
        },
        "2016-03": {
            "month": "2016-03",
            "price": "33.04",
            "revenue": 101750
        },
        "2016-04": {
            "month": "2016-04",
            "price": "36.06",
            "revenue": 91528
        },
        "2016-05": {
            "month": "2016-05",
            "price": "33.35",
            "revenue": 90628
        },
        "2016-06": {
            "month": "2016-06",
            "price": "33.90",
            "revenue": 95835
        },
        "2016-07": {
            "month": "2016-07",
            "price": "33.00",
            "revenue": 73170
        },
        "2016-08": {
            "month": "2016-08",
            "price": "32.86",
            "revenue": 90587
        },
        "2016-09": {
            "month": "2016-09",
            "price": "30.58",
            "revenue": 72045
        },
        "2016-10": {
            "month": "2016-10",
            "price": "29.11",
            "revenue": 82997
        },
        "2016-11": {
            "month": "2016-11",
            "price": "27.04",
            "revenue": 83639
        },
        "2016-12": {
            "month": "2016-12",
            "price": "26.60",
            "revenue": 106201
        },
        "2017-01": {
            "month": "2017-01",
            "price": "26.32",
            "revenue": 74522
        },
        "2017-02": {
            "month": "2017-02",
            "price": "27.09",
            "revenue": 77332
        },
        "2017-03": {
            "month": "2017-03",
            "price": "27.18",
            "revenue": 91425
        },
        "2017-04": {
            "month": "2017-04",
            "price": "26.38",
            "revenue": 105321
        },
        "2017-05": {
            "month": "2017-05",
            "price": "24.70",
            "revenue": 97691
        },
        "2017-06": {
            "month": "2017-06",
            "price": "24.45",
            "revenue": 95545
        },
        "2017-07": {
            "month": "2017-07",
            "price": "24.09",
            "revenue": 83544
        },
        "2017-08": {
            "month": "2017-08",
            "price": "23.71",
            "revenue": 110591
        },
        "2017-09": {
            "month": "2017-09",
            "price": "25.77",
            "revenue": 92675
        },
        "2017-10": {
            "month": "2017-10",
            "price": "26.38",
            "revenue": 87693
        },
        "2017-11": {
            "month": "2017-11",
            "price": "27.34",
            "revenue": 107165
        },
        "2017-12": {
            "month": "2017-12",
            "price": "28.70",
            "revenue": 95965
        },
        "2018-01": {
            "month": "2018-01",
            "price": "27.62",
            "revenue": 97373
        },
        "2018-02": {
            "month": "2018-02",
            "price": "26.71",
            "revenue": 88100
        },
        "2018-03": {
            "month": "2018-03",
            "price": "28.07",
            "revenue": 123571
        },
        "2018-04": {
            "month": "2018-04",
            "price": "30.59",
            "revenue": 102220
        },
        "2018-05": {
            "month": "2018-05",
            "price": "30.43",
            "revenue": 137577
        },
        "2018-06": {
            "month": "2018-06",
            "price": "31.09",
            "revenue": 121910
        },
        "2018-07": {
            "month": "2018-07",
            "price": "31.75",
            "revenue": 127993
        },
        "2018-08": {
            "month": "2018-08",
            "price": "29.94",
            "revenue": 137642
        },
        "2018-09": {
            "month": "2018-09",
            "price": "29.75",
            "revenue": 138073
        },
        "2018-10": {
            "month": "2018-10",
            "price": "29.10",
            "revenue": 119875
        },
        "2018-11": {
            "month": "2018-11",
            "price": "28.10",
            "revenue": 106569
        },
        "2018-12": {
            "month": "2018-12",
            "price": "27.33",
            "revenue": 137448
        },
        "2019-01": {
            "month": "2019-01",
            "price": "28.93",
            "revenue": 132981
        },
        "2019-02": {
            "month": "2019-02",
            "price": "32.78",
            "revenue": 92704
        },
        "2019-03": {
            "month": "2019-03",
            "price": "33.76",
            "revenue": 132862
        },
        "2019-04": {
            "month": "2019-04",
            "price": "31.30",
            "revenue": 133863
        },
        "2019-05": {
            "month": "2019-05",
            "price": "29.28",
            "revenue": 133429
        },
        "2019-06": {
            "month": "2019-06",
            "price": "29.86",
            "revenue": 143655
        },
        "2019-07": {
            "month": "2019-07",
            "price": "30.78",
            "revenue": 147392
        },
        "2019-08": {
            "month": "2019-08",
            "price": "28.19",
            "revenue": 150860
        },
        "2019-09": {
            "month": "2019-09",
            "price": "27.52",
            "revenue": 128447
        },
        "2019-10": {
            "month": "2019-10",
            "price": "25.86",
            "revenue": 132625
        },
        "2019-11": {
            "month": "2019-11",
            "price": "25.43",
            "revenue": 125949
        },
        "2019-12": {
            "month": "2019-12",
            "price": "25.71",
            "revenue": 132022
        },
        "2020-01": {
            "month": "2020-01",
            "price": "25.79",
            "revenue": 97559
        },
        "2020-02": {
            "month": "2020-02",
            "price": "24.32",
            "revenue": 91042
        },
        "2020-03": {
            "month": "2020-03",
            "price": "18.43",
            "revenue": 121683
        },
        "2020-04": {
            "month": "2020-04",
            "price": "17.87",
            "revenue": 98063
        },
        "2020-05": {
            "month": "2020-05",
            "price": "18.12",
            "revenue": 62202
        },
        "2020-06": {
            "month": "2020-06",
            "price": "20.11",
            "revenue": 67182
        },
        "2020-07": {
            "month": "2020-07",
            "price": "19.68",
            "revenue": 68289
        },
        "2020-08": {
            "month": "2020-08",
            "price": "19.17",
            "revenue": 55150
        },
        "2020-09": {
            "month": "2020-09",
            "price": "19.01",
            "revenue": 62858
        },
        "2020-10": {
            "month": "2020-10",
            "price": "18.70",
            "revenue": 53131
        },
        "2020-11": {
            "month": "2020-11",
            "price": "18.55",
            "revenue": 63907
        },
        "2020-12": {
            "month": "2020-12",
            "price": "18.87",
            "revenue": 61396
        },
        "2021-01": {
            "month": "2021-01",
            "price": "18.05",
            "revenue": 65616
        },
        "2021-02": {
            "month": "2021-02",
            "price": "17.63",
            "revenue": 76099
        },
        "2021-03": {
            "month": "2021-03",
            "price": "20.24",
            "revenue": 73019
        },
        "2021-04": {
            "month": "2021-04",
            "price": "21.31",
            "revenue": 75938
        },
        "2021-05": {
            "month": "2021-05",
            "price": "19.25",
            "revenue": 91177
        },
        "2021-06": {
            "month": "2021-06",
            "price": "22.67",
            "revenue": 102503
        },
        "2021-07": {
            "month": "2021-07",
            "price": "23.67",
            "revenue": 92916
        },
        "2021-08": {
            "month": "2021-08",
            "price": "23.90",
            "revenue": 87882
        },
        "2021-09": {
            "month": "2021-09",
            "price": "22.30",
            "revenue": 96193
        },
        "2021-10": {
            "month": "2021-10",
            "price": "22.52",
            "revenue": 103797
        },
        "2021-11": {
            "month": "2021-11",
            "price": "24.26",
            "revenue": 95332
        },
        "2021-12": {
            "month": "2021-12",
            "price": "24.54",
            "revenue": 99717
        },
        "2022-01": {
            "month": "2022-01",
            "price": "23.21",
            "revenue": 111606
        },
        "2022-02": {
            "month": "2022-02",
            "price": "23.74",
            "revenue": 69026
        },
        "2022-03": {
            "month": "2022-03",
            "price": "22.78",
            "revenue": 123413
        },
        "2022-04": {
            "month": "2022-04",
            "price": "24.12",
            "revenue": 110491
        },
        "2022-05": {
            "month": "2022-05",
            "price": "23.44",
            "revenue": 111966
        },
        "2022-06": {
            "month": "2022-06",
            "price": "25.44",
            "revenue": 119327
        },
        "2022-07": {
            "month": "2022-07",
            "price": "28.19",
            "revenue": 113455
        },
        "2022-08": {
            "month": "2022-08",
            "price": "30.10",
            "revenue": 137254
        },
        "2022-09": {
            "month": "2022-09",
            "price": "33.42",
            "revenue": 144621
        },
        "2022-10": {
            "month": "2022-10",
            "price": "27.52",
            "revenue": 98856
        },
        "2022-11": {
            "month": "2022-11",
            "price": "28.84",
            "revenue": 128795
        },
        "2022-12": {
            "month": "2022-12",
            "price": "29.93",
            "revenue": 99915
        },
        "2023-01": {
            "month": "2023-01",
            "price": "29.69",
            "revenue": 72669
        },
        "2023-02": {
            "month": "2023-02",
            "price": "30.84",
            "revenue": 108553
        },
        "2023-03": {
            "month": "2023-03",
            "price": "33.78",
            "revenue": 106509
        },
        "2023-04": {
            "month": "2023-04",
            "price": "39.26",
            "revenue": 82603
        },
        "2023-05": {
            "month": "2023-05",
            "price": "44.60",
            "revenue": 102695
        },
        "2023-06": {
            "month": "2023-06",
            "price": "43.41",
            "revenue": 116109
        },
        "2023-07": {
            "month": "2023-07",
            "price": "38.96",
            "revenue": 104420
        },
        "2023-08": {
            "month": "2023-08",
            "price": "36.26",
            "revenue": 102109
        },
        "2023-09": {
            "month": "2023-09",
            "price": "35.33",
            "revenue": 106473
        },
        "2023-10": {
            "month": "2023-10",
            "price": "32.06",
            "revenue": 108912
        },
        "2023-11": {
            "month": "2023-11",
            "price": "31.41",
            "revenue": 93813
        },
        "2023-12": {
            "month": "2023-12",
            "price": "31.61",
            "revenue": 94875
        }
    }
}
