{
    "summary": {
        "stock_name": "科嶠",
        "stock_id": "4542",
        "category": "電子零組件",
        "main_business": "設計、研發及生產自動化乾燥設備及相關機械設備製造與買賣",
        "website_url": "http://www.asianeotech.com",
        "ceo": "吳明致",
        "pe_ratio": 38,
        "report_year_from": 2011,
        "report_year_to": 2023,
        "age": 13,
        "eps_negative_percentage": 18,
        "eps_growth_avg": {
            "last_all": -4.65,
            "last_2y": 18.39,
            "last_4y": -2.75,
            "last_8y": -19.59,
            "last_12y": null,
            "last_16y": null,
            "last_20y": null,
            "at_2006_last_3y": null,
            "at_2007_last_3y": null,
            "at_2008_last_3y": null,
            "at_2009_last_3y": null,
            "at_2010_last_3y": null,
            "at_2011_last_3y": null,
            "at_2012_last_3y": null,
            "at_2013_last_3y": null,
            "at_2014_last_3y": null,
            "at_2015_last_3y": null,
            "at_2016_last_3y": null,
            "at_2017_last_3y": 0,
            "at_2018_last_3y": -61.7,
            "at_2019_last_3y": -16.98,
            "at_2020_last_3y": -30.78,
            "at_2021_last_3y": -10.03,
            "at_2022_last_3y": -28.44,
            "at_2023_last_3y": -0.8,
            "at_2024_last_3y": -0.8,
            "at_2006_last_all": null,
            "at_2007_last_all": null,
            "at_2008_last_all": null,
            "at_2009_last_all": null,
            "at_2010_last_all": null,
            "at_2011_last_all": null,
            "at_2012_last_all": null,
            "at_2013_last_all": null,
            "at_2014_last_all": null,
            "at_2015_last_all": 0,
            "at_2016_last_all": 0,
            "at_2017_last_all": 0,
            "at_2018_last_all": -7.8,
            "at_2019_last_all": -8.49,
            "at_2020_last_all": -18.47,
            "at_2021_last_all": -6.68,
            "at_2022_last_all": -19.59,
            "at_2023_last_all": -4.65,
            "at_2024_last_all": -4.65
        },
        "latest_eps": 1.69,
        "latest_price": 64.3,
        "latest_roe": 7.78,
        "latest_gross_margin": 39.54,
        "latest_equity": 682036,
        "latest_revenue": 159267,
        "latest_gross_profit": 62981,
        "latest_net_income": -23049,
        "latest_debt_ratio": 52.87,
        "latest_current_ratio": 186.37,
        "latest_account_receivable_turnover_ratio": 0.58,
        "latest_inventory_turnover_ratio": 0.37,
        "latest_reinvestment_rate": 227.56,
        "latest_research_to_sale_ratio": 1.95
    },
    "eps_dividends": {
        "2001": {
            "cash": 0,
            "stock": 0,
            "eps": 0
        },
        "2002": {
            "cash": 0,
            "stock": 0,
            "eps": 0
        },
        "2003": {
            "cash": 0,
            "stock": 0,
            "eps": 0
        },
        "2004": {
            "cash": 0,
            "stock": 0,
            "eps": 0
        },
        "2005": {
            "cash": 0,
            "stock": 0,
            "eps": 0
        },
        "2006": {
            "cash": 0,
            "stock": 0,
            "eps": 0
        },
        "2007": {
            "cash": 0,
            "stock": 0,
            "eps": 0
        },
        "2008": {
            "cash": 0,
            "stock": 0,
            "eps": 0
        },
        "2009": {
            "cash": 0,
            "stock": 0,
            "eps": 0
        },
        "2010": {
            "cash": 0,
            "stock": 0,
            "eps": 0
        },
        "2011": {
            "cash": 0,
            "stock": 0,
            "eps": 0
        },
        "2012": {
            "cash": 0,
            "stock": 0,
            "eps": 0
        },
        "2013": {
            "cash": 3,
            "stock": 0,
            "eps": 1.24
        },
        "2014": {
            "cash": 3,
            "stock": 0,
            "eps": 5.61
        },
        "2015": {
            "cash": 3,
            "stock": 1,
            "eps": -0.37
        },
        "2016": {
            "cash": 0.6,
            "stock": 0,
            "eps": -1.76
        },
        "2017": {
            "cash": 0,
            "stock": 0,
            "eps": 2.35
        },
        "2018": {
            "cash": 1.8,
            "stock": 0,
            "eps": 1.8
        },
        "2019": {
            "cash": 1.2,
            "stock": 0,
            "eps": 1.61
        },
        "2020": {
            "cash": 1.2,
            "stock": 0,
            "eps": 0.67
        },
        "2021": {
            "cash": 1,
            "stock": 0,
            "eps": 1.02
        },
        "2022": {
            "cash": 1,
            "stock": 0,
            "eps": 0.03
        },
        "2023": {
            "cash": 0.5,
            "stock": 0,
            "eps": 1.68
        },
        "2024": {
            "cash": 1.5,
            "stock": 0,
            "eps": 0
        }
    },
    "dividends": {
        "2013-06-10": {
            "cash": 3,
            "stock": 0
        },
        "2014-08-15": {
            "cash": 3,
            "stock": 0
        },
        "2015-08-31": {
            "cash": 3,
            "stock": 1
        },
        "2016-09-23": {
            "cash": 0.6,
            "stock": 0
        },
        "2018-08-02": {
            "cash": 1.8,
            "stock": 0
        },
        "2019-08-02": {
            "cash": 1.2,
            "stock": 0
        },
        "2020-08-12": {
            "cash": 1.2,
            "stock": 0
        },
        "2021-10-05": {
            "cash": 1,
            "stock": 0
        },
        "2022-08-02": {
            "cash": 1,
            "stock": 0
        },
        "2023-08-03": {
            "cash": 0.5,
            "stock": 0
        },
        "2024-03-12": {
            "cash": 1.5,
            "stock": 0
        }
    },
    "prices": {
        "200101": "無",
        "200102": "無",
        "200103": "無",
        "200104": "無",
        "200105": "無",
        "200106": "無",
        "200107": "無",
        "200108": "無",
        "200109": "無",
        "200110": "無",
        "200111": "無",
        "200112": "無",
        "200201": "無",
        "200202": "無",
        "200203": "無",
        "200204": "無",
        "200205": "無",
        "200206": "無",
        "200207": "無",
        "200208": "無",
        "200209": "無",
        "200210": "無",
        "200211": "無",
        "200212": "無",
        "200301": "無",
        "200302": "無",
        "200303": "無",
        "200304": "無",
        "200305": "無",
        "200306": "無",
        "200307": "無",
        "200308": "無",
        "200309": "無",
        "200310": "無",
        "200311": "無",
        "200312": "無",
        "200401": "無",
        "200402": "無",
        "200403": "無",
        "200404": "無",
        "200405": "無",
        "200406": "無",
        "200407": "無",
        "200408": "無",
        "200409": "無",
        "200410": "無",
        "200411": "無",
        "200412": "無",
        "200501": "無",
        "200502": "無",
        "200503": "無",
        "200504": "無",
        "200505": "無",
        "200506": "無",
        "200507": "無",
        "200508": "無",
        "200509": "無",
        "200510": "無",
        "200511": "無",
        "200512": "無",
        "200601": "無",
        "200602": "無",
        "200603": "無",
        "200604": "無",
        "200605": "無",
        "200606": "無",
        "200607": "無",
        "200608": "無",
        "200609": "無",
        "200610": "無",
        "200611": "無",
        "200612": "無",
        "200701": "無",
        "200702": "無",
        "200703": "無",
        "200704": "無",
        "200705": "無",
        "200706": "無",
        "200707": "無",
        "200708": "無",
        "200709": "無",
        "200710": "無",
        "200711": "無",
        "200712": "無",
        "200801": "無",
        "200802": "無",
        "200803": "無",
        "200804": "無",
        "200805": "無",
        "200806": "無",
        "200807": "無",
        "200808": "無",
        "200809": "無",
        "200810": "無",
        "200811": "無",
        "200812": "無",
        "200901": "無",
        "200902": "無",
        "200903": "無",
        "200904": "無",
        "200905": "無",
        "200906": "無",
        "200907": "無",
        "200908": "無",
        "200909": "無",
        "200910": "無",
        "200911": "無",
        "200912": "無",
        "201001": "無",
        "201002": "無",
        "201003": "無",
        "201004": "無",
        "201005": "無",
        "201006": "無",
        "201007": "無",
        "201008": "無",
        "201009": "無",
        "201010": "無",
        "201011": "無",
        "201012": "無",
        "201101": "無",
        "201102": "無",
        "201103": "無",
        "201104": "無",
        "201105": "無",
        "201106": "無",
        "201107": "無",
        "201108": "無",
        "201109": "無",
        "201110": "無",
        "201111": "無",
        "201112": "無",
        "201201": "無",
        "201202": "無",
        "201203": "無",
        "201204": "無",
        "201205": "無",
        "201206": "無",
        "201207": "無",
        "201208": "無",
        "201209": "無",
        "201210": "無",
        "201211": "無",
        "201212": "56.77",
        "201301": "51.25",
        "201302": "44.36",
        "201303": "45.01",
        "201304": "48.84",
        "201305": "54.32",
        "201306": "61.47",
        "201307": "61.01",
        "201308": "57.25",
        "201309": "58.70",
        "201310": "57.29",
        "201311": "56.98",
        "201312": "55.11",
        "201401": "57.22",
        "201402": "66.66",
        "201403": "77.58",
        "201404": "85.20",
        "201405": "78.63",
        "201406": "83.20",
        "201407": "81.18",
        "201408": "61.32",
        "201409": "63.46",
        "201410": "55.52",
        "201411": "54.76",
        "201412": "56.95",
        "201501": "56.98",
        "201502": "54.24",
        "201503": "54.63",
        "201504": "54.71",
        "201505": "43.58",
        "201506": "36.19",
        "201507": "32.52",
        "201508": "20.34",
        "201509": "21.75",
        "201510": "22.61",
        "201511": "20.94",
        "201512": "19.80",
        "201601": "18.13",
        "201602": "18.09",
        "201603": "18.99",
        "201604": "17.93",
        "201605": "17.25",
        "201606": "17.86",
        "201607": "16.90",
        "201608": "16.48",
        "201609": "16.08",
        "201610": "15.84",
        "201611": "16.32",
        "201612": "16.68",
        "201701": "18.04",
        "201702": "20.22",
        "201703": "27.25",
        "201704": "25.92",
        "201705": "31.12",
        "201706": "34.93",
        "201707": "33.55",
        "201708": "33.51",
        "201709": "34.34",
        "201710": "35.07",
        "201711": "34.07",
        "201712": "33.12",
        "201801": "29.95",
        "201802": "28.64",
        "201803": "28.94",
        "201804": "28.09",
        "201805": "24.26",
        "201806": "26.16",
        "201807": "24.44",
        "201808": "24.97",
        "201809": "23.30",
        "201810": "21.14",
        "201811": "22.78",
        "201812": "23.35",
        "201901": "23.24",
        "201902": "22.21",
        "201903": "22.44",
        "201904": "22.32",
        "201905": "21.91",
        "201906": "21.62",
        "201907": "23.30",
        "201908": "25.05",
        "201909": "27.12",
        "201910": "26.97",
        "201911": "26.37",
        "201912": "26.32",
        "202001": "27.26",
        "202002": "26.62",
        "202003": "22.85",
        "202004": "20.46",
        "202005": "22.70",
        "202006": "24.23",
        "202007": "22.24",
        "202008": "20.87",
        "202009": "21.55",
        "202010": "21.13",
        "202011": "20.98",
        "202012": "21.64",
        "202101": "22.11",
        "202102": "23.36",
        "202103": "23.87",
        "202104": "24.43",
        "202105": "21.89",
        "202106": "23.53",
        "202107": "27.01",
        "202108": "27.85",
        "202109": "26.12",
        "202110": "26.68",
        "202111": "26.74",
        "202112": "26.92",
        "202201": "29.24",
        "202202": "28.11",
        "202203": "26.59",
        "202204": "27.08",
        "202205": "27.57",
        "202206": "26.56",
        "202207": "24.35",
        "202208": "24.43",
        "202209": "24.15",
        "202210": "23.68",
        "202211": "24.52",
        "202212": "25.24",
        "202301": "25.85",
        "202302": "25.97",
        "202303": "26.90",
        "202304": "27.86",
        "202305": "26.50",
        "202306": "26.57",
        "202307": "26.77",
        "202308": "34.60",
        "202309": "67.56",
        "202310": "63.66",
        "202311": "60.20",
        "202312": "57.06"
    },
    "quarters": {
        "20011": {
            "year_quarter": 20011,
            "year": 2001,
            "quarter": 1,
            "eps": null,
            "eps_growth_year": null,
            "eps_4q": null,
            "eps_4q_growth_year": null,
            "roe": null,
            "roe_4q": 0,
            "gross_profit": null,
            "gross_margin": null,
            "gross_margin_4q_avg": 0,
            "net_income": null,
            "net_income_4q": null,
            "revenue": null,
            "revenue_4q": null,
            "common_shares": null,
            "book_valuer_per_share": null,
            "book_valuer_per_share_4q_avg": 0,
            "equity": null,
            "current_ratio": null,
            "debt_ratio": null,
            "inventory_turnover_ratio": null,
            "account_receivable_turnover_ratio": null,
            "reinvestment_rate": null,
            "research_to_sale_ratio": null,
            "price_fair": 0,
            "eps_avg_yearly": 0,
            "eps_latest_yearly": 0,
            "eps_growth_yearly": 0
        },
        "20012": {
            "year_quarter": 20012,
            "year": 2001,
            "quarter": 2,
            "eps": null,
            "eps_growth_year": null,
            "eps_4q": null,
            "eps_4q_growth_year": null,
            "roe": null,
            "roe_4q": 0,
            "gross_profit": null,
            "gross_margin": null,
            "gross_margin_4q_avg": 0,
            "net_income": null,
            "net_income_4q": null,
            "revenue": null,
            "revenue_4q": null,
            "common_shares": null,
            "book_valuer_per_share": null,
            "book_valuer_per_share_4q_avg": 0,
            "equity": null,
            "current_ratio": null,
            "debt_ratio": null,
            "inventory_turnover_ratio": null,
            "account_receivable_turnover_ratio": null,
            "reinvestment_rate": null,
            "research_to_sale_ratio": null,
            "price_fair": 0,
            "eps_avg_yearly": 0,
            "eps_latest_yearly": 0,
            "eps_growth_yearly": 0
        },
        "20013": {
            "year_quarter": 20013,
            "year": 2001,
            "quarter": 3,
            "eps": null,
            "eps_growth_year": null,
            "eps_4q": null,
            "eps_4q_growth_year": null,
            "roe": null,
            "roe_4q": 0,
            "gross_profit": null,
            "gross_margin": null,
            "gross_margin_4q_avg": 0,
            "net_income": null,
            "net_income_4q": null,
            "revenue": null,
            "revenue_4q": null,
            "common_shares": null,
            "book_valuer_per_share": null,
            "book_valuer_per_share_4q_avg": 0,
            "equity": null,
            "current_ratio": null,
            "debt_ratio": null,
            "inventory_turnover_ratio": null,
            "account_receivable_turnover_ratio": null,
            "reinvestment_rate": null,
            "research_to_sale_ratio": null,
            "price_fair": 0,
            "eps_avg_yearly": 0,
            "eps_latest_yearly": 0,
            "eps_growth_yearly": 0
        },
        "20014": {
            "year_quarter": 20014,
            "year": 2001,
            "quarter": 4,
            "eps": null,
            "eps_growth_year": null,
            "eps_4q": null,
            "eps_4q_growth_year": null,
            "roe": null,
            "roe_4q": 0,
            "gross_profit": null,
            "gross_margin": null,
            "gross_margin_4q_avg": 0,
            "net_income": null,
            "net_income_4q": null,
            "revenue": null,
            "revenue_4q": null,
            "common_shares": null,
            "book_valuer_per_share": null,
            "book_valuer_per_share_4q_avg": 0,
            "equity": null,
            "current_ratio": null,
            "debt_ratio": null,
            "inventory_turnover_ratio": null,
            "account_receivable_turnover_ratio": null,
            "reinvestment_rate": null,
            "research_to_sale_ratio": null,
            "price_fair": 0,
            "eps_avg_yearly": 0,
            "eps_latest_yearly": 0,
            "eps_growth_yearly": 0
        },
        "20021": {
            "year_quarter": 20021,
            "year": 2002,
            "quarter": 1,
            "eps": null,
            "eps_growth_year": null,
            "eps_4q": null,
            "eps_4q_growth_year": null,
            "roe": null,
            "roe_4q": 0,
            "gross_profit": null,
            "gross_margin": null,
            "gross_margin_4q_avg": 0,
            "net_income": null,
            "net_income_4q": null,
            "revenue": null,
            "revenue_4q": null,
            "common_shares": null,
            "book_valuer_per_share": null,
            "book_valuer_per_share_4q_avg": 0,
            "equity": null,
            "current_ratio": null,
            "debt_ratio": null,
            "inventory_turnover_ratio": null,
            "account_receivable_turnover_ratio": null,
            "reinvestment_rate": null,
            "research_to_sale_ratio": null,
            "price_fair": 0,
            "eps_avg_yearly": 0,
            "eps_latest_yearly": 0,
            "eps_growth_yearly": 0
        },
        "20022": {
            "year_quarter": 20022,
            "year": 2002,
            "quarter": 2,
            "eps": null,
            "eps_growth_year": null,
            "eps_4q": null,
            "eps_4q_growth_year": null,
            "roe": null,
            "roe_4q": 0,
            "gross_profit": null,
            "gross_margin": null,
            "gross_margin_4q_avg": 0,
            "net_income": null,
            "net_income_4q": null,
            "revenue": null,
            "revenue_4q": null,
            "common_shares": null,
            "book_valuer_per_share": null,
            "book_valuer_per_share_4q_avg": 0,
            "equity": null,
            "current_ratio": null,
            "debt_ratio": null,
            "inventory_turnover_ratio": null,
            "account_receivable_turnover_ratio": null,
            "reinvestment_rate": null,
            "research_to_sale_ratio": null,
            "price_fair": 0,
            "eps_avg_yearly": 0,
            "eps_latest_yearly": 0,
            "eps_growth_yearly": 0
        },
        "20023": {
            "year_quarter": 20023,
            "year": 2002,
            "quarter": 3,
            "eps": null,
            "eps_growth_year": null,
            "eps_4q": null,
            "eps_4q_growth_year": null,
            "roe": null,
            "roe_4q": 0,
            "gross_profit": null,
            "gross_margin": null,
            "gross_margin_4q_avg": 0,
            "net_income": null,
            "net_income_4q": null,
            "revenue": null,
            "revenue_4q": null,
            "common_shares": null,
            "book_valuer_per_share": null,
            "book_valuer_per_share_4q_avg": 0,
            "equity": null,
            "current_ratio": null,
            "debt_ratio": null,
            "inventory_turnover_ratio": null,
            "account_receivable_turnover_ratio": null,
            "reinvestment_rate": null,
            "research_to_sale_ratio": null,
            "price_fair": 0,
            "eps_avg_yearly": 0,
            "eps_latest_yearly": 0,
            "eps_growth_yearly": 0
        },
        "20024": {
            "year_quarter": 20024,
            "year": 2002,
            "quarter": 4,
            "eps": null,
            "eps_growth_year": null,
            "eps_4q": null,
            "eps_4q_growth_year": null,
            "roe": null,
            "roe_4q": 0,
            "gross_profit": null,
            "gross_margin": null,
            "gross_margin_4q_avg": 0,
            "net_income": null,
            "net_income_4q": null,
            "revenue": null,
            "revenue_4q": null,
            "common_shares": null,
            "book_valuer_per_share": null,
            "book_valuer_per_share_4q_avg": 0,
            "equity": null,
            "current_ratio": null,
            "debt_ratio": null,
            "inventory_turnover_ratio": null,
            "account_receivable_turnover_ratio": null,
            "reinvestment_rate": null,
            "research_to_sale_ratio": null,
            "price_fair": 0,
            "eps_avg_yearly": 0,
            "eps_latest_yearly": 0,
            "eps_growth_yearly": 0
        },
        "20031": {
            "year_quarter": 20031,
            "year": 2003,
            "quarter": 1,
            "eps": null,
            "eps_growth_year": null,
            "eps_4q": null,
            "eps_4q_growth_year": null,
            "roe": null,
            "roe_4q": 0,
            "gross_profit": null,
            "gross_margin": null,
            "gross_margin_4q_avg": 0,
            "net_income": null,
            "net_income_4q": null,
            "revenue": null,
            "revenue_4q": null,
            "common_shares": null,
            "book_valuer_per_share": null,
            "book_valuer_per_share_4q_avg": 0,
            "equity": null,
            "current_ratio": null,
            "debt_ratio": null,
            "inventory_turnover_ratio": null,
            "account_receivable_turnover_ratio": null,
            "reinvestment_rate": null,
            "research_to_sale_ratio": null,
            "price_fair": 0,
            "eps_avg_yearly": 0,
            "eps_latest_yearly": 0,
            "eps_growth_yearly": 0
        },
        "20032": {
            "year_quarter": 20032,
            "year": 2003,
            "quarter": 2,
            "eps": null,
            "eps_growth_year": null,
            "eps_4q": null,
            "eps_4q_growth_year": null,
            "roe": null,
            "roe_4q": 0,
            "gross_profit": null,
            "gross_margin": null,
            "gross_margin_4q_avg": 0,
            "net_income": null,
            "net_income_4q": null,
            "revenue": null,
            "revenue_4q": null,
            "common_shares": null,
            "book_valuer_per_share": null,
            "book_valuer_per_share_4q_avg": 0,
            "equity": null,
            "current_ratio": null,
            "debt_ratio": null,
            "inventory_turnover_ratio": null,
            "account_receivable_turnover_ratio": null,
            "reinvestment_rate": null,
            "research_to_sale_ratio": null,
            "price_fair": 0,
            "eps_avg_yearly": 0,
            "eps_latest_yearly": 0,
            "eps_growth_yearly": 0
        },
        "20033": {
            "year_quarter": 20033,
            "year": 2003,
            "quarter": 3,
            "eps": null,
            "eps_growth_year": null,
            "eps_4q": null,
            "eps_4q_growth_year": null,
            "roe": null,
            "roe_4q": 0,
            "gross_profit": null,
            "gross_margin": null,
            "gross_margin_4q_avg": 0,
            "net_income": null,
            "net_income_4q": null,
            "revenue": null,
            "revenue_4q": null,
            "common_shares": null,
            "book_valuer_per_share": null,
            "book_valuer_per_share_4q_avg": 0,
            "equity": null,
            "current_ratio": null,
            "debt_ratio": null,
            "inventory_turnover_ratio": null,
            "account_receivable_turnover_ratio": null,
            "reinvestment_rate": null,
            "research_to_sale_ratio": null,
            "price_fair": 0,
            "eps_avg_yearly": 0,
            "eps_latest_yearly": 0,
            "eps_growth_yearly": 0
        },
        "20034": {
            "year_quarter": 20034,
            "year": 2003,
            "quarter": 4,
            "eps": null,
            "eps_growth_year": null,
            "eps_4q": null,
            "eps_4q_growth_year": null,
            "roe": null,
            "roe_4q": 0,
            "gross_profit": null,
            "gross_margin": null,
            "gross_margin_4q_avg": 0,
            "net_income": null,
            "net_income_4q": null,
            "revenue": null,
            "revenue_4q": null,
            "common_shares": null,
            "book_valuer_per_share": null,
            "book_valuer_per_share_4q_avg": 0,
            "equity": null,
            "current_ratio": null,
            "debt_ratio": null,
            "inventory_turnover_ratio": null,
            "account_receivable_turnover_ratio": null,
            "reinvestment_rate": null,
            "research_to_sale_ratio": null,
            "price_fair": 0,
            "eps_avg_yearly": 0,
            "eps_latest_yearly": 0,
            "eps_growth_yearly": 0
        },
        "20041": {
            "year_quarter": 20041,
            "year": 2004,
            "quarter": 1,
            "eps": null,
            "eps_growth_year": null,
            "eps_4q": null,
            "eps_4q_growth_year": null,
            "roe": null,
            "roe_4q": 0,
            "gross_profit": null,
            "gross_margin": null,
            "gross_margin_4q_avg": 0,
            "net_income": null,
            "net_income_4q": null,
            "revenue": null,
            "revenue_4q": null,
            "common_shares": null,
            "book_valuer_per_share": null,
            "book_valuer_per_share_4q_avg": 0,
            "equity": null,
            "current_ratio": null,
            "debt_ratio": null,
            "inventory_turnover_ratio": null,
            "account_receivable_turnover_ratio": null,
            "reinvestment_rate": null,
            "research_to_sale_ratio": null,
            "price_fair": 0,
            "eps_avg_yearly": 0,
            "eps_latest_yearly": 0,
            "eps_growth_yearly": 0
        },
        "20042": {
            "year_quarter": 20042,
            "year": 2004,
            "quarter": 2,
            "eps": null,
            "eps_growth_year": null,
            "eps_4q": null,
            "eps_4q_growth_year": null,
            "roe": null,
            "roe_4q": 0,
            "gross_profit": null,
            "gross_margin": null,
            "gross_margin_4q_avg": 0,
            "net_income": null,
            "net_income_4q": null,
            "revenue": null,
            "revenue_4q": null,
            "common_shares": null,
            "book_valuer_per_share": null,
            "book_valuer_per_share_4q_avg": 0,
            "equity": null,
            "current_ratio": null,
            "debt_ratio": null,
            "inventory_turnover_ratio": null,
            "account_receivable_turnover_ratio": null,
            "reinvestment_rate": null,
            "research_to_sale_ratio": null,
            "price_fair": 0,
            "eps_avg_yearly": 0,
            "eps_latest_yearly": 0,
            "eps_growth_yearly": 0
        },
        "20043": {
            "year_quarter": 20043,
            "year": 2004,
            "quarter": 3,
            "eps": null,
            "eps_growth_year": null,
            "eps_4q": null,
            "eps_4q_growth_year": null,
            "roe": null,
            "roe_4q": 0,
            "gross_profit": null,
            "gross_margin": null,
            "gross_margin_4q_avg": 0,
            "net_income": null,
            "net_income_4q": null,
            "revenue": null,
            "revenue_4q": null,
            "common_shares": null,
            "book_valuer_per_share": null,
            "book_valuer_per_share_4q_avg": 0,
            "equity": null,
            "current_ratio": null,
            "debt_ratio": null,
            "inventory_turnover_ratio": null,
            "account_receivable_turnover_ratio": null,
            "reinvestment_rate": null,
            "research_to_sale_ratio": null,
            "price_fair": 0,
            "eps_avg_yearly": 0,
            "eps_latest_yearly": 0,
            "eps_growth_yearly": 0
        },
        "20044": {
            "year_quarter": 20044,
            "year": 2004,
            "quarter": 4,
            "eps": null,
            "eps_growth_year": null,
            "eps_4q": null,
            "eps_4q_growth_year": null,
            "roe": null,
            "roe_4q": 0,
            "gross_profit": null,
            "gross_margin": null,
            "gross_margin_4q_avg": 0,
            "net_income": null,
            "net_income_4q": null,
            "revenue": null,
            "revenue_4q": null,
            "common_shares": null,
            "book_valuer_per_share": null,
            "book_valuer_per_share_4q_avg": 0,
            "equity": null,
            "current_ratio": null,
            "debt_ratio": null,
            "inventory_turnover_ratio": null,
            "account_receivable_turnover_ratio": null,
            "reinvestment_rate": null,
            "research_to_sale_ratio": null,
            "price_fair": 0,
            "eps_avg_yearly": 0,
            "eps_latest_yearly": 0,
            "eps_growth_yearly": 0
        },
        "20051": {
            "year_quarter": 20051,
            "year": 2005,
            "quarter": 1,
            "eps": null,
            "eps_growth_year": null,
            "eps_4q": null,
            "eps_4q_growth_year": null,
            "roe": null,
            "roe_4q": 0,
            "gross_profit": null,
            "gross_margin": null,
            "gross_margin_4q_avg": 0,
            "net_income": null,
            "net_income_4q": null,
            "revenue": null,
            "revenue_4q": null,
            "common_shares": null,
            "book_valuer_per_share": null,
            "book_valuer_per_share_4q_avg": 0,
            "equity": null,
            "current_ratio": null,
            "debt_ratio": null,
            "inventory_turnover_ratio": null,
            "account_receivable_turnover_ratio": null,
            "reinvestment_rate": null,
            "research_to_sale_ratio": null,
            "price_fair": 0,
            "eps_avg_yearly": 0,
            "eps_latest_yearly": 0,
            "eps_growth_yearly": 0
        },
        "20052": {
            "year_quarter": 20052,
            "year": 2005,
            "quarter": 2,
            "eps": null,
            "eps_growth_year": null,
            "eps_4q": null,
            "eps_4q_growth_year": null,
            "roe": null,
            "roe_4q": 0,
            "gross_profit": null,
            "gross_margin": null,
            "gross_margin_4q_avg": 0,
            "net_income": null,
            "net_income_4q": null,
            "revenue": null,
            "revenue_4q": null,
            "common_shares": null,
            "book_valuer_per_share": null,
            "book_valuer_per_share_4q_avg": 0,
            "equity": null,
            "current_ratio": null,
            "debt_ratio": null,
            "inventory_turnover_ratio": null,
            "account_receivable_turnover_ratio": null,
            "reinvestment_rate": null,
            "research_to_sale_ratio": null,
            "price_fair": 0,
            "eps_avg_yearly": 0,
            "eps_latest_yearly": 0,
            "eps_growth_yearly": 0
        },
        "20053": {
            "year_quarter": 20053,
            "year": 2005,
            "quarter": 3,
            "eps": null,
            "eps_growth_year": null,
            "eps_4q": null,
            "eps_4q_growth_year": null,
            "roe": null,
            "roe_4q": 0,
            "gross_profit": null,
            "gross_margin": null,
            "gross_margin_4q_avg": 0,
            "net_income": null,
            "net_income_4q": null,
            "revenue": null,
            "revenue_4q": null,
            "common_shares": null,
            "book_valuer_per_share": null,
            "book_valuer_per_share_4q_avg": 0,
            "equity": null,
            "current_ratio": null,
            "debt_ratio": null,
            "inventory_turnover_ratio": null,
            "account_receivable_turnover_ratio": null,
            "reinvestment_rate": null,
            "research_to_sale_ratio": null,
            "price_fair": 0,
            "eps_avg_yearly": 0,
            "eps_latest_yearly": 0,
            "eps_growth_yearly": 0
        },
        "20054": {
            "year_quarter": 20054,
            "year": 2005,
            "quarter": 4,
            "eps": null,
            "eps_growth_year": null,
            "eps_4q": null,
            "eps_4q_growth_year": null,
            "roe": null,
            "roe_4q": 0,
            "gross_profit": null,
            "gross_margin": null,
            "gross_margin_4q_avg": 0,
            "net_income": null,
            "net_income_4q": null,
            "revenue": null,
            "revenue_4q": null,
            "common_shares": null,
            "book_valuer_per_share": null,
            "book_valuer_per_share_4q_avg": 0,
            "equity": null,
            "current_ratio": null,
            "debt_ratio": null,
            "inventory_turnover_ratio": null,
            "account_receivable_turnover_ratio": null,
            "reinvestment_rate": null,
            "research_to_sale_ratio": null,
            "price_fair": 0,
            "eps_avg_yearly": 0,
            "eps_latest_yearly": 0,
            "eps_growth_yearly": 0
        },
        "20061": {
            "year_quarter": 20061,
            "year": 2006,
            "quarter": 1,
            "eps": null,
            "eps_growth_year": null,
            "eps_4q": null,
            "eps_4q_growth_year": null,
            "roe": null,
            "roe_4q": 0,
            "gross_profit": null,
            "gross_margin": null,
            "gross_margin_4q_avg": 0,
            "net_income": null,
            "net_income_4q": null,
            "revenue": null,
            "revenue_4q": null,
            "common_shares": null,
            "book_valuer_per_share": null,
            "book_valuer_per_share_4q_avg": 0,
            "equity": null,
            "current_ratio": null,
            "debt_ratio": null,
            "inventory_turnover_ratio": null,
            "account_receivable_turnover_ratio": null,
            "reinvestment_rate": null,
            "research_to_sale_ratio": null,
            "price_fair": 0,
            "eps_avg_yearly": 0,
            "eps_latest_yearly": 0,
            "eps_growth_yearly": 0
        },
        "20062": {
            "year_quarter": 20062,
            "year": 2006,
            "quarter": 2,
            "eps": null,
            "eps_growth_year": null,
            "eps_4q": null,
            "eps_4q_growth_year": null,
            "roe": null,
            "roe_4q": 0,
            "gross_profit": null,
            "gross_margin": null,
            "gross_margin_4q_avg": 0,
            "net_income": null,
            "net_income_4q": null,
            "revenue": null,
            "revenue_4q": null,
            "common_shares": null,
            "book_valuer_per_share": null,
            "book_valuer_per_share_4q_avg": 0,
            "equity": null,
            "current_ratio": null,
            "debt_ratio": null,
            "inventory_turnover_ratio": null,
            "account_receivable_turnover_ratio": null,
            "reinvestment_rate": null,
            "research_to_sale_ratio": null,
            "price_fair": 0,
            "eps_avg_yearly": 0,
            "eps_latest_yearly": 0,
            "eps_growth_yearly": 0
        },
        "20063": {
            "year_quarter": 20063,
            "year": 2006,
            "quarter": 3,
            "eps": null,
            "eps_growth_year": null,
            "eps_4q": null,
            "eps_4q_growth_year": null,
            "roe": null,
            "roe_4q": 0,
            "gross_profit": null,
            "gross_margin": null,
            "gross_margin_4q_avg": 0,
            "net_income": null,
            "net_income_4q": null,
            "revenue": null,
            "revenue_4q": null,
            "common_shares": null,
            "book_valuer_per_share": null,
            "book_valuer_per_share_4q_avg": 0,
            "equity": null,
            "current_ratio": null,
            "debt_ratio": null,
            "inventory_turnover_ratio": null,
            "account_receivable_turnover_ratio": null,
            "reinvestment_rate": null,
            "research_to_sale_ratio": null,
            "price_fair": 0,
            "eps_avg_yearly": 0,
            "eps_latest_yearly": 0,
            "eps_growth_yearly": 0
        },
        "20064": {
            "year_quarter": 20064,
            "year": 2006,
            "quarter": 4,
            "eps": null,
            "eps_growth_year": null,
            "eps_4q": null,
            "eps_4q_growth_year": null,
            "roe": null,
            "roe_4q": 0,
            "gross_profit": null,
            "gross_margin": null,
            "gross_margin_4q_avg": 0,
            "net_income": null,
            "net_income_4q": null,
            "revenue": null,
            "revenue_4q": null,
            "common_shares": null,
            "book_valuer_per_share": null,
            "book_valuer_per_share_4q_avg": 0,
            "equity": null,
            "current_ratio": null,
            "debt_ratio": null,
            "inventory_turnover_ratio": null,
            "account_receivable_turnover_ratio": null,
            "reinvestment_rate": null,
            "research_to_sale_ratio": null,
            "price_fair": 0,
            "eps_avg_yearly": 0,
            "eps_latest_yearly": 0,
            "eps_growth_yearly": 0
        },
        "20071": {
            "year_quarter": 20071,
            "year": 2007,
            "quarter": 1,
            "eps": null,
            "eps_growth_year": null,
            "eps_4q": null,
            "eps_4q_growth_year": null,
            "roe": null,
            "roe_4q": 0,
            "gross_profit": null,
            "gross_margin": null,
            "gross_margin_4q_avg": 0,
            "net_income": null,
            "net_income_4q": null,
            "revenue": null,
            "revenue_4q": null,
            "common_shares": null,
            "book_valuer_per_share": null,
            "book_valuer_per_share_4q_avg": 0,
            "equity": null,
            "current_ratio": null,
            "debt_ratio": null,
            "inventory_turnover_ratio": null,
            "account_receivable_turnover_ratio": null,
            "reinvestment_rate": null,
            "research_to_sale_ratio": null,
            "price_fair": 0,
            "eps_avg_yearly": 0,
            "eps_latest_yearly": 0,
            "eps_growth_yearly": 0
        },
        "20072": {
            "year_quarter": 20072,
            "year": 2007,
            "quarter": 2,
            "eps": null,
            "eps_growth_year": null,
            "eps_4q": null,
            "eps_4q_growth_year": null,
            "roe": null,
            "roe_4q": 0,
            "gross_profit": null,
            "gross_margin": null,
            "gross_margin_4q_avg": 0,
            "net_income": null,
            "net_income_4q": null,
            "revenue": null,
            "revenue_4q": null,
            "common_shares": null,
            "book_valuer_per_share": null,
            "book_valuer_per_share_4q_avg": 0,
            "equity": null,
            "current_ratio": null,
            "debt_ratio": null,
            "inventory_turnover_ratio": null,
            "account_receivable_turnover_ratio": null,
            "reinvestment_rate": null,
            "research_to_sale_ratio": null,
            "price_fair": 0,
            "eps_avg_yearly": 0,
            "eps_latest_yearly": 0,
            "eps_growth_yearly": 0
        },
        "20073": {
            "year_quarter": 20073,
            "year": 2007,
            "quarter": 3,
            "eps": null,
            "eps_growth_year": null,
            "eps_4q": null,
            "eps_4q_growth_year": null,
            "roe": null,
            "roe_4q": 0,
            "gross_profit": null,
            "gross_margin": null,
            "gross_margin_4q_avg": 0,
            "net_income": null,
            "net_income_4q": null,
            "revenue": null,
            "revenue_4q": null,
            "common_shares": null,
            "book_valuer_per_share": null,
            "book_valuer_per_share_4q_avg": 0,
            "equity": null,
            "current_ratio": null,
            "debt_ratio": null,
            "inventory_turnover_ratio": null,
            "account_receivable_turnover_ratio": null,
            "reinvestment_rate": null,
            "research_to_sale_ratio": null,
            "price_fair": 0,
            "eps_avg_yearly": 0,
            "eps_latest_yearly": 0,
            "eps_growth_yearly": 0
        },
        "20074": {
            "year_quarter": 20074,
            "year": 2007,
            "quarter": 4,
            "eps": null,
            "eps_growth_year": null,
            "eps_4q": null,
            "eps_4q_growth_year": null,
            "roe": null,
            "roe_4q": 0,
            "gross_profit": null,
            "gross_margin": null,
            "gross_margin_4q_avg": 0,
            "net_income": null,
            "net_income_4q": null,
            "revenue": null,
            "revenue_4q": null,
            "common_shares": 90000,
            "book_valuer_per_share": 10.23,
            "book_valuer_per_share_4q_avg": 2.56,
            "equity": 92094,
            "current_ratio": 138.84,
            "debt_ratio": 69.99,
            "inventory_turnover_ratio": null,
            "account_receivable_turnover_ratio": null,
            "reinvestment_rate": null,
            "research_to_sale_ratio": null,
            "price_fair": 0,
            "eps_avg_yearly": 0,
            "eps_latest_yearly": 0,
            "eps_growth_yearly": 0
        },
        "20081": {
            "year_quarter": 20081,
            "year": 2008,
            "quarter": 1,
            "eps": null,
            "eps_growth_year": null,
            "eps_4q": null,
            "eps_4q_growth_year": null,
            "roe": null,
            "roe_4q": 0,
            "gross_profit": null,
            "gross_margin": null,
            "gross_margin_4q_avg": 0,
            "net_income": null,
            "net_income_4q": null,
            "revenue": null,
            "revenue_4q": null,
            "common_shares": null,
            "book_valuer_per_share": null,
            "book_valuer_per_share_4q_avg": 2.56,
            "equity": null,
            "current_ratio": null,
            "debt_ratio": null,
            "inventory_turnover_ratio": null,
            "account_receivable_turnover_ratio": null,
            "reinvestment_rate": null,
            "research_to_sale_ratio": null,
            "price_fair": 0,
            "eps_avg_yearly": 0,
            "eps_latest_yearly": 0,
            "eps_growth_yearly": 0
        },
        "20082": {
            "year_quarter": 20082,
            "year": 2008,
            "quarter": 2,
            "eps": null,
            "eps_growth_year": null,
            "eps_4q": null,
            "eps_4q_growth_year": null,
            "roe": null,
            "roe_4q": 0,
            "gross_profit": null,
            "gross_margin": null,
            "gross_margin_4q_avg": 0,
            "net_income": null,
            "net_income_4q": null,
            "revenue": null,
            "revenue_4q": null,
            "common_shares": null,
            "book_valuer_per_share": null,
            "book_valuer_per_share_4q_avg": 2.56,
            "equity": null,
            "current_ratio": null,
            "debt_ratio": null,
            "inventory_turnover_ratio": null,
            "account_receivable_turnover_ratio": null,
            "reinvestment_rate": null,
            "research_to_sale_ratio": null,
            "price_fair": 0,
            "eps_avg_yearly": 0,
            "eps_latest_yearly": 0,
            "eps_growth_yearly": 0
        },
        "20083": {
            "year_quarter": 20083,
            "year": 2008,
            "quarter": 3,
            "eps": null,
            "eps_growth_year": null,
            "eps_4q": null,
            "eps_4q_growth_year": null,
            "roe": null,
            "roe_4q": 0,
            "gross_profit": null,
            "gross_margin": null,
            "gross_margin_4q_avg": 0,
            "net_income": null,
            "net_income_4q": null,
            "revenue": null,
            "revenue_4q": null,
            "common_shares": null,
            "book_valuer_per_share": null,
            "book_valuer_per_share_4q_avg": 2.56,
            "equity": null,
            "current_ratio": null,
            "debt_ratio": null,
            "inventory_turnover_ratio": null,
            "account_receivable_turnover_ratio": null,
            "reinvestment_rate": null,
            "research_to_sale_ratio": null,
            "price_fair": 0,
            "eps_avg_yearly": 0,
            "eps_latest_yearly": 0,
            "eps_growth_yearly": 0
        },
        "20084": {
            "year_quarter": 20084,
            "year": 2008,
            "quarter": 4,
            "eps": null,
            "eps_growth_year": null,
            "eps_4q": null,
            "eps_4q_growth_year": null,
            "roe": null,
            "roe_4q": 0,
            "gross_profit": null,
            "gross_margin": null,
            "gross_margin_4q_avg": 0,
            "net_income": null,
            "net_income_4q": null,
            "revenue": null,
            "revenue_4q": null,
            "common_shares": 120000,
            "book_valuer_per_share": 10.28,
            "book_valuer_per_share_4q_avg": 2.57,
            "equity": 123343,
            "current_ratio": 126.54,
            "debt_ratio": 73.19,
            "inventory_turnover_ratio": null,
            "account_receivable_turnover_ratio": null,
            "reinvestment_rate": null,
            "research_to_sale_ratio": null,
            "price_fair": 0,
            "eps_avg_yearly": 0,
            "eps_latest_yearly": 0,
            "eps_growth_yearly": 0
        },
        "20091": {
            "year_quarter": 20091,
            "year": 2009,
            "quarter": 1,
            "eps": null,
            "eps_growth_year": null,
            "eps_4q": null,
            "eps_4q_growth_year": null,
            "roe": null,
            "roe_4q": 0,
            "gross_profit": null,
            "gross_margin": null,
            "gross_margin_4q_avg": 0,
            "net_income": null,
            "net_income_4q": null,
            "revenue": null,
            "revenue_4q": null,
            "common_shares": null,
            "book_valuer_per_share": null,
            "book_valuer_per_share_4q_avg": 2.57,
            "equity": null,
            "current_ratio": null,
            "debt_ratio": null,
            "inventory_turnover_ratio": null,
            "account_receivable_turnover_ratio": null,
            "reinvestment_rate": null,
            "research_to_sale_ratio": null,
            "price_fair": 0,
            "eps_avg_yearly": 0,
            "eps_latest_yearly": 0,
            "eps_growth_yearly": 0
        },
        "20092": {
            "year_quarter": 20092,
            "year": 2009,
            "quarter": 2,
            "eps": null,
            "eps_growth_year": null,
            "eps_4q": null,
            "eps_4q_growth_year": null,
            "roe": null,
            "roe_4q": 0,
            "gross_profit": null,
            "gross_margin": null,
            "gross_margin_4q_avg": 0,
            "net_income": null,
            "net_income_4q": null,
            "revenue": null,
            "revenue_4q": null,
            "common_shares": null,
            "book_valuer_per_share": null,
            "book_valuer_per_share_4q_avg": 2.57,
            "equity": null,
            "current_ratio": null,
            "debt_ratio": null,
            "inventory_turnover_ratio": null,
            "account_receivable_turnover_ratio": null,
            "reinvestment_rate": null,
            "research_to_sale_ratio": null,
            "price_fair": 0,
            "eps_avg_yearly": 0,
            "eps_latest_yearly": 0,
            "eps_growth_yearly": 0
        },
        "20093": {
            "year_quarter": 20093,
            "year": 2009,
            "quarter": 3,
            "eps": null,
            "eps_growth_year": null,
            "eps_4q": null,
            "eps_4q_growth_year": null,
            "roe": null,
            "roe_4q": 0,
            "gross_profit": null,
            "gross_margin": null,
            "gross_margin_4q_avg": 0,
            "net_income": null,
            "net_income_4q": null,
            "revenue": null,
            "revenue_4q": null,
            "common_shares": null,
            "book_valuer_per_share": null,
            "book_valuer_per_share_4q_avg": 2.57,
            "equity": null,
            "current_ratio": null,
            "debt_ratio": null,
            "inventory_turnover_ratio": null,
            "account_receivable_turnover_ratio": null,
            "reinvestment_rate": null,
            "research_to_sale_ratio": null,
            "price_fair": 0,
            "eps_avg_yearly": 0,
            "eps_latest_yearly": 0,
            "eps_growth_yearly": 0
        },
        "20094": {
            "year_quarter": 20094,
            "year": 2009,
            "quarter": 4,
            "eps": null,
            "eps_growth_year": null,
            "eps_4q": null,
            "eps_4q_growth_year": null,
            "roe": null,
            "roe_4q": 0,
            "gross_profit": null,
            "gross_margin": null,
            "gross_margin_4q_avg": 0,
            "net_income": null,
            "net_income_4q": null,
            "revenue": null,
            "revenue_4q": null,
            "common_shares": 180000,
            "book_valuer_per_share": 9.88,
            "book_valuer_per_share_4q_avg": 2.47,
            "equity": 177871,
            "current_ratio": 173,
            "debt_ratio": 59.52,
            "inventory_turnover_ratio": null,
            "account_receivable_turnover_ratio": null,
            "reinvestment_rate": null,
            "research_to_sale_ratio": null,
            "price_fair": 0,
            "eps_avg_yearly": 0,
            "eps_latest_yearly": 0,
            "eps_growth_yearly": 0
        },
        "20101": {
            "year_quarter": 20101,
            "year": 2010,
            "quarter": 1,
            "eps": null,
            "eps_growth_year": null,
            "eps_4q": null,
            "eps_4q_growth_year": null,
            "roe": null,
            "roe_4q": 0,
            "gross_profit": null,
            "gross_margin": null,
            "gross_margin_4q_avg": 0,
            "net_income": null,
            "net_income_4q": null,
            "revenue": null,
            "revenue_4q": null,
            "common_shares": null,
            "book_valuer_per_share": null,
            "book_valuer_per_share_4q_avg": 2.47,
            "equity": null,
            "current_ratio": null,
            "debt_ratio": null,
            "inventory_turnover_ratio": null,
            "account_receivable_turnover_ratio": null,
            "reinvestment_rate": null,
            "research_to_sale_ratio": null,
            "price_fair": 0,
            "eps_avg_yearly": 0,
            "eps_latest_yearly": 0,
            "eps_growth_yearly": 0
        },
        "20102": {
            "year_quarter": 20102,
            "year": 2010,
            "quarter": 2,
            "eps": null,
            "eps_growth_year": null,
            "eps_4q": null,
            "eps_4q_growth_year": null,
            "roe": null,
            "roe_4q": 0,
            "gross_profit": null,
            "gross_margin": null,
            "gross_margin_4q_avg": 0,
            "net_income": null,
            "net_income_4q": null,
            "revenue": null,
            "revenue_4q": null,
            "common_shares": null,
            "book_valuer_per_share": null,
            "book_valuer_per_share_4q_avg": 2.47,
            "equity": null,
            "current_ratio": null,
            "debt_ratio": null,
            "inventory_turnover_ratio": null,
            "account_receivable_turnover_ratio": null,
            "reinvestment_rate": null,
            "research_to_sale_ratio": null,
            "price_fair": 0,
            "eps_avg_yearly": 0,
            "eps_latest_yearly": 0,
            "eps_growth_yearly": 0
        },
        "20103": {
            "year_quarter": 20103,
            "year": 2010,
            "quarter": 3,
            "eps": null,
            "eps_growth_year": null,
            "eps_4q": null,
            "eps_4q_growth_year": null,
            "roe": null,
            "roe_4q": 0,
            "gross_profit": null,
            "gross_margin": null,
            "gross_margin_4q_avg": 0,
            "net_income": null,
            "net_income_4q": null,
            "revenue": null,
            "revenue_4q": null,
            "common_shares": null,
            "book_valuer_per_share": null,
            "book_valuer_per_share_4q_avg": 2.47,
            "equity": null,
            "current_ratio": null,
            "debt_ratio": null,
            "inventory_turnover_ratio": null,
            "account_receivable_turnover_ratio": null,
            "reinvestment_rate": null,
            "research_to_sale_ratio": null,
            "price_fair": 0,
            "eps_avg_yearly": 0,
            "eps_latest_yearly": 0,
            "eps_growth_yearly": 0
        },
        "20104": {
            "year_quarter": 20104,
            "year": 2010,
            "quarter": 4,
            "eps": null,
            "eps_growth_year": null,
            "eps_4q": null,
            "eps_4q_growth_year": null,
            "roe": null,
            "roe_4q": 0,
            "gross_profit": null,
            "gross_margin": null,
            "gross_margin_4q_avg": 0,
            "net_income": null,
            "net_income_4q": null,
            "revenue": null,
            "revenue_4q": null,
            "common_shares": 180000,
            "book_valuer_per_share": 9.91,
            "book_valuer_per_share_4q_avg": 2.48,
            "equity": 178314,
            "current_ratio": 152.32,
            "debt_ratio": 64.31,
            "inventory_turnover_ratio": null,
            "account_receivable_turnover_ratio": null,
            "reinvestment_rate": null,
            "research_to_sale_ratio": null,
            "price_fair": 0,
            "eps_avg_yearly": 0,
            "eps_latest_yearly": 0,
            "eps_growth_yearly": 0
        },
        "20111": {
            "year_quarter": 20111,
            "year": 2011,
            "quarter": 1,
            "eps": null,
            "eps_growth_year": null,
            "eps_4q": null,
            "eps_4q_growth_year": null,
            "roe": null,
            "roe_4q": 0,
            "gross_profit": null,
            "gross_margin": null,
            "gross_margin_4q_avg": 0,
            "net_income": null,
            "net_income_4q": null,
            "revenue": null,
            "revenue_4q": null,
            "common_shares": null,
            "book_valuer_per_share": null,
            "book_valuer_per_share_4q_avg": 2.48,
            "equity": null,
            "current_ratio": null,
            "debt_ratio": null,
            "inventory_turnover_ratio": null,
            "account_receivable_turnover_ratio": null,
            "reinvestment_rate": null,
            "research_to_sale_ratio": null,
            "price_fair": 0,
            "eps_avg_yearly": 0,
            "eps_latest_yearly": 0,
            "eps_growth_yearly": 0
        },
        "20112": {
            "year_quarter": 20112,
            "year": 2011,
            "quarter": 2,
            "eps": null,
            "eps_growth_year": null,
            "eps_4q": null,
            "eps_4q_growth_year": null,
            "roe": null,
            "roe_4q": 0,
            "gross_profit": null,
            "gross_margin": null,
            "gross_margin_4q_avg": 0,
            "net_income": null,
            "net_income_4q": null,
            "revenue": null,
            "revenue_4q": null,
            "common_shares": 0,
            "book_valuer_per_share": null,
            "book_valuer_per_share_4q_avg": 2.48,
            "equity": 0,
            "current_ratio": null,
            "debt_ratio": null,
            "inventory_turnover_ratio": null,
            "account_receivable_turnover_ratio": null,
            "reinvestment_rate": null,
            "research_to_sale_ratio": null,
            "price_fair": 0,
            "eps_avg_yearly": 0,
            "eps_latest_yearly": 0,
            "eps_growth_yearly": 0
        },
        "20113": {
            "year_quarter": 20113,
            "year": 2011,
            "quarter": 3,
            "eps": null,
            "eps_growth_year": null,
            "eps_4q": null,
            "eps_4q_growth_year": null,
            "roe": null,
            "roe_4q": 0,
            "gross_profit": null,
            "gross_margin": null,
            "gross_margin_4q_avg": 0,
            "net_income": null,
            "net_income_4q": null,
            "revenue": null,
            "revenue_4q": null,
            "common_shares": null,
            "book_valuer_per_share": null,
            "book_valuer_per_share_4q_avg": 2.48,
            "equity": null,
            "current_ratio": null,
            "debt_ratio": null,
            "inventory_turnover_ratio": null,
            "account_receivable_turnover_ratio": null,
            "reinvestment_rate": null,
            "research_to_sale_ratio": null,
            "price_fair": 0,
            "eps_avg_yearly": 0,
            "eps_latest_yearly": 0,
            "eps_growth_yearly": 0
        },
        "20114": {
            "year_quarter": 20114,
            "year": 2011,
            "quarter": 4,
            "eps": null,
            "eps_growth_year": null,
            "eps_4q": null,
            "eps_4q_growth_year": null,
            "roe": null,
            "roe_4q": 0,
            "gross_profit": null,
            "gross_margin": null,
            "gross_margin_4q_avg": 0,
            "net_income": null,
            "net_income_4q": null,
            "revenue": null,
            "revenue_4q": null,
            "common_shares": 180000,
            "book_valuer_per_share": 13.95,
            "book_valuer_per_share_4q_avg": 3.49,
            "equity": 251105,
            "current_ratio": 143.99,
            "debt_ratio": 66.52,
            "inventory_turnover_ratio": null,
            "account_receivable_turnover_ratio": null,
            "reinvestment_rate": null,
            "research_to_sale_ratio": null,
            "price_fair": 0,
            "eps_avg_yearly": 0,
            "eps_latest_yearly": 0,
            "eps_growth_yearly": 0
        },
        "20121": {
            "year_quarter": 20121,
            "year": 2012,
            "quarter": 1,
            "eps": null,
            "eps_growth_year": null,
            "eps_4q": null,
            "eps_4q_growth_year": null,
            "roe": null,
            "roe_4q": 0,
            "gross_profit": null,
            "gross_margin": null,
            "gross_margin_4q_avg": 0,
            "net_income": null,
            "net_income_4q": null,
            "revenue": null,
            "revenue_4q": null,
            "common_shares": null,
            "book_valuer_per_share": null,
            "book_valuer_per_share_4q_avg": 3.49,
            "equity": null,
            "current_ratio": null,
            "debt_ratio": null,
            "inventory_turnover_ratio": null,
            "account_receivable_turnover_ratio": null,
            "reinvestment_rate": null,
            "research_to_sale_ratio": null,
            "price_fair": 0,
            "eps_avg_yearly": 0,
            "eps_latest_yearly": 0,
            "eps_growth_yearly": 0
        },
        "20122": {
            "year_quarter": 20122,
            "year": 2012,
            "quarter": 2,
            "eps": null,
            "eps_growth_year": null,
            "eps_4q": null,
            "eps_4q_growth_year": null,
            "roe": null,
            "roe_4q": 0,
            "gross_profit": null,
            "gross_margin": null,
            "gross_margin_4q_avg": 0,
            "net_income": null,
            "net_income_4q": null,
            "revenue": null,
            "revenue_4q": null,
            "common_shares": 198000,
            "book_valuer_per_share": 13.55,
            "book_valuer_per_share_4q_avg": 6.88,
            "equity": 268214,
            "current_ratio": 151.99,
            "debt_ratio": 62.03,
            "inventory_turnover_ratio": null,
            "account_receivable_turnover_ratio": null,
            "reinvestment_rate": null,
            "research_to_sale_ratio": null,
            "price_fair": 0,
            "eps_avg_yearly": 0,
            "eps_latest_yearly": 0,
            "eps_growth_yearly": 0
        },
        "20123": {
            "year_quarter": 20123,
            "year": 2012,
            "quarter": 3,
            "eps": null,
            "eps_growth_year": null,
            "eps_4q": null,
            "eps_4q_growth_year": null,
            "roe": null,
            "roe_4q": 0,
            "gross_profit": null,
            "gross_margin": null,
            "gross_margin_4q_avg": 0,
            "net_income": null,
            "net_income_4q": null,
            "revenue": null,
            "revenue_4q": null,
            "common_shares": null,
            "book_valuer_per_share": null,
            "book_valuer_per_share_4q_avg": 6.88,
            "equity": null,
            "current_ratio": null,
            "debt_ratio": null,
            "inventory_turnover_ratio": null,
            "account_receivable_turnover_ratio": null,
            "reinvestment_rate": null,
            "research_to_sale_ratio": null,
            "price_fair": 0,
            "eps_avg_yearly": 0,
            "eps_latest_yearly": 0,
            "eps_growth_yearly": 0
        },
        "20124": {
            "year_quarter": 20124,
            "year": 2012,
            "quarter": 4,
            "eps": null,
            "eps_growth_year": null,
            "eps_4q": null,
            "eps_4q_growth_year": null,
            "roe": null,
            "roe_4q": 0,
            "gross_profit": null,
            "gross_margin": null,
            "gross_margin_4q_avg": 0,
            "net_income": null,
            "net_income_4q": null,
            "revenue": null,
            "revenue_4q": null,
            "common_shares": 213000,
            "book_valuer_per_share": 16.81,
            "book_valuer_per_share_4q_avg": 7.59,
            "equity": 357997,
            "current_ratio": 189.94,
            "debt_ratio": 51.74,
            "inventory_turnover_ratio": null,
            "account_receivable_turnover_ratio": null,
            "reinvestment_rate": null,
            "research_to_sale_ratio": null,
            "price_fair": 0,
            "eps_avg_yearly": 0,
            "eps_latest_yearly": 0,
            "eps_growth_yearly": 0
        },
        "20131": {
            "year_quarter": 20131,
            "year": 2013,
            "quarter": 1,
            "eps": null,
            "eps_growth_year": null,
            "eps_4q": null,
            "eps_4q_growth_year": null,
            "roe": null,
            "roe_4q": 0,
            "gross_profit": 47310,
            "gross_margin": null,
            "gross_margin_4q_avg": 0,
            "net_income": 22285,
            "net_income_4q": null,
            "revenue": 165712,
            "revenue_4q": null,
            "common_shares": 213000,
            "book_valuer_per_share": 17.62,
            "book_valuer_per_share_4q_avg": 12,
            "equity": 375408,
            "current_ratio": 193.7,
            "debt_ratio": 51.11,
            "inventory_turnover_ratio": null,
            "account_receivable_turnover_ratio": null,
            "reinvestment_rate": null,
            "research_to_sale_ratio": null,
            "price_fair": 0,
            "eps_avg_yearly": 0,
            "eps_latest_yearly": 0,
            "eps_growth_yearly": 0
        },
        "20132": {
            "year_quarter": 20132,
            "year": 2013,
            "quarter": 2,
            "eps": 1.24,
            "eps_growth_year": null,
            "eps_4q": null,
            "eps_4q_growth_year": null,
            "roe": 7.41,
            "roe_4q": 7.41,
            "gross_profit": 66929,
            "gross_margin": 37.27,
            "gross_margin_4q_avg": 9.32,
            "net_income": 26470,
            "net_income_4q": null,
            "revenue": 179575,
            "revenue_4q": null,
            "common_shares": 213000,
            "book_valuer_per_share": 15.92,
            "book_valuer_per_share_4q_avg": 12.59,
            "equity": 339118,
            "current_ratio": 158.81,
            "debt_ratio": 58.96,
            "inventory_turnover_ratio": 0.55,
            "account_receivable_turnover_ratio": 1.69,
            "reinvestment_rate": null,
            "research_to_sale_ratio": null,
            "price_fair": 0,
            "eps_avg_yearly": 0,
            "eps_latest_yearly": 0,
            "eps_growth_yearly": 0
        },
        "20133": {
            "year_quarter": 20133,
            "year": 2013,
            "quarter": 3,
            "eps": null,
            "eps_growth_year": null,
            "eps_4q": null,
            "eps_4q_growth_year": null,
            "roe": null,
            "roe_4q": 7.41,
            "gross_profit": 76339,
            "gross_margin": null,
            "gross_margin_4q_avg": 9.32,
            "net_income": 25047,
            "net_income_4q": null,
            "revenue": 226539,
            "revenue_4q": null,
            "common_shares": 213000,
            "book_valuer_per_share": 17.05,
            "book_valuer_per_share_4q_avg": 16.85,
            "equity": 363210,
            "current_ratio": 154.01,
            "debt_ratio": 60.9,
            "inventory_turnover_ratio": null,
            "account_receivable_turnover_ratio": null,
            "reinvestment_rate": null,
            "research_to_sale_ratio": null,
            "price_fair": 0,
            "eps_avg_yearly": 0,
            "eps_latest_yearly": 0,
            "eps_growth_yearly": 0
        },
        "20134": {
            "year_quarter": 20134,
            "year": 2013,
            "quarter": 4,
            "eps": null,
            "eps_growth_year": null,
            "eps_4q": null,
            "eps_4q_growth_year": null,
            "roe": null,
            "roe_4q": 7.41,
            "gross_profit": 73204,
            "gross_margin": null,
            "gross_margin_4q_avg": 9.32,
            "net_income": 31289,
            "net_income_4q": null,
            "revenue": 192807,
            "revenue_4q": null,
            "common_shares": 218720,
            "book_valuer_per_share": 18.37,
            "book_valuer_per_share_4q_avg": 17.24,
            "equity": 401697,
            "current_ratio": 174.15,
            "debt_ratio": 53.55,
            "inventory_turnover_ratio": null,
            "account_receivable_turnover_ratio": null,
            "reinvestment_rate": null,
            "research_to_sale_ratio": null,
            "price_fair": 0,
            "eps_avg_yearly": 0,
            "eps_latest_yearly": 0,
            "eps_growth_yearly": 0
        },
        "20141": {
            "year_quarter": 20141,
            "year": 2014,
            "quarter": 1,
            "eps": 1.89,
            "eps_growth_year": null,
            "eps_4q": 3.1,
            "eps_4q_growth_year": null,
            "roe": 9.8,
            "roe_4q": 17.21,
            "gross_profit": 85126,
            "gross_margin": 41.35,
            "gross_margin_4q_avg": 19.66,
            "net_income": 41373,
            "net_income_4q": null,
            "revenue": 205853,
            "revenue_4q": null,
            "common_shares": 218720,
            "book_valuer_per_share": 20.25,
            "book_valuer_per_share_4q_avg": 17.9,
            "equity": 442967,
            "current_ratio": 208.31,
            "debt_ratio": 45.77,
            "inventory_turnover_ratio": 0.63,
            "account_receivable_turnover_ratio": 0.95,
            "reinvestment_rate": null,
            "research_to_sale_ratio": 1.05,
            "price_fair": 0,
            "eps_avg_yearly": 0,
            "eps_latest_yearly": 0,
            "eps_growth_yearly": 0
        },
        "20142": {
            "year_quarter": 20142,
            "year": 2014,
            "quarter": 2,
            "eps": 0.93,
            "eps_growth_year": -25.16,
            "eps_4q": 2.81,
            "eps_4q_growth_year": null,
            "roe": 4.82,
            "roe_4q": 14.620000000000001,
            "gross_profit": 70467,
            "gross_margin": 44.12,
            "gross_margin_4q_avg": 21.37,
            "net_income": 20256,
            "net_income_4q": null,
            "revenue": 159717,
            "revenue_4q": null,
            "common_shares": 219330,
            "book_valuer_per_share": 18.09,
            "book_valuer_per_share_4q_avg": 18.44,
            "equity": 396746,
            "current_ratio": 164.57,
            "debt_ratio": 56.3,
            "inventory_turnover_ratio": 0.4,
            "account_receivable_turnover_ratio": 0.74,
            "reinvestment_rate": null,
            "research_to_sale_ratio": 1.27,
            "price_fair": 11.16,
            "eps_avg_yearly": 3.72,
            "eps_latest_yearly": 3.72,
            "eps_growth_yearly": -203.17
        },
        "20143": {
            "year_quarter": 20143,
            "year": 2014,
            "quarter": 3,
            "eps": 1.61,
            "eps_growth_year": null,
            "eps_4q": 3.97,
            "eps_4q_growth_year": null,
            "roe": 7.36,
            "roe_4q": 21.98,
            "gross_profit": 81969,
            "gross_margin": 38.68,
            "gross_margin_4q_avg": 31.04,
            "net_income": 37357,
            "net_income_4q": null,
            "revenue": 211914,
            "revenue_4q": null,
            "common_shares": 249330,
            "book_valuer_per_share": 24.81,
            "book_valuer_per_share_4q_avg": 20.38,
            "equity": 618653,
            "current_ratio": 267.4,
            "debt_ratio": 36.98,
            "inventory_turnover_ratio": 0.54,
            "account_receivable_turnover_ratio": 0.95,
            "reinvestment_rate": null,
            "research_to_sale_ratio": 1.12,
            "price_fair": 177.8,
            "eps_avg_yearly": 5.08,
            "eps_latest_yearly": 6.44,
            "eps_growth_yearly": 44.65
        },
        "20144": {
            "year_quarter": 20144,
            "year": 2014,
            "quarter": 4,
            "eps": 1.18,
            "eps_growth_year": null,
            "eps_4q": 5.03,
            "eps_4q_growth_year": null,
            "roe": 4.75,
            "roe_4q": 26.73,
            "gross_profit": 65534,
            "gross_margin": 35.39,
            "gross_margin_4q_avg": 39.89,
            "net_income": 30351,
            "net_income_4q": null,
            "revenue": 185168,
            "revenue_4q": null,
            "common_shares": 257140,
            "book_valuer_per_share": 25.65,
            "book_valuer_per_share_4q_avg": 22.2,
            "equity": 659552,
            "current_ratio": 274.05,
            "debt_ratio": 35.98,
            "inventory_turnover_ratio": 0.55,
            "account_receivable_turnover_ratio": 0.76,
            "reinvestment_rate": null,
            "research_to_sale_ratio": 1.23,
            "price_fair": 14.88,
            "eps_avg_yearly": 4.96,
            "eps_latest_yearly": 4.72,
            "eps_growth_yearly": -5.84
        },
        "20151": {
            "year_quarter": 20151,
            "year": 2015,
            "quarter": 1,
            "eps": 0.27,
            "eps_growth_year": -85.71,
            "eps_4q": 3.69,
            "eps_4q_growth_year": 19.05,
            "roe": 1.06,
            "roe_4q": 17.990000000000002,
            "gross_profit": 51634,
            "gross_margin": 37.61,
            "gross_margin_4q_avg": 38.95,
            "net_income": 6994,
            "net_income_4q": null,
            "revenue": 137293,
            "revenue_4q": null,
            "common_shares": 257140,
            "book_valuer_per_share": 25.88,
            "book_valuer_per_share_4q_avg": 23.61,
            "equity": 665542,
            "current_ratio": 344.16,
            "debt_ratio": 29.54,
            "inventory_turnover_ratio": 0.41,
            "account_receivable_turnover_ratio": 0.63,
            "reinvestment_rate": null,
            "research_to_sale_ratio": 1.78,
            "price_fair": 11.97,
            "eps_avg_yearly": 3.99,
            "eps_latest_yearly": 1.08,
            "eps_growth_yearly": -81.5
        },
        "20152": {
            "year_quarter": 20152,
            "year": 2015,
            "quarter": 2,
            "eps": -0.14,
            "eps_growth_year": -115.05,
            "eps_4q": 2.5,
            "eps_4q_growth_year": -11.03,
            "roe": -0.64,
            "roe_4q": 12.530000000000001,
            "gross_profit": 41541,
            "gross_margin": 30.4,
            "gross_margin_4q_avg": 35.52,
            "net_income": -3989,
            "net_income_4q": null,
            "revenue": 136662,
            "revenue_4q": null,
            "common_shares": 257140,
            "book_valuer_per_share": 22.68,
            "book_valuer_per_share_4q_avg": 24.76,
            "equity": 583091,
            "current_ratio": 271.43,
            "debt_ratio": 35.79,
            "inventory_turnover_ratio": 0.49,
            "account_receivable_turnover_ratio": 0.71,
            "reinvestment_rate": null,
            "research_to_sale_ratio": 2.02,
            "price_fair": 11.97,
            "eps_avg_yearly": 3.99,
            "eps_latest_yearly": 1.08,
            "eps_growth_yearly": -81.5
        },
        "20153": {
            "year_quarter": 20153,
            "year": 2015,
            "quarter": 3,
            "eps": 0.36,
            "eps_growth_year": -77.64,
            "eps_4q": 1.54,
            "eps_4q_growth_year": -61.15,
            "roe": 1.74,
            "roe_4q": 6.91,
            "gross_profit": 33601,
            "gross_margin": 22.2,
            "gross_margin_4q_avg": 31.4,
            "net_income": 10268,
            "net_income_4q": null,
            "revenue": 151375,
            "revenue_4q": null,
            "common_shares": 282854,
            "book_valuer_per_share": 21.1,
            "book_valuer_per_share_4q_avg": 23.83,
            "equity": 596947,
            "current_ratio": 404.35,
            "debt_ratio": 26.11,
            "inventory_turnover_ratio": 0.81,
            "account_receivable_turnover_ratio": 0.81,
            "reinvestment_rate": null,
            "research_to_sale_ratio": 1.88,
            "price_fair": 11.97,
            "eps_avg_yearly": 3.99,
            "eps_latest_yearly": 1.08,
            "eps_growth_yearly": -81.5
        },
        "20154": {
            "year_quarter": 20154,
            "year": 2015,
            "quarter": 4,
            "eps": -0.86,
            "eps_growth_year": -172.71,
            "eps_4q": -0.39,
            "eps_4q_growth_year": -107.73,
            "roe": -4.16,
            "roe_4q": -2,
            "gross_profit": 6544,
            "gross_margin": 9.11,
            "gross_margin_4q_avg": 24.83,
            "net_income": -24276,
            "net_income_4q": null,
            "revenue": 71836,
            "revenue_4q": null,
            "common_shares": 282854,
            "book_valuer_per_share": 20.19,
            "book_valuer_per_share_4q_avg": 22.46,
            "equity": 571192,
            "current_ratio": 411.15,
            "debt_ratio": 25.15,
            "inventory_turnover_ratio": 0.61,
            "account_receivable_turnover_ratio": 0.4,
            "reinvestment_rate": null,
            "research_to_sale_ratio": 2.21,
            "price_fair": 11.97,
            "eps_avg_yearly": 3.99,
            "eps_latest_yearly": 1.08,
            "eps_growth_yearly": -81.5
        },
        "20161": {
            "year_quarter": 20161,
            "year": 2016,
            "quarter": 1,
            "eps": -1.17,
            "eps_growth_year": -533.33,
            "eps_4q": -1.8,
            "eps_4q_growth_year": -148.86,
            "roe": -5.96,
            "roe_4q": -9.020000000000001,
            "gross_profit": 13224,
            "gross_margin": 17.79,
            "gross_margin_4q_avg": 19.88,
            "net_income": -33040,
            "net_income_4q": null,
            "revenue": 74334,
            "revenue_4q": null,
            "common_shares": 282854,
            "book_valuer_per_share": 18.99,
            "book_valuer_per_share_4q_avg": 20.74,
            "equity": 537055,
            "current_ratio": 398.64,
            "debt_ratio": 25.28,
            "inventory_turnover_ratio": 0.63,
            "account_receivable_turnover_ratio": 0.5,
            "reinvestment_rate": null,
            "research_to_sale_ratio": 2.35,
            "price_fair": 11.97,
            "eps_avg_yearly": 3.99,
            "eps_latest_yearly": 1.08,
            "eps_growth_yearly": -81.5
        },
        "20162": {
            "year_quarter": 20162,
            "year": 2016,
            "quarter": 2,
            "eps": -0.27,
            "eps_growth_year": null,
            "eps_4q": -1.93,
            "eps_4q_growth_year": -177.33,
            "roe": -1.46,
            "roe_4q": -9.84,
            "gross_profit": 6694,
            "gross_margin": 12.17,
            "gross_margin_4q_avg": 15.32,
            "net_income": -7671,
            "net_income_4q": null,
            "revenue": 55008,
            "revenue_4q": null,
            "common_shares": 282854,
            "book_valuer_per_share": 18.07,
            "book_valuer_per_share_4q_avg": 19.59,
            "equity": 511451,
            "current_ratio": 304.93,
            "debt_ratio": 31.24,
            "inventory_turnover_ratio": 0.46,
            "account_receivable_turnover_ratio": 0.45,
            "reinvestment_rate": null,
            "research_to_sale_ratio": 3.1,
            "price_fair": 11.97,
            "eps_avg_yearly": 3.99,
            "eps_latest_yearly": 1.08,
            "eps_growth_yearly": -81.5
        },
        "20163": {
            "year_quarter": 20163,
            "year": 2016,
            "quarter": 3,
            "eps": -0.7,
            "eps_growth_year": -294.44,
            "eps_4q": -3,
            "eps_4q_growth_year": -294.59,
            "roe": -3.99,
            "roe_4q": -15.57,
            "gross_profit": 25826,
            "gross_margin": 30.2,
            "gross_margin_4q_avg": 17.32,
            "net_income": -19958,
            "net_income_4q": null,
            "revenue": 85507,
            "revenue_4q": null,
            "common_shares": 282854,
            "book_valuer_per_share": 17.3,
            "book_valuer_per_share_4q_avg": 18.64,
            "equity": 489636,
            "current_ratio": 255.97,
            "debt_ratio": 35.76,
            "inventory_turnover_ratio": 0.47,
            "account_receivable_turnover_ratio": 0.83,
            "reinvestment_rate": null,
            "research_to_sale_ratio": 2.11,
            "price_fair": 11.97,
            "eps_avg_yearly": 3.99,
            "eps_latest_yearly": 1.08,
            "eps_growth_yearly": -81.5
        },
        "20164": {
            "year_quarter": 20164,
            "year": 2016,
            "quarter": 4,
            "eps": 0.38,
            "eps_growth_year": null,
            "eps_4q": -1.76,
            "eps_4q_growth_year": null,
            "roe": 2.19,
            "roe_4q": -9.22,
            "gross_profit": 22257,
            "gross_margin": 26.11,
            "gross_margin_4q_avg": 21.57,
            "net_income": 10827,
            "net_income_4q": null,
            "revenue": 85243,
            "revenue_4q": null,
            "common_shares": 282854,
            "book_valuer_per_share": 17.67,
            "book_valuer_per_share_4q_avg": 18.01,
            "equity": 500016,
            "current_ratio": 294.7,
            "debt_ratio": 31.6,
            "inventory_turnover_ratio": 0.45,
            "account_receivable_turnover_ratio": 0.96,
            "reinvestment_rate": -0.84,
            "research_to_sale_ratio": 2.17,
            "price_fair": 11.97,
            "eps_avg_yearly": 3.99,
            "eps_latest_yearly": 1.08,
            "eps_growth_yearly": -81.5
        },
        "20171": {
            "year_quarter": 20171,
            "year": 2017,
            "quarter": 1,
            "eps": -0.57,
            "eps_growth_year": null,
            "eps_4q": -1.16,
            "eps_4q_growth_year": null,
            "roe": -3.28,
            "roe_4q": -6.54,
            "gross_profit": 26583,
            "gross_margin": 27.06,
            "gross_margin_4q_avg": 23.89,
            "net_income": -16077,
            "net_income_4q": null,
            "revenue": 98223,
            "revenue_4q": null,
            "common_shares": 282854,
            "book_valuer_per_share": 17,
            "book_valuer_per_share_4q_avg": 17.51,
            "equity": 480958,
            "current_ratio": 228.56,
            "debt_ratio": 39.31,
            "inventory_turnover_ratio": 0.45,
            "account_receivable_turnover_ratio": 1.06,
            "reinvestment_rate": -2.13,
            "research_to_sale_ratio": 1.56,
            "price_fair": 11.97,
            "eps_avg_yearly": 3.99,
            "eps_latest_yearly": 1.08,
            "eps_growth_yearly": -81.5
        },
        "20172": {
            "year_quarter": 20172,
            "year": 2017,
            "quarter": 2,
            "eps": 1.57,
            "eps_growth_year": null,
            "eps_4q": 0.68,
            "eps_4q_growth_year": null,
            "roe": 8.86,
            "roe_4q": 3.7799999999999994,
            "gross_profit": 73626,
            "gross_margin": 42.25,
            "gross_margin_4q_avg": 31.41,
            "net_income": 44680,
            "net_income_4q": null,
            "revenue": 174255,
            "revenue_4q": null,
            "common_shares": 282854,
            "book_valuer_per_share": 18.61,
            "book_valuer_per_share_4q_avg": 17.65,
            "equity": 528128,
            "current_ratio": 226.93,
            "debt_ratio": 40.08,
            "inventory_turnover_ratio": 0.57,
            "account_receivable_turnover_ratio": 1.31,
            "reinvestment_rate": -4.16,
            "research_to_sale_ratio": 0.82,
            "price_fair": 11.97,
            "eps_avg_yearly": 3.99,
            "eps_latest_yearly": 1.08,
            "eps_growth_yearly": -81.5
        },
        "20173": {
            "year_quarter": 20173,
            "year": 2017,
            "quarter": 3,
            "eps": 1.09,
            "eps_growth_year": null,
            "eps_4q": 2.48,
            "eps_4q_growth_year": null,
            "roe": 5.78,
            "roe_4q": 13.55,
            "gross_profit": 63847,
            "gross_margin": 37.84,
            "gross_margin_4q_avg": 33.32,
            "net_income": 31482,
            "net_income_4q": null,
            "revenue": 168740,
            "revenue_4q": null,
            "common_shares": 282854,
            "book_valuer_per_share": 19.72,
            "book_valuer_per_share_4q_avg": 18.25,
            "equity": 560291,
            "current_ratio": 234.29,
            "debt_ratio": 38.7,
            "inventory_turnover_ratio": 0.56,
            "account_receivable_turnover_ratio": 1,
            "reinvestment_rate": -2.64,
            "research_to_sale_ratio": 0.92,
            "price_fair": 12.19,
            "eps_avg_yearly": 4.06,
            "eps_latest_yearly": 4.36,
            "eps_growth_yearly": -89.66
        },
        "20174": {
            "year_quarter": 20174,
            "year": 2017,
            "quarter": 4,
            "eps": 0.26,
            "eps_growth_year": -32.43,
            "eps_4q": 2.36,
            "eps_4q_growth_year": null,
            "roe": 1.32,
            "roe_4q": 12.680000000000001,
            "gross_profit": 44253,
            "gross_margin": 27.61,
            "gross_margin_4q_avg": 33.69,
            "net_income": 7440,
            "net_income_4q": null,
            "revenue": 160271,
            "revenue_4q": null,
            "common_shares": 282854,
            "book_valuer_per_share": 19.98,
            "book_valuer_per_share_4q_avg": 18.83,
            "equity": 567692,
            "current_ratio": 241,
            "debt_ratio": 37.73,
            "inventory_turnover_ratio": 0.54,
            "account_receivable_turnover_ratio": 0.93,
            "reinvestment_rate": -4.89,
            "research_to_sale_ratio": 0.89,
            "price_fair": 10.68,
            "eps_avg_yearly": 3.56,
            "eps_latest_yearly": 1.04,
            "eps_growth_yearly": -125.48
        },
        "20181": {
            "year_quarter": 20181,
            "year": 2018,
            "quarter": 1,
            "eps": 0.01,
            "eps_growth_year": null,
            "eps_4q": 2.93,
            "eps_4q_growth_year": null,
            "roe": 0.03,
            "roe_4q": 15.99,
            "gross_profit": 36184,
            "gross_margin": 30.2,
            "gross_margin_4q_avg": 34.48,
            "net_income": 180,
            "net_income_4q": null,
            "revenue": 119834,
            "revenue_4q": null,
            "common_shares": 282854,
            "book_valuer_per_share": 20,
            "book_valuer_per_share_4q_avg": 19.58,
            "equity": 568364,
            "current_ratio": 235.68,
            "debt_ratio": 38.11,
            "inventory_turnover_ratio": 0.37,
            "account_receivable_turnover_ratio": 0.67,
            "reinvestment_rate": 0.71,
            "research_to_sale_ratio": 1.72,
            "price_fair": 9.17,
            "eps_avg_yearly": 3.06,
            "eps_latest_yearly": 0.04,
            "eps_growth_yearly": -162.5
        },
        "20182": {
            "year_quarter": 20182,
            "year": 2018,
            "quarter": 2,
            "eps": 0.86,
            "eps_growth_year": -45.22,
            "eps_4q": 2.22,
            "eps_4q_growth_year": 225.71,
            "roe": 4.5,
            "roe_4q": 11.63,
            "gross_profit": 44807,
            "gross_margin": 28.31,
            "gross_margin_4q_avg": 30.99,
            "net_income": 24970,
            "net_income_4q": null,
            "revenue": 158253,
            "revenue_4q": null,
            "common_shares": 282854,
            "book_valuer_per_share": 19.07,
            "book_valuer_per_share_4q_avg": 19.69,
            "equity": 542538,
            "current_ratio": 190.43,
            "debt_ratio": 46.68,
            "inventory_turnover_ratio": 0.47,
            "account_receivable_turnover_ratio": 0.78,
            "reinvestment_rate": 6.74,
            "research_to_sale_ratio": 1.65,
            "price_fair": 105.6,
            "eps_avg_yearly": 3.02,
            "eps_latest_yearly": 3.44,
            "eps_growth_yearly": 4723.67
        },
        "20183": {
            "year_quarter": 20183,
            "year": 2018,
            "quarter": 3,
            "eps": 0.59,
            "eps_growth_year": -45.87,
            "eps_4q": 1.72,
            "eps_4q_growth_year": -30.62,
            "roe": 3.16,
            "roe_4q": 9.01,
            "gross_profit": 60756,
            "gross_margin": 29.77,
            "gross_margin_4q_avg": 28.97,
            "net_income": 17410,
            "net_income_4q": null,
            "revenue": 204117,
            "revenue_4q": null,
            "common_shares": 282854,
            "book_valuer_per_share": 19.59,
            "book_valuer_per_share_4q_avg": 19.66,
            "equity": 557650,
            "current_ratio": 205.87,
            "debt_ratio": 43.01,
            "inventory_turnover_ratio": 0.58,
            "account_receivable_turnover_ratio": 0.92,
            "reinvestment_rate": 8.36,
            "research_to_sale_ratio": 1.72,
            "price_fair": 85.2,
            "eps_avg_yearly": 2.43,
            "eps_latest_yearly": 2.36,
            "eps_growth_yearly": 4663.95
        },
        "20184": {
            "year_quarter": 20184,
            "year": 2018,
            "quarter": 4,
            "eps": 0.34,
            "eps_growth_year": 31.09,
            "eps_4q": 1.82,
            "eps_4q_growth_year": -22.93,
            "roe": 1.85,
            "roe_4q": 9.54,
            "gross_profit": 43020,
            "gross_margin": 34.55,
            "gross_margin_4q_avg": 30.71,
            "net_income": 10342,
            "net_income_4q": null,
            "revenue": 124514,
            "revenue_4q": null,
            "common_shares": 282854,
            "book_valuer_per_share": 19.91,
            "book_valuer_per_share_4q_avg": 19.64,
            "equity": 561993,
            "current_ratio": 216.15,
            "debt_ratio": 40.92,
            "inventory_turnover_ratio": 0.31,
            "account_receivable_turnover_ratio": 0.56,
            "reinvestment_rate": 3.4,
            "research_to_sale_ratio": 3.44,
            "price_fair": 68.4,
            "eps_avg_yearly": 1.95,
            "eps_latest_yearly": 1.36,
            "eps_growth_yearly": 4654.99
        },
        "20191": {
            "year_quarter": 20191,
            "year": 2019,
            "quarter": 1,
            "eps": 0.01,
            "eps_growth_year": 0,
            "eps_4q": 1.82,
            "eps_4q_growth_year": -38.12,
            "roe": 0.02,
            "roe_4q": 9.530000000000001,
            "gross_profit": 28488,
            "gross_margin": 22.56,
            "gross_margin_4q_avg": 28.8,
            "net_income": 119,
            "net_income_4q": null,
            "revenue": 126274,
            "revenue_4q": null,
            "common_shares": 282854,
            "book_valuer_per_share": 19.97,
            "book_valuer_per_share_4q_avg": 19.64,
            "equity": 563879,
            "current_ratio": 196.08,
            "debt_ratio": 44.76,
            "inventory_turnover_ratio": 0.33,
            "account_receivable_turnover_ratio": 0.56,
            "reinvestment_rate": 5.32,
            "research_to_sale_ratio": 2.83,
            "price_fair": 63.2,
            "eps_avg_yearly": 1.81,
            "eps_latest_yearly": 0.04,
            "eps_growth_yearly": 4643.6
        },
        "20192": {
            "year_quarter": 20192,
            "year": 2019,
            "quarter": 2,
            "eps": 0.95,
            "eps_growth_year": 10.47,
            "eps_4q": 1.9,
            "eps_4q_growth_year": -14.67,
            "roe": 4.8,
            "roe_4q": 9.83,
            "gross_profit": 56680,
            "gross_margin": 27.84,
            "gross_margin_4q_avg": 28.68,
            "net_income": 26845,
            "net_income_4q": null,
            "revenue": 203597,
            "revenue_4q": null,
            "common_shares": 282854,
            "book_valuer_per_share": 19.68,
            "book_valuer_per_share_4q_avg": 19.79,
            "equity": 555775,
            "current_ratio": 178.46,
            "debt_ratio": 49.29,
            "inventory_turnover_ratio": 0.47,
            "account_receivable_turnover_ratio": 0.82,
            "reinvestment_rate": 2.62,
            "research_to_sale_ratio": 1.62,
            "price_fair": 71.93,
            "eps_avg_yearly": 2.06,
            "eps_latest_yearly": 3.8,
            "eps_growth_yearly": 8763.15
        },
        "20193": {
            "year_quarter": 20193,
            "year": 2019,
            "quarter": 3,
            "eps": 0.73,
            "eps_growth_year": 23.73,
            "eps_4q": 2.03,
            "eps_4q_growth_year": 17.84,
            "roe": 3.61,
            "roe_4q": 10.28,
            "gross_profit": 60840,
            "gross_margin": 29.21,
            "gross_margin_4q_avg": 28.54,
            "net_income": 20339,
            "net_income_4q": null,
            "revenue": 208306,
            "revenue_4q": null,
            "common_shares": 282854,
            "book_valuer_per_share": 20.29,
            "book_valuer_per_share_4q_avg": 19.96,
            "equity": 572409,
            "current_ratio": 205.78,
            "debt_ratio": 42.26,
            "inventory_turnover_ratio": 0.51,
            "account_receivable_turnover_ratio": 0.86,
            "reinvestment_rate": 0.51,
            "research_to_sale_ratio": 1.84,
            "price_fair": 75.29,
            "eps_avg_yearly": 2.15,
            "eps_latest_yearly": 2.92,
            "eps_growth_yearly": 7779.17
        },
        "20194": {
            "year_quarter": 20194,
            "year": 2019,
            "quarter": 4,
            "eps": -0.08,
            "eps_growth_year": -122.26,
            "eps_4q": 1.6,
            "eps_4q_growth_year": -12.07,
            "roe": -0.36,
            "roe_4q": 8.07,
            "gross_profit": 45537,
            "gross_margin": 26.87,
            "gross_margin_4q_avg": 26.62,
            "net_income": -2054,
            "net_income_4q": null,
            "revenue": 169490,
            "revenue_4q": null,
            "common_shares": 282854,
            "book_valuer_per_share": 20.18,
            "book_valuer_per_share_4q_avg": 20.03,
            "equity": 575148,
            "current_ratio": 203.61,
            "debt_ratio": 42.39,
            "inventory_turnover_ratio": 0.47,
            "account_receivable_turnover_ratio": 0.77,
            "reinvestment_rate": -3.17,
            "research_to_sale_ratio": 2.16,
            "price_fair": 75.29,
            "eps_avg_yearly": 2.15,
            "eps_latest_yearly": 2.92,
            "eps_growth_yearly": 7779.17
        },
        "20201": {
            "year_quarter": 20201,
            "year": 2020,
            "quarter": 1,
            "eps": 0.17,
            "eps_growth_year": 1600,
            "eps_4q": 1.76,
            "eps_4q_growth_year": -3.1,
            "roe": 0.81,
            "roe_4q": 8.86,
            "gross_profit": 35937,
            "gross_margin": 28.2,
            "gross_margin_4q_avg": 28.03,
            "net_income": 4686,
            "net_income_4q": null,
            "revenue": 127425,
            "revenue_4q": null,
            "common_shares": 282854,
            "book_valuer_per_share": 20.32,
            "book_valuer_per_share_4q_avg": 20.12,
            "equity": 579072,
            "current_ratio": 227.37,
            "debt_ratio": 42.94,
            "inventory_turnover_ratio": 0.34,
            "account_receivable_turnover_ratio": 0.56,
            "reinvestment_rate": -1.89,
            "research_to_sale_ratio": 2.86,
            "price_fair": 75.29,
            "eps_avg_yearly": 2.15,
            "eps_latest_yearly": 2.92,
            "eps_growth_yearly": 7779.17
        },
        "20202": {
            "year_quarter": 20202,
            "year": 2020,
            "quarter": 2,
            "eps": 0.1,
            "eps_growth_year": -89.47,
            "eps_4q": 0.92,
            "eps_4q_growth_year": -51.7,
            "roe": 0.54,
            "roe_4q": 4.6,
            "gross_profit": 36314,
            "gross_margin": 28.85,
            "gross_margin_4q_avg": 28.28,
            "net_income": 3023,
            "net_income_4q": null,
            "revenue": 125856,
            "revenue_4q": null,
            "common_shares": 282854,
            "book_valuer_per_share": 19.14,
            "book_valuer_per_share_4q_avg": 19.98,
            "equity": 545811,
            "current_ratio": 218.91,
            "debt_ratio": 44.21,
            "inventory_turnover_ratio": 0.33,
            "account_receivable_turnover_ratio": 0.61,
            "reinvestment_rate": -1.3,
            "research_to_sale_ratio": 2.67,
            "price_fair": 69.16,
            "eps_avg_yearly": 1.98,
            "eps_latest_yearly": 0.4,
            "eps_growth_yearly": 6984.79
        },
        "20203": {
            "year_quarter": 20203,
            "year": 2020,
            "quarter": 3,
            "eps": 0.47,
            "eps_growth_year": -35.62,
            "eps_4q": 0.66,
            "eps_4q_growth_year": -67.36,
            "roe": 2.4,
            "roe_4q": 3.39,
            "gross_profit": 49936,
            "gross_margin": 29.14,
            "gross_margin_4q_avg": 28.27,
            "net_income": 13256,
            "net_income_4q": null,
            "revenue": 171394,
            "revenue_4q": null,
            "common_shares": 282854,
            "book_valuer_per_share": 19.68,
            "book_valuer_per_share_4q_avg": 19.83,
            "equity": 561075,
            "current_ratio": 252.82,
            "debt_ratio": 44.01,
            "inventory_turnover_ratio": 0.48,
            "account_receivable_turnover_ratio": 0.93,
            "reinvestment_rate": -1.26,
            "research_to_sale_ratio": 1.94,
            "price_fair": 68.85,
            "eps_avg_yearly": 1.97,
            "eps_latest_yearly": 1.88,
            "eps_growth_yearly": 6484.35
        },
        "20204": {
            "year_quarter": 20204,
            "year": 2020,
            "quarter": 4,
            "eps": -0.07,
            "eps_growth_year": null,
            "eps_4q": 0.67,
            "eps_4q_growth_year": -58.23,
            "roe": -0.32,
            "roe_4q": 3.43,
            "gross_profit": 34246,
            "gross_margin": 28.45,
            "gross_margin_4q_avg": 28.66,
            "net_income": -1808,
            "net_income_4q": null,
            "revenue": 120376,
            "revenue_4q": null,
            "common_shares": 282854,
            "book_valuer_per_share": 19.69,
            "book_valuer_per_share_4q_avg": 19.71,
            "equity": 561555,
            "current_ratio": 238.64,
            "debt_ratio": 45.64,
            "inventory_turnover_ratio": 0.35,
            "account_receivable_turnover_ratio": 0.69,
            "reinvestment_rate": -1.58,
            "research_to_sale_ratio": 2.22,
            "price_fair": 68.85,
            "eps_avg_yearly": 1.97,
            "eps_latest_yearly": 1.88,
            "eps_growth_yearly": 6484.35
        },
        "20211": {
            "year_quarter": 20211,
            "year": 2021,
            "quarter": 1,
            "eps": -0.28,
            "eps_growth_year": -264.71,
            "eps_4q": 0.22,
            "eps_4q_growth_year": -87.56,
            "roe": -1.43,
            "roe_4q": 1.19,
            "gross_profit": 22243,
            "gross_margin": 23.48,
            "gross_margin_4q_avg": 27.48,
            "net_income": -7960,
            "net_income_4q": null,
            "revenue": 94712,
            "revenue_4q": null,
            "common_shares": 282854,
            "book_valuer_per_share": 19.39,
            "book_valuer_per_share_4q_avg": 19.48,
            "equity": 553263,
            "current_ratio": 197.61,
            "debt_ratio": 51.74,
            "inventory_turnover_ratio": 0.23,
            "account_receivable_turnover_ratio": 0.59,
            "reinvestment_rate": -1.47,
            "research_to_sale_ratio": 2.15,
            "price_fair": 68.85,
            "eps_avg_yearly": 1.97,
            "eps_latest_yearly": 1.88,
            "eps_growth_yearly": 6484.35
        },
        "20212": {
            "year_quarter": 20212,
            "year": 2021,
            "quarter": 2,
            "eps": 0.49,
            "eps_growth_year": 390,
            "eps_4q": 0.61,
            "eps_4q_growth_year": -33.37,
            "roe": 2.6,
            "roe_4q": 3.25,
            "gross_profit": 45011,
            "gross_margin": 23.24,
            "gross_margin_4q_avg": 26.08,
            "net_income": 14566,
            "net_income_4q": null,
            "revenue": 193685,
            "revenue_4q": null,
            "common_shares": 282854,
            "book_valuer_per_share": 19.81,
            "book_valuer_per_share_4q_avg": 19.64,
            "equity": 565601,
            "current_ratio": 192.08,
            "debt_ratio": 52.69,
            "inventory_turnover_ratio": 0.39,
            "account_receivable_turnover_ratio": 1.08,
            "reinvestment_rate": -0.97,
            "research_to_sale_ratio": 1.37,
            "price_fair": 68.85,
            "eps_avg_yearly": 1.97,
            "eps_latest_yearly": 1.88,
            "eps_growth_yearly": 6484.35
        },
        "20213": {
            "year_quarter": 20213,
            "year": 2021,
            "quarter": 3,
            "eps": 0.1,
            "eps_growth_year": -78.72,
            "eps_4q": 0.24,
            "eps_4q_growth_year": -64.34,
            "roe": 0.43,
            "roe_4q": 1.2800000000000002,
            "gross_profit": 41416,
            "gross_margin": 27.88,
            "gross_margin_4q_avg": 25.76,
            "net_income": 2400,
            "net_income_4q": null,
            "revenue": 148571,
            "revenue_4q": null,
            "common_shares": 282854,
            "book_valuer_per_share": 18.89,
            "book_valuer_per_share_4q_avg": 19.45,
            "equity": 539196,
            "current_ratio": 181.78,
            "debt_ratio": 54.83,
            "inventory_turnover_ratio": 0.25,
            "account_receivable_turnover_ratio": 0.72,
            "reinvestment_rate": 1.12,
            "research_to_sale_ratio": 1.72,
            "price_fair": 56.25,
            "eps_avg_yearly": 1.61,
            "eps_latest_yearly": 0.4,
            "eps_growth_yearly": 6466.53
        },
        "20214": {
            "year_quarter": 20214,
            "year": 2021,
            "quarter": 4,
            "eps": 0.71,
            "eps_growth_year": null,
            "eps_4q": 0.98,
            "eps_4q_growth_year": 46.32,
            "roe": 3.98,
            "roe_4q": 5.58,
            "gross_profit": 68555,
            "gross_margin": 28.74,
            "gross_margin_4q_avg": 25.84,
            "net_income": 23989,
            "net_income_4q": null,
            "revenue": 238535,
            "revenue_4q": null,
            "common_shares": 322854,
            "book_valuer_per_share": 20.47,
            "book_valuer_per_share_4q_avg": 19.64,
            "equity": 667006,
            "current_ratio": 179.39,
            "debt_ratio": 48.44,
            "inventory_turnover_ratio": 0.37,
            "account_receivable_turnover_ratio": 1.05,
            "reinvestment_rate": 55.08,
            "research_to_sale_ratio": 1.21,
            "price_fair": 61.98,
            "eps_avg_yearly": 1.77,
            "eps_latest_yearly": 2.84,
            "eps_growth_yearly": 6716.03
        },
        "20221": {
            "year_quarter": 20221,
            "year": 2022,
            "quarter": 1,
            "eps": -0.44,
            "eps_growth_year": null,
            "eps_4q": 0.79,
            "eps_4q_growth_year": 259.9,
            "roe": -2.13,
            "roe_4q": 4.880000000000001,
            "gross_profit": 23622,
            "gross_margin": 17.77,
            "gross_margin_4q_avg": 24.41,
            "net_income": -14161,
            "net_income_4q": null,
            "revenue": 132902,
            "revenue_4q": null,
            "common_shares": 322854,
            "book_valuer_per_share": 20.4,
            "book_valuer_per_share_4q_avg": 19.89,
            "equity": 664880,
            "current_ratio": 168.88,
            "debt_ratio": 49,
            "inventory_turnover_ratio": 0.24,
            "account_receivable_turnover_ratio": 0.55,
            "reinvestment_rate": 81.44,
            "research_to_sale_ratio": 4.31,
            "price_fair": 68.04,
            "eps_avg_yearly": 1.94,
            "eps_latest_yearly": 2.84,
            "eps_growth_yearly": 7426.1
        },
        "20222": {
            "year_quarter": 20222,
            "year": 2022,
            "quarter": 2,
            "eps": -0.29,
            "eps_growth_year": -159.18,
            "eps_4q": 0.06,
            "eps_4q_growth_year": -89.96,
            "roe": -1.47,
            "roe_4q": 0.8100000000000003,
            "gross_profit": 34546,
            "gross_margin": 15.77,
            "gross_margin_4q_avg": 22.54,
            "net_income": -9446,
            "net_income_4q": null,
            "revenue": 218994,
            "revenue_4q": null,
            "common_shares": 322854,
            "book_valuer_per_share": 19.07,
            "book_valuer_per_share_4q_avg": 19.71,
            "equity": 622066,
            "current_ratio": 168.04,
            "debt_ratio": 52.41,
            "inventory_turnover_ratio": 0.41,
            "account_receivable_turnover_ratio": 0.86,
            "reinvestment_rate": 149.13,
            "research_to_sale_ratio": 3.12,
            "price_fair": 62.22,
            "eps_avg_yearly": 1.78,
            "eps_latest_yearly": 2.84,
            "eps_growth_yearly": 4473.44
        },
        "20223": {
            "year_quarter": 20223,
            "year": 2022,
            "quarter": 3,
            "eps": 0.53,
            "eps_growth_year": 430,
            "eps_4q": 0.51,
            "eps_4q_growth_year": 116.93,
            "roe": 2.6,
            "roe_4q": 2.9800000000000004,
            "gross_profit": 50327,
            "gross_margin": 30.31,
            "gross_margin_4q_avg": 23.15,
            "net_income": 16415,
            "net_income_4q": null,
            "revenue": 166057,
            "revenue_4q": null,
            "common_shares": 322854,
            "book_valuer_per_share": 19.56,
            "book_valuer_per_share_4q_avg": 19.88,
            "equity": 640685,
            "current_ratio": 171.72,
            "debt_ratio": 51.28,
            "inventory_turnover_ratio": 0.28,
            "account_receivable_turnover_ratio": 0.65,
            "reinvestment_rate": 181.74,
            "research_to_sale_ratio": 5.24,
            "price_fair": 59.68,
            "eps_avg_yearly": 1.71,
            "eps_latest_yearly": 2.84,
            "eps_growth_yearly": 5048.32
        },
        "20224": {
            "year_quarter": 20224,
            "year": 2022,
            "quarter": 4,
            "eps": 0.23,
            "eps_growth_year": -66.82,
            "eps_4q": 0.04,
            "eps_4q_growth_year": -95.99,
            "roe": 1.12,
            "roe_4q": 0.1200000000000001,
            "gross_profit": 85129,
            "gross_margin": 33.3,
            "gross_margin_4q_avg": 24.29,
            "net_income": 7200,
            "net_income_4q": null,
            "revenue": 255626,
            "revenue_4q": null,
            "common_shares": 322854,
            "book_valuer_per_share": 19.64,
            "book_valuer_per_share_4q_avg": 19.67,
            "equity": 642555,
            "current_ratio": 161.75,
            "debt_ratio": 54.72,
            "inventory_turnover_ratio": 0.46,
            "account_receivable_turnover_ratio": 1.03,
            "reinvestment_rate": 229.39,
            "research_to_sale_ratio": 8.64,
            "price_fair": 57.75,
            "eps_avg_yearly": 1.65,
            "eps_latest_yearly": 0.92,
            "eps_growth_yearly": 5041.21
        },
        "20231": {
            "year_quarter": 20231,
            "year": 2023,
            "quarter": 1,
            "eps": 0.21,
            "eps_growth_year": null,
            "eps_4q": 0.69,
            "eps_4q_growth_year": -12.92,
            "roe": 0.92,
            "roe_4q": 3.170000000000001,
            "gross_profit": 76755,
            "gross_margin": 34.79,
            "gross_margin_4q_avg": 28.54,
            "net_income": 5937,
            "net_income_4q": null,
            "revenue": 220654,
            "revenue_4q": null,
            "common_shares": 322854,
            "book_valuer_per_share": 19.87,
            "book_valuer_per_share_4q_avg": 19.54,
            "equity": 649410,
            "current_ratio": 171.58,
            "debt_ratio": 51.09,
            "inventory_turnover_ratio": 0.45,
            "account_receivable_turnover_ratio": 0.93,
            "reinvestment_rate": 225.97,
            "research_to_sale_ratio": 4.91,
            "price_fair": 61.25,
            "eps_avg_yearly": 1.75,
            "eps_latest_yearly": 0.84,
            "eps_growth_yearly": 5085.39
        },
        "20232": {
            "year_quarter": 20232,
            "year": 2023,
            "quarter": 2,
            "eps": 0.7,
            "eps_growth_year": null,
            "eps_4q": 1.68,
            "eps_4q_growth_year": 2634.6,
            "roe": 3.28,
            "roe_4q": 7.92,
            "gross_profit": 69833,
            "gross_margin": 35.34,
            "gross_margin_4q_avg": 33.44,
            "net_income": 21297,
            "net_income_4q": null,
            "revenue": 197599,
            "revenue_4q": null,
            "common_shares": 322854,
            "book_valuer_per_share": 19.87,
            "book_valuer_per_share_4q_avg": 19.74,
            "equity": 647989,
            "current_ratio": 187.78,
            "debt_ratio": 51.58,
            "inventory_turnover_ratio": 0.48,
            "account_receivable_turnover_ratio": 0.81,
            "reinvestment_rate": 245.27,
            "research_to_sale_ratio": 5.46,
            "price_fair": 56.88,
            "eps_avg_yearly": 1.63,
            "eps_latest_yearly": 2.8,
            "eps_growth_yearly": 502.05
        },
        "20233": {
            "year_quarter": 20233,
            "year": 2023,
            "quarter": 3,
            "eps": 1.49,
            "eps_growth_year": 181.13,
            "eps_4q": 2.63,
            "eps_4q_growth_year": 413.55,
            "roe": 6.99,
            "roe_4q": 12.309999999999999,
            "gross_profit": 93175,
            "gross_margin": 38.17,
            "gross_margin_4q_avg": 35.4,
            "net_income": 47339,
            "net_income_4q": null,
            "revenue": 244093,
            "revenue_4q": null,
            "common_shares": 322854,
            "book_valuer_per_share": 21.69,
            "book_valuer_per_share_4q_avg": 20.27,
            "equity": 705950,
            "current_ratio": 192.74,
            "debt_ratio": 50,
            "inventory_turnover_ratio": 0.62,
            "account_receivable_turnover_ratio": 0.9,
            "reinvestment_rate": 196.35,
            "research_to_sale_ratio": 4.07,
            "price_fair": 70.18,
            "eps_avg_yearly": 2.01,
            "eps_latest_yearly": 5.96,
            "eps_growth_yearly": 570.06
        },
        "20234": {
            "year_quarter": 20234,
            "year": 2023,
            "quarter": 4,
            "eps": -0.72,
            "eps_growth_year": -408.14,
            "eps_4q": 1.69,
            "eps_4q_growth_year": 4219.25,
            "roe": -3.32,
            "roe_4q": 7.87,
            "gross_profit": 62981,
            "gross_margin": 39.54,
            "gross_margin_4q_avg": 36.96,
            "net_income": -23049,
            "net_income_4q": null,
            "revenue": 159267,
            "revenue_4q": null,
            "common_shares": 322854,
            "book_valuer_per_share": 21.13,
            "book_valuer_per_share_4q_avg": 20.64,
            "equity": 682036,
            "current_ratio": 186.37,
            "debt_ratio": 52.87,
            "inventory_turnover_ratio": 0.37,
            "account_receivable_turnover_ratio": 0.58,
            "reinvestment_rate": 227.56,
            "research_to_sale_ratio": 1.95,
            "price_fair": 70.18,
            "eps_avg_yearly": 2.01,
            "eps_latest_yearly": 5.96,
            "eps_growth_yearly": 570.06
        }
    },
    "months": {
        "2012-12": {
            "month": "2012-12",
            "price": "56.77",
            "revenue": 34880
        },
        "2013-01": {
            "month": "2013-01",
            "price": "51.25",
            "revenue": 49094
        },
        "2013-02": {
            "month": "2013-02",
            "price": "44.36",
            "revenue": 16881
        },
        "2013-03": {
            "month": "2013-03",
            "price": "45.01",
            "revenue": 111877
        },
        "2013-04": {
            "month": "2013-04",
            "price": "48.84",
            "revenue": 93208
        },
        "2013-05": {
            "month": "2013-05",
            "price": "54.32",
            "revenue": 45866
        },
        "2013-06": {
            "month": "2013-06",
            "price": "61.47",
            "revenue": 42604
        },
        "2013-07": {
            "month": "2013-07",
            "price": "61.01",
            "revenue": 54367
        },
        "2013-08": {
            "month": "2013-08",
            "price": "57.25",
            "revenue": 68384
        },
        "2013-09": {
            "month": "2013-09",
            "price": "58.70",
            "revenue": 88962
        },
        "2013-10": {
            "month": "2013-10",
            "price": "57.29",
            "revenue": 55102
        },
        "2013-11": {
            "month": "2013-11",
            "price": "56.98",
            "revenue": 41634
        },
        "2013-12": {
            "month": "2013-12",
            "price": "55.11",
            "revenue": 102103
        },
        "2014-01": {
            "month": "2014-01",
            "price": "57.22",
            "revenue": 60711
        },
        "2014-02": {
            "month": "2014-02",
            "price": "66.66",
            "revenue": 24590
        },
        "2014-03": {
            "month": "2014-03",
            "price": "77.58",
            "revenue": 109923
        },
        "2014-04": {
            "month": "2014-04",
            "price": "85.20",
            "revenue": 47395
        },
        "2014-05": {
            "month": "2014-05",
            "price": "78.63",
            "revenue": 55975
        },
        "2014-06": {
            "month": "2014-06",
            "price": "83.20",
            "revenue": 54375
        },
        "2014-07": {
            "month": "2014-07",
            "price": "81.18",
            "revenue": 56692
        },
        "2014-08": {
            "month": "2014-08",
            "price": "61.32",
            "revenue": 61530
        },
        "2014-09": {
            "month": "2014-09",
            "price": "63.46",
            "revenue": 98318
        },
        "2014-10": {
            "month": "2014-10",
            "price": "55.52",
            "revenue": 60086
        },
        "2014-11": {
            "month": "2014-11",
            "price": "54.76",
            "revenue": 41728
        },
        "2014-12": {
            "month": "2014-12",
            "price": "56.95",
            "revenue": 83839
        },
        "2015-01": {
            "month": "2015-01",
            "price": "56.98",
            "revenue": 51484
        },
        "2015-02": {
            "month": "2015-02",
            "price": "54.24",
            "revenue": 24635
        },
        "2015-03": {
            "month": "2015-03",
            "price": "54.63",
            "revenue": 47648
        },
        "2015-04": {
            "month": "2015-04",
            "price": "54.71",
            "revenue": 30633
        },
        "2015-05": {
            "month": "2015-05",
            "price": "43.58",
            "revenue": 44352
        },
        "2015-06": {
            "month": "2015-06",
            "price": "36.19",
            "revenue": 62042
        },
        "2015-07": {
            "month": "2015-07",
            "price": "32.52",
            "revenue": 26899
        },
        "2015-08": {
            "month": "2015-08",
            "price": "20.34",
            "revenue": 64136
        },
        "2015-09": {
            "month": "2015-09",
            "price": "21.75",
            "revenue": 60602
        },
        "2015-10": {
            "month": "2015-10",
            "price": "22.61",
            "revenue": 26249
        },
        "2015-11": {
            "month": "2015-11",
            "price": "20.94",
            "revenue": 15239
        },
        "2015-12": {
            "month": "2015-12",
            "price": "19.80",
            "revenue": 29997
        },
        "2016-01": {
            "month": "2016-01",
            "price": "18.13",
            "revenue": 24923
        },
        "2016-02": {
            "month": "2016-02",
            "price": "18.09",
            "revenue": 10610
        },
        "2016-03": {
            "month": "2016-03",
            "price": "18.99",
            "revenue": 38801
        },
        "2016-04": {
            "month": "2016-04",
            "price": "17.93",
            "revenue": 14051
        },
        "2016-05": {
            "month": "2016-05",
            "price": "17.25",
            "revenue": 10920
        },
        "2016-06": {
            "month": "2016-06",
            "price": "17.86",
            "revenue": 30508
        },
        "2016-07": {
            "month": "2016-07",
            "price": "16.90",
            "revenue": 35340
        },
        "2016-08": {
            "month": "2016-08",
            "price": "16.48",
            "revenue": 20794
        },
        "2016-09": {
            "month": "2016-09",
            "price": "16.08",
            "revenue": 29038
        },
        "2016-10": {
            "month": "2016-10",
            "price": "15.84",
            "revenue": 14015
        },
        "2016-11": {
            "month": "2016-11",
            "price": "16.32",
            "revenue": 47118
        },
        "2016-12": {
            "month": "2016-12",
            "price": "16.68",
            "revenue": 23398
        },
        "2017-01": {
            "month": "2017-01",
            "price": "18.04",
            "revenue": 23302
        },
        "2017-02": {
            "month": "2017-02",
            "price": "20.22",
            "revenue": 33831
        },
        "2017-03": {
            "month": "2017-03",
            "price": "27.25",
            "revenue": 39144
        },
        "2017-04": {
            "month": "2017-04",
            "price": "25.92",
            "revenue": 51729
        },
        "2017-05": {
            "month": "2017-05",
            "price": "31.12",
            "revenue": 49894
        },
        "2017-06": {
            "month": "2017-06",
            "price": "34.93",
            "revenue": 64028
        },
        "2017-07": {
            "month": "2017-07",
            "price": "33.55",
            "revenue": 50700
        },
        "2017-08": {
            "month": "2017-08",
            "price": "33.51",
            "revenue": 48133
        },
        "2017-09": {
            "month": "2017-09",
            "price": "34.34",
            "revenue": 65135
        },
        "2017-10": {
            "month": "2017-10",
            "price": "35.07",
            "revenue": 58867
        },
        "2017-11": {
            "month": "2017-11",
            "price": "34.07",
            "revenue": 58358
        },
        "2017-12": {
            "month": "2017-12",
            "price": "33.12",
            "revenue": 40024
        },
        "2018-01": {
            "month": "2018-01",
            "price": "29.95",
            "revenue": 45618
        },
        "2018-02": {
            "month": "2018-02",
            "price": "28.64",
            "revenue": 31129
        },
        "2018-03": {
            "month": "2018-03",
            "price": "28.94",
            "revenue": 34560
        },
        "2018-04": {
            "month": "2018-04",
            "price": "28.09",
            "revenue": 35860
        },
        "2018-05": {
            "month": "2018-05",
            "price": "24.26",
            "revenue": 60500
        },
        "2018-06": {
            "month": "2018-06",
            "price": "26.16",
            "revenue": 60327
        },
        "2018-07": {
            "month": "2018-07",
            "price": "24.44",
            "revenue": 61757
        },
        "2018-08": {
            "month": "2018-08",
            "price": "24.97",
            "revenue": 65535
        },
        "2018-09": {
            "month": "2018-09",
            "price": "23.30",
            "revenue": 64004
        },
        "2018-10": {
            "month": "2018-10",
            "price": "21.14",
            "revenue": 56552
        },
        "2018-11": {
            "month": "2018-11",
            "price": "22.78",
            "revenue": 26302
        },
        "2018-12": {
            "month": "2018-12",
            "price": "23.35",
            "revenue": 31246
        },
        "2019-01": {
            "month": "2019-01",
            "price": "23.24",
            "revenue": 46697
        },
        "2019-02": {
            "month": "2019-02",
            "price": "22.21",
            "revenue": 21208
        },
        "2019-03": {
            "month": "2019-03",
            "price": "22.44",
            "revenue": 49980
        },
        "2019-04": {
            "month": "2019-04",
            "price": "22.32",
            "revenue": 52231
        },
        "2019-05": {
            "month": "2019-05",
            "price": "21.91",
            "revenue": 62029
        },
        "2019-06": {
            "month": "2019-06",
            "price": "21.62",
            "revenue": 74872
        },
        "2019-07": {
            "month": "2019-07",
            "price": "23.30",
            "revenue": 63543
        },
        "2019-08": {
            "month": "2019-08",
            "price": "25.05",
            "revenue": 69172
        },
        "2019-09": {
            "month": "2019-09",
            "price": "27.12",
            "revenue": 71994
        },
        "2019-10": {
            "month": "2019-10",
            "price": "26.97",
            "revenue": 58032
        },
        "2019-11": {
            "month": "2019-11",
            "price": "26.37",
            "revenue": 51741
        },
        "2019-12": {
            "month": "2019-12",
            "price": "26.32",
            "revenue": 46868
        },
        "2020-01": {
            "month": "2020-01",
            "price": "27.26",
            "revenue": 47472
        },
        "2020-02": {
            "month": "2020-02",
            "price": "26.62",
            "revenue": 26195
        },
        "2020-03": {
            "month": "2020-03",
            "price": "22.85",
            "revenue": 45558
        },
        "2020-04": {
            "month": "2020-04",
            "price": "20.46",
            "revenue": 36615
        },
        "2020-05": {
            "month": "2020-05",
            "price": "22.70",
            "revenue": 34929
        },
        "2020-06": {
            "month": "2020-06",
            "price": "24.23",
            "revenue": 65040
        },
        "2020-07": {
            "month": "2020-07",
            "price": "22.24",
            "revenue": 42559
        },
        "2020-08": {
            "month": "2020-08",
            "price": "20.87",
            "revenue": 65342
        },
        "2020-09": {
            "month": "2020-09",
            "price": "21.55",
            "revenue": 65274
        },
        "2020-10": {
            "month": "2020-10",
            "price": "21.13",
            "revenue": 33825
        },
        "2020-11": {
            "month": "2020-11",
            "price": "20.98",
            "revenue": 42834
        },
        "2020-12": {
            "month": "2020-12",
            "price": "21.64",
            "revenue": 43481
        },
        "2021-01": {
            "month": "2021-01",
            "price": "22.11",
            "revenue": 31999
        },
        "2021-02": {
            "month": "2021-02",
            "price": "23.36",
            "revenue": 24288
        },
        "2021-03": {
            "month": "2021-03",
            "price": "23.87",
            "revenue": 34317
        },
        "2021-04": {
            "month": "2021-04",
            "price": "24.43",
            "revenue": 45947
        },
        "2021-05": {
            "month": "2021-05",
            "price": "21.89",
            "revenue": 54816
        },
        "2021-06": {
            "month": "2021-06",
            "price": "23.53",
            "revenue": 91658
        },
        "2021-07": {
            "month": "2021-07",
            "price": "27.01",
            "revenue": 30311
        },
        "2021-08": {
            "month": "2021-08",
            "price": "27.85",
            "revenue": 37404
        },
        "2021-09": {
            "month": "2021-09",
            "price": "26.12",
            "revenue": 85287
        },
        "2021-10": {
            "month": "2021-10",
            "price": "26.68",
            "revenue": 59991
        },
        "2021-11": {
            "month": "2021-11",
            "price": "26.74",
            "revenue": 79281
        },
        "2021-12": {
            "month": "2021-12",
            "price": "26.92",
            "revenue": 98615
        },
        "2022-01": {
            "month": "2022-01",
            "price": "29.24",
            "revenue": 30420
        },
        "2022-02": {
            "month": "2022-02",
            "price": "28.11",
            "revenue": 29466
        },
        "2022-03": {
            "month": "2022-03",
            "price": "26.59",
            "revenue": 67132
        },
        "2022-04": {
            "month": "2022-04",
            "price": "27.08",
            "revenue": 61678
        },
        "2022-05": {
            "month": "2022-05",
            "price": "27.57",
            "revenue": 77006
        },
        "2022-06": {
            "month": "2022-06",
            "price": "26.56",
            "revenue": 75638
        },
        "2022-07": {
            "month": "2022-07",
            "price": "24.35",
            "revenue": 47192
        },
        "2022-08": {
            "month": "2022-08",
            "price": "24.43",
            "revenue": 51910
        },
        "2022-09": {
            "month": "2022-09",
            "price": "24.15",
            "revenue": 78189
        },
        "2022-10": {
            "month": "2022-10",
            "price": "23.68",
            "revenue": 85997
        },
        "2022-11": {
            "month": "2022-11",
            "price": "24.52",
            "revenue": 66183
        },
        "2022-12": {
            "month": "2022-12",
            "price": "25.24",
            "revenue": 98864
        },
        "2023-01": {
            "month": "2023-01",
            "price": "25.85",
            "revenue": 67236
        },
        "2023-02": {
            "month": "2023-02",
            "price": "25.97",
            "revenue": 73813
        },
        "2023-03": {
            "month": "2023-03",
            "price": "26.90",
            "revenue": 74757
        },
        "2023-04": {
            "month": "2023-04",
            "price": "27.86",
            "revenue": 43810
        },
        "2023-05": {
            "month": "2023-05",
            "price": "26.50",
            "revenue": 71953
        },
        "2023-06": {
            "month": "2023-06",
            "price": "26.57",
            "revenue": 82500
        },
        "2023-07": {
            "month": "2023-07",
            "price": "26.77",
            "revenue": 83835
        },
        "2023-08": {
            "month": "2023-08",
            "price": "34.60",
            "revenue": 60751
        },
        "2023-09": {
            "month": "2023-09",
            "price": "67.56",
            "revenue": 77979
        },
        "2023-10": {
            "month": "2023-10",
            "price": "63.66",
            "revenue": 54813
        },
        "2023-11": {
            "month": "2023-11",
            "price": "60.20",
            "revenue": 51445
        },
        "2023-12": {
            "month": "2023-12",
            "price": "57.06",
            "revenue": 73315
        }
    }
}
