{
    "summary": {
        "stock_name": "萬在",
        "stock_id": "4543",
        "category": "電機機械",
        "main_business": "各種熱交換器之製造加工及買賣<br>其他鋁製品模具之製造加工及買賣",
        "website_url": "http://www.manzai.com.tw",
        "ceo": "萬正乾",
        "pe_ratio": 15,
        "report_year_from": 2012,
        "report_year_to": 2023,
        "age": 11,
        "eps_negative_percentage": 11,
        "eps_growth_avg": {
            "last_all": -7.12,
            "last_2y": 52.53,
            "last_4y": 18.9,
            "last_8y": null,
            "last_12y": null,
            "last_16y": null,
            "last_20y": null,
            "at_2006_last_3y": null,
            "at_2007_last_3y": null,
            "at_2008_last_3y": null,
            "at_2009_last_3y": null,
            "at_2010_last_3y": null,
            "at_2011_last_3y": null,
            "at_2012_last_3y": null,
            "at_2013_last_3y": null,
            "at_2014_last_3y": null,
            "at_2015_last_3y": null,
            "at_2016_last_3y": null,
            "at_2017_last_3y": null,
            "at_2018_last_3y": null,
            "at_2019_last_3y": -66.76,
            "at_2020_last_3y": -74.8,
            "at_2021_last_3y": -8.13,
            "at_2022_last_3y": 18.9,
            "at_2023_last_3y": 18.9,
            "at_2006_last_all": null,
            "at_2007_last_all": null,
            "at_2008_last_all": null,
            "at_2009_last_all": null,
            "at_2010_last_all": null,
            "at_2011_last_all": null,
            "at_2012_last_all": null,
            "at_2013_last_all": null,
            "at_2014_last_all": null,
            "at_2015_last_all": null,
            "at_2016_last_all": null,
            "at_2017_last_all": -59.16,
            "at_2018_last_all": -59.16,
            "at_2019_last_all": -66.76,
            "at_2020_last_all": -60.68,
            "at_2021_last_all": -28.54,
            "at_2022_last_all": -7.12,
            "at_2023_last_all": -7.12
        },
        "latest_eps": 2.57,
        "latest_price": 38.5,
        "latest_roe": 8.89,
        "latest_gross_margin": 29.32,
        "latest_equity": 1659394,
        "latest_revenue": 255988,
        "latest_gross_profit": 75054,
        "latest_net_income": 54288,
        "latest_debt_ratio": 33.83,
        "latest_current_ratio": 196.58,
        "latest_account_receivable_turnover_ratio": 1.08,
        "latest_inventory_turnover_ratio": 0.7,
        "latest_reinvestment_rate": 82.53,
        "latest_research_to_sale_ratio": 1.62
    },
    "eps_dividends": {
        "2001": {
            "cash": 0,
            "stock": 0,
            "eps": 0
        },
        "2002": {
            "cash": 0,
            "stock": 0,
            "eps": 0
        },
        "2003": {
            "cash": 0,
            "stock": 0,
            "eps": 0
        },
        "2004": {
            "cash": 0,
            "stock": 0,
            "eps": 0
        },
        "2005": {
            "cash": 0,
            "stock": 0,
            "eps": 0
        },
        "2006": {
            "cash": 0,
            "stock": 0,
            "eps": 0
        },
        "2007": {
            "cash": 0,
            "stock": 0,
            "eps": 0
        },
        "2008": {
            "cash": 0,
            "stock": 0,
            "eps": 0
        },
        "2009": {
            "cash": 0,
            "stock": 0,
            "eps": 0
        },
        "2010": {
            "cash": 0,
            "stock": 0,
            "eps": 0
        },
        "2011": {
            "cash": 0,
            "stock": 0,
            "eps": 0
        },
        "2012": {
            "cash": 0,
            "stock": 0,
            "eps": 0
        },
        "2013": {
            "cash": 0.1,
            "stock": 0,
            "eps": 0
        },
        "2014": {
            "cash": 0.3,
            "stock": 1.2,
            "eps": 0
        },
        "2015": {
            "cash": 1,
            "stock": 0.5,
            "eps": 1.31
        },
        "2016": {
            "cash": 1.2,
            "stock": 0,
            "eps": 1.07
        },
        "2017": {
            "cash": 0.4,
            "stock": 0,
            "eps": -0.26
        },
        "2018": {
            "cash": 0.3,
            "stock": 0,
            "eps": 1.83
        },
        "2019": {
            "cash": 1,
            "stock": 0,
            "eps": 0.33
        },
        "2020": {
            "cash": 0.7,
            "stock": 0,
            "eps": 0.19
        },
        "2021": {
            "cash": 0,
            "stock": 0,
            "eps": 0.53
        },
        "2022": {
            "cash": 0,
            "stock": 0,
            "eps": 2.48
        },
        "2023": {
            "cash": 1.2,
            "stock": 0,
            "eps": 1.6
        }
    },
    "dividends": {
        "2013-06-07": {
            "cash": 0.1,
            "stock": 0
        },
        "2014-05-23": {
            "cash": 0.3,
            "stock": 1.2
        },
        "2015-10-08": {
            "cash": 1,
            "stock": 0.5
        },
        "2016-08-18": {
            "cash": 1.2,
            "stock": 0
        },
        "2017-08-15": {
            "cash": 0.4,
            "stock": 0
        },
        "2018-08-20": {
            "cash": 0.3,
            "stock": 0
        },
        "2019-08-20": {
            "cash": 1,
            "stock": 0
        },
        "2020-08-20": {
            "cash": 0.7,
            "stock": 0
        },
        "2023-08-15": {
            "cash": 1.2,
            "stock": 0
        }
    },
    "prices": {
        "200101": "無",
        "200102": "無",
        "200103": "無",
        "200104": "無",
        "200105": "無",
        "200106": "無",
        "200107": "無",
        "200108": "無",
        "200109": "無",
        "200110": "無",
        "200111": "無",
        "200112": "無",
        "200201": "無",
        "200202": "無",
        "200203": "無",
        "200204": "無",
        "200205": "無",
        "200206": "無",
        "200207": "無",
        "200208": "無",
        "200209": "無",
        "200210": "無",
        "200211": "無",
        "200212": "無",
        "200301": "無",
        "200302": "無",
        "200303": "無",
        "200304": "無",
        "200305": "無",
        "200306": "無",
        "200307": "無",
        "200308": "無",
        "200309": "無",
        "200310": "無",
        "200311": "無",
        "200312": "無",
        "200401": "無",
        "200402": "無",
        "200403": "無",
        "200404": "無",
        "200405": "無",
        "200406": "無",
        "200407": "無",
        "200408": "無",
        "200409": "無",
        "200410": "無",
        "200411": "無",
        "200412": "無",
        "200501": "無",
        "200502": "無",
        "200503": "無",
        "200504": "無",
        "200505": "無",
        "200506": "無",
        "200507": "無",
        "200508": "無",
        "200509": "無",
        "200510": "無",
        "200511": "無",
        "200512": "無",
        "200601": "無",
        "200602": "無",
        "200603": "無",
        "200604": "無",
        "200605": "無",
        "200606": "無",
        "200607": "無",
        "200608": "無",
        "200609": "無",
        "200610": "無",
        "200611": "無",
        "200612": "無",
        "200701": "無",
        "200702": "無",
        "200703": "無",
        "200704": "無",
        "200705": "無",
        "200706": "無",
        "200707": "無",
        "200708": "無",
        "200709": "無",
        "200710": "無",
        "200711": "無",
        "200712": "無",
        "200801": "無",
        "200802": "無",
        "200803": "無",
        "200804": "無",
        "200805": "無",
        "200806": "無",
        "200807": "無",
        "200808": "無",
        "200809": "無",
        "200810": "無",
        "200811": "無",
        "200812": "無",
        "200901": "無",
        "200902": "無",
        "200903": "無",
        "200904": "無",
        "200905": "無",
        "200906": "無",
        "200907": "無",
        "200908": "無",
        "200909": "無",
        "200910": "無",
        "200911": "無",
        "200912": "無",
        "201001": "無",
        "201002": "無",
        "201003": "無",
        "201004": "無",
        "201005": "無",
        "201006": "無",
        "201007": "無",
        "201008": "無",
        "201009": "無",
        "201010": "無",
        "201011": "無",
        "201012": "無",
        "201101": "無",
        "201102": "無",
        "201103": "無",
        "201104": "無",
        "201105": "無",
        "201106": "無",
        "201107": "無",
        "201108": "無",
        "201109": "無",
        "201110": "無",
        "201111": "無",
        "201112": "無",
        "201201": "無",
        "201202": "無",
        "201203": "無",
        "201204": "無",
        "201205": "無",
        "201206": "無",
        "201207": "無",
        "201208": "無",
        "201209": "無",
        "201210": "無",
        "201211": "無",
        "201212": "無",
        "201301": "無",
        "201302": "無",
        "201303": "無",
        "201304": "無",
        "201305": "無",
        "201306": "無",
        "201307": "無",
        "201308": "無",
        "201309": "無",
        "201310": "無",
        "201311": "無",
        "201312": "無",
        "201401": "無",
        "201402": "無",
        "201403": "無",
        "201404": "無",
        "201405": "無",
        "201406": "無",
        "201407": "無",
        "201408": "無",
        "201409": "無",
        "201410": "47.74",
        "201411": "39.88",
        "201412": "41.27",
        "201501": "52.42",
        "201502": "58.83",
        "201503": "57.60",
        "201504": "57.76",
        "201505": "54.31",
        "201506": "47.92",
        "201507": "44.02",
        "201508": "41.37",
        "201509": "39.86",
        "201510": "39.03",
        "201511": "40.92",
        "201512": "41.50",
        "201601": "36.45",
        "201602": "35.25",
        "201603": "31.36",
        "201604": "30.54",
        "201605": "26.77",
        "201606": "24.46",
        "201607": "23.15",
        "201608": "23.19",
        "201609": "23.64",
        "201610": "22.25",
        "201611": "21.52",
        "201612": "20.51",
        "201701": "20.72",
        "201702": "22.36",
        "201703": "22.07",
        "201704": "20.28",
        "201705": "19.43",
        "201706": "19.74",
        "201707": "19.97",
        "201708": "20.52",
        "201709": "20.98",
        "201710": "19.92",
        "201711": "19.34",
        "201712": "18.85",
        "201801": "18.74",
        "201802": "18.49",
        "201803": "19.06",
        "201804": "19.22",
        "201805": "19.41",
        "201806": "21.43",
        "201807": "22.52",
        "201808": "24.84",
        "201809": "24.09",
        "201810": "19.75",
        "201811": "18.80",
        "201812": "18.56",
        "201901": "20.70",
        "201902": "20.46",
        "201903": "20.56",
        "201904": "21.54",
        "201905": "21.43",
        "201906": "20.33",
        "201907": "20.17",
        "201908": "19.94",
        "201909": "19.52",
        "201910": "19.09",
        "201911": "18.66",
        "201912": "18.14",
        "202001": "18.18",
        "202002": "17.55",
        "202003": "14.27",
        "202004": "15.12",
        "202005": "15.48",
        "202006": "15.05",
        "202007": "14.63",
        "202008": "14.61",
        "202009": "16.15",
        "202010": "15.78",
        "202011": "15.56",
        "202012": "15.92",
        "202101": "15.90",
        "202102": "15.95",
        "202103": "16.08",
        "202104": "16.43",
        "202105": "15.68",
        "202106": "15.90",
        "202107": "16.95",
        "202108": "16.73",
        "202109": "18.40",
        "202110": "18.77",
        "202111": "18.79",
        "202112": "18.75",
        "202201": "18.54",
        "202202": "18.85",
        "202203": "18.39",
        "202204": "17.77",
        "202205": "18.37",
        "202206": "22.23",
        "202207": "24.40",
        "202208": "30.48",
        "202209": "27.72",
        "202210": "22.71",
        "202211": "24.28",
        "202212": "24.70",
        "202301": "23.18",
        "202302": "24.21",
        "202303": "28.02",
        "202304": "27.91",
        "202305": "30.31",
        "202306": "56.49",
        "202307": "56.35",
        "202308": "44.16",
        "202309": "40.97",
        "202310": "41.10"
    },
    "quarters": {
        "20011": {
            "year_quarter": 20011,
            "year": 2001,
            "quarter": 1,
            "eps": null,
            "eps_growth_year": null,
            "eps_4q": null,
            "eps_4q_growth_year": null,
            "roe": null,
            "roe_4q": 0,
            "gross_profit": null,
            "gross_margin": null,
            "gross_margin_4q_avg": 0,
            "net_income": null,
            "net_income_4q": null,
            "revenue": null,
            "revenue_4q": null,
            "common_shares": null,
            "book_valuer_per_share": null,
            "book_valuer_per_share_4q_avg": 0,
            "equity": null,
            "current_ratio": null,
            "debt_ratio": null,
            "inventory_turnover_ratio": null,
            "account_receivable_turnover_ratio": null,
            "reinvestment_rate": null,
            "research_to_sale_ratio": null,
            "price_fair": 0,
            "eps_avg_yearly": 0,
            "eps_latest_yearly": 0,
            "eps_growth_yearly": 0
        },
        "20012": {
            "year_quarter": 20012,
            "year": 2001,
            "quarter": 2,
            "eps": null,
            "eps_growth_year": null,
            "eps_4q": null,
            "eps_4q_growth_year": null,
            "roe": null,
            "roe_4q": 0,
            "gross_profit": null,
            "gross_margin": null,
            "gross_margin_4q_avg": 0,
            "net_income": null,
            "net_income_4q": null,
            "revenue": null,
            "revenue_4q": null,
            "common_shares": null,
            "book_valuer_per_share": null,
            "book_valuer_per_share_4q_avg": 0,
            "equity": null,
            "current_ratio": null,
            "debt_ratio": null,
            "inventory_turnover_ratio": null,
            "account_receivable_turnover_ratio": null,
            "reinvestment_rate": null,
            "research_to_sale_ratio": null,
            "price_fair": 0,
            "eps_avg_yearly": 0,
            "eps_latest_yearly": 0,
            "eps_growth_yearly": 0
        },
        "20013": {
            "year_quarter": 20013,
            "year": 2001,
            "quarter": 3,
            "eps": null,
            "eps_growth_year": null,
            "eps_4q": null,
            "eps_4q_growth_year": null,
            "roe": null,
            "roe_4q": 0,
            "gross_profit": null,
            "gross_margin": null,
            "gross_margin_4q_avg": 0,
            "net_income": null,
            "net_income_4q": null,
            "revenue": null,
            "revenue_4q": null,
            "common_shares": null,
            "book_valuer_per_share": null,
            "book_valuer_per_share_4q_avg": 0,
            "equity": null,
            "current_ratio": null,
            "debt_ratio": null,
            "inventory_turnover_ratio": null,
            "account_receivable_turnover_ratio": null,
            "reinvestment_rate": null,
            "research_to_sale_ratio": null,
            "price_fair": 0,
            "eps_avg_yearly": 0,
            "eps_latest_yearly": 0,
            "eps_growth_yearly": 0
        },
        "20014": {
            "year_quarter": 20014,
            "year": 2001,
            "quarter": 4,
            "eps": null,
            "eps_growth_year": null,
            "eps_4q": null,
            "eps_4q_growth_year": null,
            "roe": null,
            "roe_4q": 0,
            "gross_profit": null,
            "gross_margin": null,
            "gross_margin_4q_avg": 0,
            "net_income": null,
            "net_income_4q": null,
            "revenue": null,
            "revenue_4q": null,
            "common_shares": null,
            "book_valuer_per_share": null,
            "book_valuer_per_share_4q_avg": 0,
            "equity": null,
            "current_ratio": null,
            "debt_ratio": null,
            "inventory_turnover_ratio": null,
            "account_receivable_turnover_ratio": null,
            "reinvestment_rate": null,
            "research_to_sale_ratio": null,
            "price_fair": 0,
            "eps_avg_yearly": 0,
            "eps_latest_yearly": 0,
            "eps_growth_yearly": 0
        },
        "20021": {
            "year_quarter": 20021,
            "year": 2002,
            "quarter": 1,
            "eps": null,
            "eps_growth_year": null,
            "eps_4q": null,
            "eps_4q_growth_year": null,
            "roe": null,
            "roe_4q": 0,
            "gross_profit": null,
            "gross_margin": null,
            "gross_margin_4q_avg": 0,
            "net_income": null,
            "net_income_4q": null,
            "revenue": null,
            "revenue_4q": null,
            "common_shares": null,
            "book_valuer_per_share": null,
            "book_valuer_per_share_4q_avg": 0,
            "equity": null,
            "current_ratio": null,
            "debt_ratio": null,
            "inventory_turnover_ratio": null,
            "account_receivable_turnover_ratio": null,
            "reinvestment_rate": null,
            "research_to_sale_ratio": null,
            "price_fair": 0,
            "eps_avg_yearly": 0,
            "eps_latest_yearly": 0,
            "eps_growth_yearly": 0
        },
        "20022": {
            "year_quarter": 20022,
            "year": 2002,
            "quarter": 2,
            "eps": null,
            "eps_growth_year": null,
            "eps_4q": null,
            "eps_4q_growth_year": null,
            "roe": null,
            "roe_4q": 0,
            "gross_profit": null,
            "gross_margin": null,
            "gross_margin_4q_avg": 0,
            "net_income": null,
            "net_income_4q": null,
            "revenue": null,
            "revenue_4q": null,
            "common_shares": null,
            "book_valuer_per_share": null,
            "book_valuer_per_share_4q_avg": 0,
            "equity": null,
            "current_ratio": null,
            "debt_ratio": null,
            "inventory_turnover_ratio": null,
            "account_receivable_turnover_ratio": null,
            "reinvestment_rate": null,
            "research_to_sale_ratio": null,
            "price_fair": 0,
            "eps_avg_yearly": 0,
            "eps_latest_yearly": 0,
            "eps_growth_yearly": 0
        },
        "20023": {
            "year_quarter": 20023,
            "year": 2002,
            "quarter": 3,
            "eps": null,
            "eps_growth_year": null,
            "eps_4q": null,
            "eps_4q_growth_year": null,
            "roe": null,
            "roe_4q": 0,
            "gross_profit": null,
            "gross_margin": null,
            "gross_margin_4q_avg": 0,
            "net_income": null,
            "net_income_4q": null,
            "revenue": null,
            "revenue_4q": null,
            "common_shares": null,
            "book_valuer_per_share": null,
            "book_valuer_per_share_4q_avg": 0,
            "equity": null,
            "current_ratio": null,
            "debt_ratio": null,
            "inventory_turnover_ratio": null,
            "account_receivable_turnover_ratio": null,
            "reinvestment_rate": null,
            "research_to_sale_ratio": null,
            "price_fair": 0,
            "eps_avg_yearly": 0,
            "eps_latest_yearly": 0,
            "eps_growth_yearly": 0
        },
        "20024": {
            "year_quarter": 20024,
            "year": 2002,
            "quarter": 4,
            "eps": null,
            "eps_growth_year": null,
            "eps_4q": null,
            "eps_4q_growth_year": null,
            "roe": null,
            "roe_4q": 0,
            "gross_profit": null,
            "gross_margin": null,
            "gross_margin_4q_avg": 0,
            "net_income": null,
            "net_income_4q": null,
            "revenue": null,
            "revenue_4q": null,
            "common_shares": null,
            "book_valuer_per_share": null,
            "book_valuer_per_share_4q_avg": 0,
            "equity": null,
            "current_ratio": null,
            "debt_ratio": null,
            "inventory_turnover_ratio": null,
            "account_receivable_turnover_ratio": null,
            "reinvestment_rate": null,
            "research_to_sale_ratio": null,
            "price_fair": 0,
            "eps_avg_yearly": 0,
            "eps_latest_yearly": 0,
            "eps_growth_yearly": 0
        },
        "20031": {
            "year_quarter": 20031,
            "year": 2003,
            "quarter": 1,
            "eps": null,
            "eps_growth_year": null,
            "eps_4q": null,
            "eps_4q_growth_year": null,
            "roe": null,
            "roe_4q": 0,
            "gross_profit": null,
            "gross_margin": null,
            "gross_margin_4q_avg": 0,
            "net_income": null,
            "net_income_4q": null,
            "revenue": null,
            "revenue_4q": null,
            "common_shares": null,
            "book_valuer_per_share": null,
            "book_valuer_per_share_4q_avg": 0,
            "equity": null,
            "current_ratio": null,
            "debt_ratio": null,
            "inventory_turnover_ratio": null,
            "account_receivable_turnover_ratio": null,
            "reinvestment_rate": null,
            "research_to_sale_ratio": null,
            "price_fair": 0,
            "eps_avg_yearly": 0,
            "eps_latest_yearly": 0,
            "eps_growth_yearly": 0
        },
        "20032": {
            "year_quarter": 20032,
            "year": 2003,
            "quarter": 2,
            "eps": null,
            "eps_growth_year": null,
            "eps_4q": null,
            "eps_4q_growth_year": null,
            "roe": null,
            "roe_4q": 0,
            "gross_profit": null,
            "gross_margin": null,
            "gross_margin_4q_avg": 0,
            "net_income": null,
            "net_income_4q": null,
            "revenue": null,
            "revenue_4q": null,
            "common_shares": null,
            "book_valuer_per_share": null,
            "book_valuer_per_share_4q_avg": 0,
            "equity": null,
            "current_ratio": null,
            "debt_ratio": null,
            "inventory_turnover_ratio": null,
            "account_receivable_turnover_ratio": null,
            "reinvestment_rate": null,
            "research_to_sale_ratio": null,
            "price_fair": 0,
            "eps_avg_yearly": 0,
            "eps_latest_yearly": 0,
            "eps_growth_yearly": 0
        },
        "20033": {
            "year_quarter": 20033,
            "year": 2003,
            "quarter": 3,
            "eps": null,
            "eps_growth_year": null,
            "eps_4q": null,
            "eps_4q_growth_year": null,
            "roe": null,
            "roe_4q": 0,
            "gross_profit": null,
            "gross_margin": null,
            "gross_margin_4q_avg": 0,
            "net_income": null,
            "net_income_4q": null,
            "revenue": null,
            "revenue_4q": null,
            "common_shares": null,
            "book_valuer_per_share": null,
            "book_valuer_per_share_4q_avg": 0,
            "equity": null,
            "current_ratio": null,
            "debt_ratio": null,
            "inventory_turnover_ratio": null,
            "account_receivable_turnover_ratio": null,
            "reinvestment_rate": null,
            "research_to_sale_ratio": null,
            "price_fair": 0,
            "eps_avg_yearly": 0,
            "eps_latest_yearly": 0,
            "eps_growth_yearly": 0
        },
        "20034": {
            "year_quarter": 20034,
            "year": 2003,
            "quarter": 4,
            "eps": null,
            "eps_growth_year": null,
            "eps_4q": null,
            "eps_4q_growth_year": null,
            "roe": null,
            "roe_4q": 0,
            "gross_profit": null,
            "gross_margin": null,
            "gross_margin_4q_avg": 0,
            "net_income": null,
            "net_income_4q": null,
            "revenue": null,
            "revenue_4q": null,
            "common_shares": null,
            "book_valuer_per_share": null,
            "book_valuer_per_share_4q_avg": 0,
            "equity": null,
            "current_ratio": null,
            "debt_ratio": null,
            "inventory_turnover_ratio": null,
            "account_receivable_turnover_ratio": null,
            "reinvestment_rate": null,
            "research_to_sale_ratio": null,
            "price_fair": 0,
            "eps_avg_yearly": 0,
            "eps_latest_yearly": 0,
            "eps_growth_yearly": 0
        },
        "20041": {
            "year_quarter": 20041,
            "year": 2004,
            "quarter": 1,
            "eps": null,
            "eps_growth_year": null,
            "eps_4q": null,
            "eps_4q_growth_year": null,
            "roe": null,
            "roe_4q": 0,
            "gross_profit": null,
            "gross_margin": null,
            "gross_margin_4q_avg": 0,
            "net_income": null,
            "net_income_4q": null,
            "revenue": null,
            "revenue_4q": null,
            "common_shares": null,
            "book_valuer_per_share": null,
            "book_valuer_per_share_4q_avg": 0,
            "equity": null,
            "current_ratio": null,
            "debt_ratio": null,
            "inventory_turnover_ratio": null,
            "account_receivable_turnover_ratio": null,
            "reinvestment_rate": null,
            "research_to_sale_ratio": null,
            "price_fair": 0,
            "eps_avg_yearly": 0,
            "eps_latest_yearly": 0,
            "eps_growth_yearly": 0
        },
        "20042": {
            "year_quarter": 20042,
            "year": 2004,
            "quarter": 2,
            "eps": null,
            "eps_growth_year": null,
            "eps_4q": null,
            "eps_4q_growth_year": null,
            "roe": null,
            "roe_4q": 0,
            "gross_profit": null,
            "gross_margin": null,
            "gross_margin_4q_avg": 0,
            "net_income": null,
            "net_income_4q": null,
            "revenue": null,
            "revenue_4q": null,
            "common_shares": null,
            "book_valuer_per_share": null,
            "book_valuer_per_share_4q_avg": 0,
            "equity": null,
            "current_ratio": null,
            "debt_ratio": null,
            "inventory_turnover_ratio": null,
            "account_receivable_turnover_ratio": null,
            "reinvestment_rate": null,
            "research_to_sale_ratio": null,
            "price_fair": 0,
            "eps_avg_yearly": 0,
            "eps_latest_yearly": 0,
            "eps_growth_yearly": 0
        },
        "20043": {
            "year_quarter": 20043,
            "year": 2004,
            "quarter": 3,
            "eps": null,
            "eps_growth_year": null,
            "eps_4q": null,
            "eps_4q_growth_year": null,
            "roe": null,
            "roe_4q": 0,
            "gross_profit": null,
            "gross_margin": null,
            "gross_margin_4q_avg": 0,
            "net_income": null,
            "net_income_4q": null,
            "revenue": null,
            "revenue_4q": null,
            "common_shares": null,
            "book_valuer_per_share": null,
            "book_valuer_per_share_4q_avg": 0,
            "equity": null,
            "current_ratio": null,
            "debt_ratio": null,
            "inventory_turnover_ratio": null,
            "account_receivable_turnover_ratio": null,
            "reinvestment_rate": null,
            "research_to_sale_ratio": null,
            "price_fair": 0,
            "eps_avg_yearly": 0,
            "eps_latest_yearly": 0,
            "eps_growth_yearly": 0
        },
        "20044": {
            "year_quarter": 20044,
            "year": 2004,
            "quarter": 4,
            "eps": null,
            "eps_growth_year": null,
            "eps_4q": null,
            "eps_4q_growth_year": null,
            "roe": null,
            "roe_4q": 0,
            "gross_profit": null,
            "gross_margin": null,
            "gross_margin_4q_avg": 0,
            "net_income": null,
            "net_income_4q": null,
            "revenue": null,
            "revenue_4q": null,
            "common_shares": null,
            "book_valuer_per_share": null,
            "book_valuer_per_share_4q_avg": 0,
            "equity": null,
            "current_ratio": null,
            "debt_ratio": null,
            "inventory_turnover_ratio": null,
            "account_receivable_turnover_ratio": null,
            "reinvestment_rate": null,
            "research_to_sale_ratio": null,
            "price_fair": 0,
            "eps_avg_yearly": 0,
            "eps_latest_yearly": 0,
            "eps_growth_yearly": 0
        },
        "20051": {
            "year_quarter": 20051,
            "year": 2005,
            "quarter": 1,
            "eps": null,
            "eps_growth_year": null,
            "eps_4q": null,
            "eps_4q_growth_year": null,
            "roe": null,
            "roe_4q": 0,
            "gross_profit": null,
            "gross_margin": null,
            "gross_margin_4q_avg": 0,
            "net_income": null,
            "net_income_4q": null,
            "revenue": null,
            "revenue_4q": null,
            "common_shares": null,
            "book_valuer_per_share": null,
            "book_valuer_per_share_4q_avg": 0,
            "equity": null,
            "current_ratio": null,
            "debt_ratio": null,
            "inventory_turnover_ratio": null,
            "account_receivable_turnover_ratio": null,
            "reinvestment_rate": null,
            "research_to_sale_ratio": null,
            "price_fair": 0,
            "eps_avg_yearly": 0,
            "eps_latest_yearly": 0,
            "eps_growth_yearly": 0
        },
        "20052": {
            "year_quarter": 20052,
            "year": 2005,
            "quarter": 2,
            "eps": null,
            "eps_growth_year": null,
            "eps_4q": null,
            "eps_4q_growth_year": null,
            "roe": null,
            "roe_4q": 0,
            "gross_profit": null,
            "gross_margin": null,
            "gross_margin_4q_avg": 0,
            "net_income": null,
            "net_income_4q": null,
            "revenue": null,
            "revenue_4q": null,
            "common_shares": null,
            "book_valuer_per_share": null,
            "book_valuer_per_share_4q_avg": 0,
            "equity": null,
            "current_ratio": null,
            "debt_ratio": null,
            "inventory_turnover_ratio": null,
            "account_receivable_turnover_ratio": null,
            "reinvestment_rate": null,
            "research_to_sale_ratio": null,
            "price_fair": 0,
            "eps_avg_yearly": 0,
            "eps_latest_yearly": 0,
            "eps_growth_yearly": 0
        },
        "20053": {
            "year_quarter": 20053,
            "year": 2005,
            "quarter": 3,
            "eps": null,
            "eps_growth_year": null,
            "eps_4q": null,
            "eps_4q_growth_year": null,
            "roe": null,
            "roe_4q": 0,
            "gross_profit": null,
            "gross_margin": null,
            "gross_margin_4q_avg": 0,
            "net_income": null,
            "net_income_4q": null,
            "revenue": null,
            "revenue_4q": null,
            "common_shares": null,
            "book_valuer_per_share": null,
            "book_valuer_per_share_4q_avg": 0,
            "equity": null,
            "current_ratio": null,
            "debt_ratio": null,
            "inventory_turnover_ratio": null,
            "account_receivable_turnover_ratio": null,
            "reinvestment_rate": null,
            "research_to_sale_ratio": null,
            "price_fair": 0,
            "eps_avg_yearly": 0,
            "eps_latest_yearly": 0,
            "eps_growth_yearly": 0
        },
        "20054": {
            "year_quarter": 20054,
            "year": 2005,
            "quarter": 4,
            "eps": null,
            "eps_growth_year": null,
            "eps_4q": null,
            "eps_4q_growth_year": null,
            "roe": null,
            "roe_4q": 0,
            "gross_profit": null,
            "gross_margin": null,
            "gross_margin_4q_avg": 0,
            "net_income": null,
            "net_income_4q": null,
            "revenue": null,
            "revenue_4q": null,
            "common_shares": null,
            "book_valuer_per_share": null,
            "book_valuer_per_share_4q_avg": 0,
            "equity": null,
            "current_ratio": null,
            "debt_ratio": null,
            "inventory_turnover_ratio": null,
            "account_receivable_turnover_ratio": null,
            "reinvestment_rate": null,
            "research_to_sale_ratio": null,
            "price_fair": 0,
            "eps_avg_yearly": 0,
            "eps_latest_yearly": 0,
            "eps_growth_yearly": 0
        },
        "20061": {
            "year_quarter": 20061,
            "year": 2006,
            "quarter": 1,
            "eps": null,
            "eps_growth_year": null,
            "eps_4q": null,
            "eps_4q_growth_year": null,
            "roe": null,
            "roe_4q": 0,
            "gross_profit": null,
            "gross_margin": null,
            "gross_margin_4q_avg": 0,
            "net_income": null,
            "net_income_4q": null,
            "revenue": null,
            "revenue_4q": null,
            "common_shares": null,
            "book_valuer_per_share": null,
            "book_valuer_per_share_4q_avg": 0,
            "equity": null,
            "current_ratio": null,
            "debt_ratio": null,
            "inventory_turnover_ratio": null,
            "account_receivable_turnover_ratio": null,
            "reinvestment_rate": null,
            "research_to_sale_ratio": null,
            "price_fair": 0,
            "eps_avg_yearly": 0,
            "eps_latest_yearly": 0,
            "eps_growth_yearly": 0
        },
        "20062": {
            "year_quarter": 20062,
            "year": 2006,
            "quarter": 2,
            "eps": null,
            "eps_growth_year": null,
            "eps_4q": null,
            "eps_4q_growth_year": null,
            "roe": null,
            "roe_4q": 0,
            "gross_profit": null,
            "gross_margin": null,
            "gross_margin_4q_avg": 0,
            "net_income": null,
            "net_income_4q": null,
            "revenue": null,
            "revenue_4q": null,
            "common_shares": null,
            "book_valuer_per_share": null,
            "book_valuer_per_share_4q_avg": 0,
            "equity": null,
            "current_ratio": null,
            "debt_ratio": null,
            "inventory_turnover_ratio": null,
            "account_receivable_turnover_ratio": null,
            "reinvestment_rate": null,
            "research_to_sale_ratio": null,
            "price_fair": 0,
            "eps_avg_yearly": 0,
            "eps_latest_yearly": 0,
            "eps_growth_yearly": 0
        },
        "20063": {
            "year_quarter": 20063,
            "year": 2006,
            "quarter": 3,
            "eps": null,
            "eps_growth_year": null,
            "eps_4q": null,
            "eps_4q_growth_year": null,
            "roe": null,
            "roe_4q": 0,
            "gross_profit": null,
            "gross_margin": null,
            "gross_margin_4q_avg": 0,
            "net_income": null,
            "net_income_4q": null,
            "revenue": null,
            "revenue_4q": null,
            "common_shares": null,
            "book_valuer_per_share": null,
            "book_valuer_per_share_4q_avg": 0,
            "equity": null,
            "current_ratio": null,
            "debt_ratio": null,
            "inventory_turnover_ratio": null,
            "account_receivable_turnover_ratio": null,
            "reinvestment_rate": null,
            "research_to_sale_ratio": null,
            "price_fair": 0,
            "eps_avg_yearly": 0,
            "eps_latest_yearly": 0,
            "eps_growth_yearly": 0
        },
        "20064": {
            "year_quarter": 20064,
            "year": 2006,
            "quarter": 4,
            "eps": null,
            "eps_growth_year": null,
            "eps_4q": null,
            "eps_4q_growth_year": null,
            "roe": null,
            "roe_4q": 0,
            "gross_profit": null,
            "gross_margin": null,
            "gross_margin_4q_avg": 0,
            "net_income": null,
            "net_income_4q": null,
            "revenue": null,
            "revenue_4q": null,
            "common_shares": null,
            "book_valuer_per_share": null,
            "book_valuer_per_share_4q_avg": 0,
            "equity": null,
            "current_ratio": null,
            "debt_ratio": null,
            "inventory_turnover_ratio": null,
            "account_receivable_turnover_ratio": null,
            "reinvestment_rate": null,
            "research_to_sale_ratio": null,
            "price_fair": 0,
            "eps_avg_yearly": 0,
            "eps_latest_yearly": 0,
            "eps_growth_yearly": 0
        },
        "20071": {
            "year_quarter": 20071,
            "year": 2007,
            "quarter": 1,
            "eps": null,
            "eps_growth_year": null,
            "eps_4q": null,
            "eps_4q_growth_year": null,
            "roe": null,
            "roe_4q": 0,
            "gross_profit": null,
            "gross_margin": null,
            "gross_margin_4q_avg": 0,
            "net_income": null,
            "net_income_4q": null,
            "revenue": null,
            "revenue_4q": null,
            "common_shares": null,
            "book_valuer_per_share": null,
            "book_valuer_per_share_4q_avg": 0,
            "equity": null,
            "current_ratio": null,
            "debt_ratio": null,
            "inventory_turnover_ratio": null,
            "account_receivable_turnover_ratio": null,
            "reinvestment_rate": null,
            "research_to_sale_ratio": null,
            "price_fair": 0,
            "eps_avg_yearly": 0,
            "eps_latest_yearly": 0,
            "eps_growth_yearly": 0
        },
        "20072": {
            "year_quarter": 20072,
            "year": 2007,
            "quarter": 2,
            "eps": null,
            "eps_growth_year": null,
            "eps_4q": null,
            "eps_4q_growth_year": null,
            "roe": null,
            "roe_4q": 0,
            "gross_profit": null,
            "gross_margin": null,
            "gross_margin_4q_avg": 0,
            "net_income": null,
            "net_income_4q": null,
            "revenue": null,
            "revenue_4q": null,
            "common_shares": null,
            "book_valuer_per_share": null,
            "book_valuer_per_share_4q_avg": 0,
            "equity": null,
            "current_ratio": null,
            "debt_ratio": null,
            "inventory_turnover_ratio": null,
            "account_receivable_turnover_ratio": null,
            "reinvestment_rate": null,
            "research_to_sale_ratio": null,
            "price_fair": 0,
            "eps_avg_yearly": 0,
            "eps_latest_yearly": 0,
            "eps_growth_yearly": 0
        },
        "20073": {
            "year_quarter": 20073,
            "year": 2007,
            "quarter": 3,
            "eps": null,
            "eps_growth_year": null,
            "eps_4q": null,
            "eps_4q_growth_year": null,
            "roe": null,
            "roe_4q": 0,
            "gross_profit": null,
            "gross_margin": null,
            "gross_margin_4q_avg": 0,
            "net_income": null,
            "net_income_4q": null,
            "revenue": null,
            "revenue_4q": null,
            "common_shares": null,
            "book_valuer_per_share": null,
            "book_valuer_per_share_4q_avg": 0,
            "equity": null,
            "current_ratio": null,
            "debt_ratio": null,
            "inventory_turnover_ratio": null,
            "account_receivable_turnover_ratio": null,
            "reinvestment_rate": null,
            "research_to_sale_ratio": null,
            "price_fair": 0,
            "eps_avg_yearly": 0,
            "eps_latest_yearly": 0,
            "eps_growth_yearly": 0
        },
        "20074": {
            "year_quarter": 20074,
            "year": 2007,
            "quarter": 4,
            "eps": null,
            "eps_growth_year": null,
            "eps_4q": null,
            "eps_4q_growth_year": null,
            "roe": null,
            "roe_4q": 0,
            "gross_profit": null,
            "gross_margin": null,
            "gross_margin_4q_avg": 0,
            "net_income": null,
            "net_income_4q": null,
            "revenue": null,
            "revenue_4q": null,
            "common_shares": 384300,
            "book_valuer_per_share": 13.77,
            "book_valuer_per_share_4q_avg": 3.44,
            "equity": 529362,
            "current_ratio": 103.71,
            "debt_ratio": 55.23,
            "inventory_turnover_ratio": null,
            "account_receivable_turnover_ratio": null,
            "reinvestment_rate": null,
            "research_to_sale_ratio": null,
            "price_fair": 0,
            "eps_avg_yearly": 0,
            "eps_latest_yearly": 0,
            "eps_growth_yearly": 0
        },
        "20081": {
            "year_quarter": 20081,
            "year": 2008,
            "quarter": 1,
            "eps": null,
            "eps_growth_year": null,
            "eps_4q": null,
            "eps_4q_growth_year": null,
            "roe": null,
            "roe_4q": 0,
            "gross_profit": null,
            "gross_margin": null,
            "gross_margin_4q_avg": 0,
            "net_income": null,
            "net_income_4q": null,
            "revenue": null,
            "revenue_4q": null,
            "common_shares": null,
            "book_valuer_per_share": null,
            "book_valuer_per_share_4q_avg": 3.44,
            "equity": null,
            "current_ratio": null,
            "debt_ratio": null,
            "inventory_turnover_ratio": null,
            "account_receivable_turnover_ratio": null,
            "reinvestment_rate": null,
            "research_to_sale_ratio": null,
            "price_fair": 0,
            "eps_avg_yearly": 0,
            "eps_latest_yearly": 0,
            "eps_growth_yearly": 0
        },
        "20082": {
            "year_quarter": 20082,
            "year": 2008,
            "quarter": 2,
            "eps": null,
            "eps_growth_year": null,
            "eps_4q": null,
            "eps_4q_growth_year": null,
            "roe": null,
            "roe_4q": 0,
            "gross_profit": null,
            "gross_margin": null,
            "gross_margin_4q_avg": 0,
            "net_income": null,
            "net_income_4q": null,
            "revenue": null,
            "revenue_4q": null,
            "common_shares": null,
            "book_valuer_per_share": null,
            "book_valuer_per_share_4q_avg": 3.44,
            "equity": null,
            "current_ratio": null,
            "debt_ratio": null,
            "inventory_turnover_ratio": null,
            "account_receivable_turnover_ratio": null,
            "reinvestment_rate": null,
            "research_to_sale_ratio": null,
            "price_fair": 0,
            "eps_avg_yearly": 0,
            "eps_latest_yearly": 0,
            "eps_growth_yearly": 0
        },
        "20083": {
            "year_quarter": 20083,
            "year": 2008,
            "quarter": 3,
            "eps": null,
            "eps_growth_year": null,
            "eps_4q": null,
            "eps_4q_growth_year": null,
            "roe": null,
            "roe_4q": 0,
            "gross_profit": null,
            "gross_margin": null,
            "gross_margin_4q_avg": 0,
            "net_income": null,
            "net_income_4q": null,
            "revenue": null,
            "revenue_4q": null,
            "common_shares": null,
            "book_valuer_per_share": null,
            "book_valuer_per_share_4q_avg": 3.44,
            "equity": null,
            "current_ratio": null,
            "debt_ratio": null,
            "inventory_turnover_ratio": null,
            "account_receivable_turnover_ratio": null,
            "reinvestment_rate": null,
            "research_to_sale_ratio": null,
            "price_fair": 0,
            "eps_avg_yearly": 0,
            "eps_latest_yearly": 0,
            "eps_growth_yearly": 0
        },
        "20084": {
            "year_quarter": 20084,
            "year": 2008,
            "quarter": 4,
            "eps": null,
            "eps_growth_year": null,
            "eps_4q": null,
            "eps_4q_growth_year": null,
            "roe": null,
            "roe_4q": 0,
            "gross_profit": null,
            "gross_margin": null,
            "gross_margin_4q_avg": 0,
            "net_income": null,
            "net_income_4q": null,
            "revenue": null,
            "revenue_4q": null,
            "common_shares": 384300,
            "book_valuer_per_share": 14.35,
            "book_valuer_per_share_4q_avg": 3.59,
            "equity": 551550,
            "current_ratio": 93.6,
            "debt_ratio": 50.58,
            "inventory_turnover_ratio": null,
            "account_receivable_turnover_ratio": null,
            "reinvestment_rate": null,
            "research_to_sale_ratio": null,
            "price_fair": 0,
            "eps_avg_yearly": 0,
            "eps_latest_yearly": 0,
            "eps_growth_yearly": 0
        },
        "20091": {
            "year_quarter": 20091,
            "year": 2009,
            "quarter": 1,
            "eps": null,
            "eps_growth_year": null,
            "eps_4q": null,
            "eps_4q_growth_year": null,
            "roe": null,
            "roe_4q": 0,
            "gross_profit": null,
            "gross_margin": null,
            "gross_margin_4q_avg": 0,
            "net_income": null,
            "net_income_4q": null,
            "revenue": null,
            "revenue_4q": null,
            "common_shares": null,
            "book_valuer_per_share": null,
            "book_valuer_per_share_4q_avg": 3.59,
            "equity": null,
            "current_ratio": null,
            "debt_ratio": null,
            "inventory_turnover_ratio": null,
            "account_receivable_turnover_ratio": null,
            "reinvestment_rate": null,
            "research_to_sale_ratio": null,
            "price_fair": 0,
            "eps_avg_yearly": 0,
            "eps_latest_yearly": 0,
            "eps_growth_yearly": 0
        },
        "20092": {
            "year_quarter": 20092,
            "year": 2009,
            "quarter": 2,
            "eps": null,
            "eps_growth_year": null,
            "eps_4q": null,
            "eps_4q_growth_year": null,
            "roe": null,
            "roe_4q": 0,
            "gross_profit": null,
            "gross_margin": null,
            "gross_margin_4q_avg": 0,
            "net_income": null,
            "net_income_4q": null,
            "revenue": null,
            "revenue_4q": null,
            "common_shares": null,
            "book_valuer_per_share": null,
            "book_valuer_per_share_4q_avg": 3.59,
            "equity": null,
            "current_ratio": null,
            "debt_ratio": null,
            "inventory_turnover_ratio": null,
            "account_receivable_turnover_ratio": null,
            "reinvestment_rate": null,
            "research_to_sale_ratio": null,
            "price_fair": 0,
            "eps_avg_yearly": 0,
            "eps_latest_yearly": 0,
            "eps_growth_yearly": 0
        },
        "20093": {
            "year_quarter": 20093,
            "year": 2009,
            "quarter": 3,
            "eps": null,
            "eps_growth_year": null,
            "eps_4q": null,
            "eps_4q_growth_year": null,
            "roe": null,
            "roe_4q": 0,
            "gross_profit": null,
            "gross_margin": null,
            "gross_margin_4q_avg": 0,
            "net_income": null,
            "net_income_4q": null,
            "revenue": null,
            "revenue_4q": null,
            "common_shares": null,
            "book_valuer_per_share": null,
            "book_valuer_per_share_4q_avg": 3.59,
            "equity": null,
            "current_ratio": null,
            "debt_ratio": null,
            "inventory_turnover_ratio": null,
            "account_receivable_turnover_ratio": null,
            "reinvestment_rate": null,
            "research_to_sale_ratio": null,
            "price_fair": 0,
            "eps_avg_yearly": 0,
            "eps_latest_yearly": 0,
            "eps_growth_yearly": 0
        },
        "20094": {
            "year_quarter": 20094,
            "year": 2009,
            "quarter": 4,
            "eps": null,
            "eps_growth_year": null,
            "eps_4q": null,
            "eps_4q_growth_year": null,
            "roe": null,
            "roe_4q": 0,
            "gross_profit": null,
            "gross_margin": null,
            "gross_margin_4q_avg": 0,
            "net_income": null,
            "net_income_4q": null,
            "revenue": null,
            "revenue_4q": null,
            "common_shares": 385000,
            "book_valuer_per_share": 15.14,
            "book_valuer_per_share_4q_avg": 3.79,
            "equity": 583080,
            "current_ratio": 144.34,
            "debt_ratio": 49.41,
            "inventory_turnover_ratio": null,
            "account_receivable_turnover_ratio": null,
            "reinvestment_rate": null,
            "research_to_sale_ratio": null,
            "price_fair": 0,
            "eps_avg_yearly": 0,
            "eps_latest_yearly": 0,
            "eps_growth_yearly": 0
        },
        "20101": {
            "year_quarter": 20101,
            "year": 2010,
            "quarter": 1,
            "eps": null,
            "eps_growth_year": null,
            "eps_4q": null,
            "eps_4q_growth_year": null,
            "roe": null,
            "roe_4q": 0,
            "gross_profit": null,
            "gross_margin": null,
            "gross_margin_4q_avg": 0,
            "net_income": null,
            "net_income_4q": null,
            "revenue": null,
            "revenue_4q": null,
            "common_shares": null,
            "book_valuer_per_share": null,
            "book_valuer_per_share_4q_avg": 3.79,
            "equity": null,
            "current_ratio": null,
            "debt_ratio": null,
            "inventory_turnover_ratio": null,
            "account_receivable_turnover_ratio": null,
            "reinvestment_rate": null,
            "research_to_sale_ratio": null,
            "price_fair": 0,
            "eps_avg_yearly": 0,
            "eps_latest_yearly": 0,
            "eps_growth_yearly": 0
        },
        "20102": {
            "year_quarter": 20102,
            "year": 2010,
            "quarter": 2,
            "eps": null,
            "eps_growth_year": null,
            "eps_4q": null,
            "eps_4q_growth_year": null,
            "roe": null,
            "roe_4q": 0,
            "gross_profit": null,
            "gross_margin": null,
            "gross_margin_4q_avg": 0,
            "net_income": null,
            "net_income_4q": null,
            "revenue": null,
            "revenue_4q": null,
            "common_shares": null,
            "book_valuer_per_share": null,
            "book_valuer_per_share_4q_avg": 3.79,
            "equity": null,
            "current_ratio": null,
            "debt_ratio": null,
            "inventory_turnover_ratio": null,
            "account_receivable_turnover_ratio": null,
            "reinvestment_rate": null,
            "research_to_sale_ratio": null,
            "price_fair": 0,
            "eps_avg_yearly": 0,
            "eps_latest_yearly": 0,
            "eps_growth_yearly": 0
        },
        "20103": {
            "year_quarter": 20103,
            "year": 2010,
            "quarter": 3,
            "eps": null,
            "eps_growth_year": null,
            "eps_4q": null,
            "eps_4q_growth_year": null,
            "roe": null,
            "roe_4q": 0,
            "gross_profit": null,
            "gross_margin": null,
            "gross_margin_4q_avg": 0,
            "net_income": null,
            "net_income_4q": null,
            "revenue": null,
            "revenue_4q": null,
            "common_shares": null,
            "book_valuer_per_share": null,
            "book_valuer_per_share_4q_avg": 3.79,
            "equity": null,
            "current_ratio": null,
            "debt_ratio": null,
            "inventory_turnover_ratio": null,
            "account_receivable_turnover_ratio": null,
            "reinvestment_rate": null,
            "research_to_sale_ratio": null,
            "price_fair": 0,
            "eps_avg_yearly": 0,
            "eps_latest_yearly": 0,
            "eps_growth_yearly": 0
        },
        "20104": {
            "year_quarter": 20104,
            "year": 2010,
            "quarter": 4,
            "eps": null,
            "eps_growth_year": null,
            "eps_4q": null,
            "eps_4q_growth_year": null,
            "roe": null,
            "roe_4q": 0,
            "gross_profit": null,
            "gross_margin": null,
            "gross_margin_4q_avg": 0,
            "net_income": null,
            "net_income_4q": null,
            "revenue": null,
            "revenue_4q": null,
            "common_shares": 385000,
            "book_valuer_per_share": 18.48,
            "book_valuer_per_share_4q_avg": 4.62,
            "equity": 711491,
            "current_ratio": 157.78,
            "debt_ratio": 45.25,
            "inventory_turnover_ratio": null,
            "account_receivable_turnover_ratio": null,
            "reinvestment_rate": null,
            "research_to_sale_ratio": null,
            "price_fair": 0,
            "eps_avg_yearly": 0,
            "eps_latest_yearly": 0,
            "eps_growth_yearly": 0
        },
        "20111": {
            "year_quarter": 20111,
            "year": 2011,
            "quarter": 1,
            "eps": null,
            "eps_growth_year": null,
            "eps_4q": null,
            "eps_4q_growth_year": null,
            "roe": null,
            "roe_4q": 0,
            "gross_profit": null,
            "gross_margin": null,
            "gross_margin_4q_avg": 0,
            "net_income": null,
            "net_income_4q": null,
            "revenue": null,
            "revenue_4q": null,
            "common_shares": null,
            "book_valuer_per_share": null,
            "book_valuer_per_share_4q_avg": 4.62,
            "equity": null,
            "current_ratio": null,
            "debt_ratio": null,
            "inventory_turnover_ratio": null,
            "account_receivable_turnover_ratio": null,
            "reinvestment_rate": null,
            "research_to_sale_ratio": null,
            "price_fair": 0,
            "eps_avg_yearly": 0,
            "eps_latest_yearly": 0,
            "eps_growth_yearly": 0
        },
        "20112": {
            "year_quarter": 20112,
            "year": 2011,
            "quarter": 2,
            "eps": null,
            "eps_growth_year": null,
            "eps_4q": null,
            "eps_4q_growth_year": null,
            "roe": null,
            "roe_4q": 0,
            "gross_profit": null,
            "gross_margin": null,
            "gross_margin_4q_avg": 0,
            "net_income": null,
            "net_income_4q": null,
            "revenue": null,
            "revenue_4q": null,
            "common_shares": null,
            "book_valuer_per_share": null,
            "book_valuer_per_share_4q_avg": 4.62,
            "equity": null,
            "current_ratio": null,
            "debt_ratio": null,
            "inventory_turnover_ratio": null,
            "account_receivable_turnover_ratio": null,
            "reinvestment_rate": null,
            "research_to_sale_ratio": null,
            "price_fair": 0,
            "eps_avg_yearly": 0,
            "eps_latest_yearly": 0,
            "eps_growth_yearly": 0
        },
        "20113": {
            "year_quarter": 20113,
            "year": 2011,
            "quarter": 3,
            "eps": null,
            "eps_growth_year": null,
            "eps_4q": null,
            "eps_4q_growth_year": null,
            "roe": null,
            "roe_4q": 0,
            "gross_profit": null,
            "gross_margin": null,
            "gross_margin_4q_avg": 0,
            "net_income": null,
            "net_income_4q": null,
            "revenue": null,
            "revenue_4q": null,
            "common_shares": null,
            "book_valuer_per_share": null,
            "book_valuer_per_share_4q_avg": 4.62,
            "equity": null,
            "current_ratio": null,
            "debt_ratio": null,
            "inventory_turnover_ratio": null,
            "account_receivable_turnover_ratio": null,
            "reinvestment_rate": null,
            "research_to_sale_ratio": null,
            "price_fair": 0,
            "eps_avg_yearly": 0,
            "eps_latest_yearly": 0,
            "eps_growth_yearly": 0
        },
        "20114": {
            "year_quarter": 20114,
            "year": 2011,
            "quarter": 4,
            "eps": null,
            "eps_growth_year": null,
            "eps_4q": null,
            "eps_4q_growth_year": null,
            "roe": null,
            "roe_4q": 0,
            "gross_profit": null,
            "gross_margin": null,
            "gross_margin_4q_avg": 0,
            "net_income": null,
            "net_income_4q": null,
            "revenue": null,
            "revenue_4q": null,
            "common_shares": 400000,
            "book_valuer_per_share": 20.74,
            "book_valuer_per_share_4q_avg": 5.19,
            "equity": 829778,
            "current_ratio": 173.86,
            "debt_ratio": 39.46,
            "inventory_turnover_ratio": null,
            "account_receivable_turnover_ratio": null,
            "reinvestment_rate": null,
            "research_to_sale_ratio": null,
            "price_fair": 0,
            "eps_avg_yearly": 0,
            "eps_latest_yearly": 0,
            "eps_growth_yearly": 0
        },
        "20121": {
            "year_quarter": 20121,
            "year": 2012,
            "quarter": 1,
            "eps": null,
            "eps_growth_year": null,
            "eps_4q": null,
            "eps_4q_growth_year": null,
            "roe": null,
            "roe_4q": 0,
            "gross_profit": null,
            "gross_margin": null,
            "gross_margin_4q_avg": 0,
            "net_income": null,
            "net_income_4q": null,
            "revenue": null,
            "revenue_4q": null,
            "common_shares": null,
            "book_valuer_per_share": null,
            "book_valuer_per_share_4q_avg": 5.19,
            "equity": null,
            "current_ratio": null,
            "debt_ratio": null,
            "inventory_turnover_ratio": null,
            "account_receivable_turnover_ratio": null,
            "reinvestment_rate": null,
            "research_to_sale_ratio": null,
            "price_fair": 0,
            "eps_avg_yearly": 0,
            "eps_latest_yearly": 0,
            "eps_growth_yearly": 0
        },
        "20122": {
            "year_quarter": 20122,
            "year": 2012,
            "quarter": 2,
            "eps": null,
            "eps_growth_year": null,
            "eps_4q": null,
            "eps_4q_growth_year": null,
            "roe": null,
            "roe_4q": 0,
            "gross_profit": null,
            "gross_margin": null,
            "gross_margin_4q_avg": 0,
            "net_income": null,
            "net_income_4q": null,
            "revenue": null,
            "revenue_4q": null,
            "common_shares": null,
            "book_valuer_per_share": null,
            "book_valuer_per_share_4q_avg": 5.19,
            "equity": null,
            "current_ratio": null,
            "debt_ratio": null,
            "inventory_turnover_ratio": null,
            "account_receivable_turnover_ratio": null,
            "reinvestment_rate": null,
            "research_to_sale_ratio": null,
            "price_fair": 0,
            "eps_avg_yearly": 0,
            "eps_latest_yearly": 0,
            "eps_growth_yearly": 0
        },
        "20123": {
            "year_quarter": 20123,
            "year": 2012,
            "quarter": 3,
            "eps": null,
            "eps_growth_year": null,
            "eps_4q": null,
            "eps_4q_growth_year": null,
            "roe": null,
            "roe_4q": 0,
            "gross_profit": null,
            "gross_margin": null,
            "gross_margin_4q_avg": 0,
            "net_income": null,
            "net_income_4q": null,
            "revenue": null,
            "revenue_4q": null,
            "common_shares": null,
            "book_valuer_per_share": null,
            "book_valuer_per_share_4q_avg": 5.19,
            "equity": null,
            "current_ratio": null,
            "debt_ratio": null,
            "inventory_turnover_ratio": null,
            "account_receivable_turnover_ratio": null,
            "reinvestment_rate": null,
            "research_to_sale_ratio": null,
            "price_fair": 0,
            "eps_avg_yearly": 0,
            "eps_latest_yearly": 0,
            "eps_growth_yearly": 0
        },
        "20124": {
            "year_quarter": 20124,
            "year": 2012,
            "quarter": 4,
            "eps": null,
            "eps_growth_year": null,
            "eps_4q": null,
            "eps_4q_growth_year": null,
            "roe": null,
            "roe_4q": 0,
            "gross_profit": null,
            "gross_margin": null,
            "gross_margin_4q_avg": 0,
            "net_income": null,
            "net_income_4q": null,
            "revenue": null,
            "revenue_4q": null,
            "common_shares": 440000,
            "book_valuer_per_share": 22.84,
            "book_valuer_per_share_4q_avg": 5.71,
            "equity": 1004745,
            "current_ratio": 173.02,
            "debt_ratio": 40.6,
            "inventory_turnover_ratio": null,
            "account_receivable_turnover_ratio": null,
            "reinvestment_rate": null,
            "research_to_sale_ratio": null,
            "price_fair": 0,
            "eps_avg_yearly": 0,
            "eps_latest_yearly": 0,
            "eps_growth_yearly": 0
        },
        "20131": {
            "year_quarter": 20131,
            "year": 2013,
            "quarter": 1,
            "eps": null,
            "eps_growth_year": null,
            "eps_4q": null,
            "eps_4q_growth_year": null,
            "roe": null,
            "roe_4q": 0,
            "gross_profit": null,
            "gross_margin": null,
            "gross_margin_4q_avg": 0,
            "net_income": null,
            "net_income_4q": null,
            "revenue": null,
            "revenue_4q": null,
            "common_shares": null,
            "book_valuer_per_share": null,
            "book_valuer_per_share_4q_avg": 5.71,
            "equity": null,
            "current_ratio": null,
            "debt_ratio": null,
            "inventory_turnover_ratio": null,
            "account_receivable_turnover_ratio": null,
            "reinvestment_rate": null,
            "research_to_sale_ratio": null,
            "price_fair": 0,
            "eps_avg_yearly": 0,
            "eps_latest_yearly": 0,
            "eps_growth_yearly": 0
        },
        "20132": {
            "year_quarter": 20132,
            "year": 2013,
            "quarter": 2,
            "eps": null,
            "eps_growth_year": null,
            "eps_4q": null,
            "eps_4q_growth_year": null,
            "roe": null,
            "roe_4q": 0,
            "gross_profit": null,
            "gross_margin": null,
            "gross_margin_4q_avg": 0,
            "net_income": null,
            "net_income_4q": null,
            "revenue": null,
            "revenue_4q": null,
            "common_shares": 440000,
            "book_valuer_per_share": null,
            "book_valuer_per_share_4q_avg": 5.71,
            "equity": 1065510,
            "current_ratio": null,
            "debt_ratio": null,
            "inventory_turnover_ratio": null,
            "account_receivable_turnover_ratio": null,
            "reinvestment_rate": null,
            "research_to_sale_ratio": null,
            "price_fair": 0,
            "eps_avg_yearly": 0,
            "eps_latest_yearly": 0,
            "eps_growth_yearly": 0
        },
        "20133": {
            "year_quarter": 20133,
            "year": 2013,
            "quarter": 3,
            "eps": null,
            "eps_growth_year": null,
            "eps_4q": null,
            "eps_4q_growth_year": null,
            "roe": null,
            "roe_4q": 0,
            "gross_profit": null,
            "gross_margin": null,
            "gross_margin_4q_avg": 0,
            "net_income": null,
            "net_income_4q": null,
            "revenue": null,
            "revenue_4q": null,
            "common_shares": null,
            "book_valuer_per_share": null,
            "book_valuer_per_share_4q_avg": 5.71,
            "equity": null,
            "current_ratio": null,
            "debt_ratio": null,
            "inventory_turnover_ratio": null,
            "account_receivable_turnover_ratio": null,
            "reinvestment_rate": null,
            "research_to_sale_ratio": null,
            "price_fair": 0,
            "eps_avg_yearly": 0,
            "eps_latest_yearly": 0,
            "eps_growth_yearly": 0
        },
        "20134": {
            "year_quarter": 20134,
            "year": 2013,
            "quarter": 4,
            "eps": null,
            "eps_growth_year": null,
            "eps_4q": null,
            "eps_4q_growth_year": null,
            "roe": null,
            "roe_4q": 0,
            "gross_profit": null,
            "gross_margin": null,
            "gross_margin_4q_avg": 0,
            "net_income": null,
            "net_income_4q": null,
            "revenue": null,
            "revenue_4q": null,
            "common_shares": 440000,
            "book_valuer_per_share": null,
            "book_valuer_per_share_4q_avg": 0,
            "equity": 1137658,
            "current_ratio": null,
            "debt_ratio": null,
            "inventory_turnover_ratio": null,
            "account_receivable_turnover_ratio": null,
            "reinvestment_rate": null,
            "research_to_sale_ratio": null,
            "price_fair": 0,
            "eps_avg_yearly": 0,
            "eps_latest_yearly": 0,
            "eps_growth_yearly": 0
        },
        "20141": {
            "year_quarter": 20141,
            "year": 2014,
            "quarter": 1,
            "eps": null,
            "eps_growth_year": null,
            "eps_4q": null,
            "eps_4q_growth_year": null,
            "roe": null,
            "roe_4q": 0,
            "gross_profit": null,
            "gross_margin": null,
            "gross_margin_4q_avg": 0,
            "net_income": null,
            "net_income_4q": null,
            "revenue": null,
            "revenue_4q": null,
            "common_shares": null,
            "book_valuer_per_share": null,
            "book_valuer_per_share_4q_avg": 0,
            "equity": null,
            "current_ratio": null,
            "debt_ratio": null,
            "inventory_turnover_ratio": null,
            "account_receivable_turnover_ratio": null,
            "reinvestment_rate": null,
            "research_to_sale_ratio": null,
            "price_fair": 0,
            "eps_avg_yearly": 0,
            "eps_latest_yearly": 0,
            "eps_growth_yearly": 0
        },
        "20142": {
            "year_quarter": 20142,
            "year": 2014,
            "quarter": 2,
            "eps": null,
            "eps_growth_year": null,
            "eps_4q": null,
            "eps_4q_growth_year": null,
            "roe": null,
            "roe_4q": 0,
            "gross_profit": null,
            "gross_margin": null,
            "gross_margin_4q_avg": 0,
            "net_income": null,
            "net_income_4q": null,
            "revenue": null,
            "revenue_4q": null,
            "common_shares": 440000,
            "book_valuer_per_share": 28.06,
            "book_valuer_per_share_4q_avg": 7.02,
            "equity": 1234661,
            "current_ratio": 183.09,
            "debt_ratio": 36.77,
            "inventory_turnover_ratio": null,
            "account_receivable_turnover_ratio": null,
            "reinvestment_rate": null,
            "research_to_sale_ratio": null,
            "price_fair": 0,
            "eps_avg_yearly": 0,
            "eps_latest_yearly": 0,
            "eps_growth_yearly": 0
        },
        "20143": {
            "year_quarter": 20143,
            "year": 2014,
            "quarter": 3,
            "eps": null,
            "eps_growth_year": null,
            "eps_4q": null,
            "eps_4q_growth_year": null,
            "roe": null,
            "roe_4q": 0,
            "gross_profit": 90559,
            "gross_margin": null,
            "gross_margin_4q_avg": 0,
            "net_income": 36335,
            "net_income_4q": null,
            "revenue": 338400,
            "revenue_4q": null,
            "common_shares": 492800,
            "book_valuer_per_share": 25.92,
            "book_valuer_per_share_4q_avg": 13.5,
            "equity": 1277412,
            "current_ratio": 191.62,
            "debt_ratio": 35.6,
            "inventory_turnover_ratio": null,
            "account_receivable_turnover_ratio": null,
            "reinvestment_rate": null,
            "research_to_sale_ratio": null,
            "price_fair": 0,
            "eps_avg_yearly": 0,
            "eps_latest_yearly": 0,
            "eps_growth_yearly": 0
        },
        "20144": {
            "year_quarter": 20144,
            "year": 2014,
            "quarter": 4,
            "eps": null,
            "eps_growth_year": null,
            "eps_4q": null,
            "eps_4q_growth_year": null,
            "roe": null,
            "roe_4q": 0,
            "gross_profit": 86887,
            "gross_margin": null,
            "gross_margin_4q_avg": 0,
            "net_income": 29306,
            "net_income_4q": null,
            "revenue": 320883,
            "revenue_4q": null,
            "common_shares": 492800,
            "book_valuer_per_share": 26.64,
            "book_valuer_per_share_4q_avg": 20.16,
            "equity": 1312760,
            "current_ratio": 184.14,
            "debt_ratio": 35.19,
            "inventory_turnover_ratio": null,
            "account_receivable_turnover_ratio": null,
            "reinvestment_rate": null,
            "research_to_sale_ratio": null,
            "price_fair": 0,
            "eps_avg_yearly": 0,
            "eps_latest_yearly": 0,
            "eps_growth_yearly": 0
        },
        "20151": {
            "year_quarter": 20151,
            "year": 2015,
            "quarter": 1,
            "eps": null,
            "eps_growth_year": null,
            "eps_4q": null,
            "eps_4q_growth_year": null,
            "roe": null,
            "roe_4q": 0,
            "gross_profit": 119094,
            "gross_margin": null,
            "gross_margin_4q_avg": 0,
            "net_income": 38254,
            "net_income_4q": null,
            "revenue": 370744,
            "revenue_4q": null,
            "common_shares": 492800,
            "book_valuer_per_share": 27.45,
            "book_valuer_per_share_4q_avg": 27.02,
            "equity": 1352702,
            "current_ratio": 187.86,
            "debt_ratio": 34.33,
            "inventory_turnover_ratio": null,
            "account_receivable_turnover_ratio": null,
            "reinvestment_rate": null,
            "research_to_sale_ratio": null,
            "price_fair": 0,
            "eps_avg_yearly": 0,
            "eps_latest_yearly": 0,
            "eps_growth_yearly": 0
        },
        "20152": {
            "year_quarter": 20152,
            "year": 2015,
            "quarter": 2,
            "eps": 0.14,
            "eps_growth_year": null,
            "eps_4q": 0.14,
            "eps_4q_growth_year": null,
            "roe": 0.56,
            "roe_4q": 0.56,
            "gross_profit": 72427,
            "gross_margin": 20.51,
            "gross_margin_4q_avg": 5.13,
            "net_income": 7446,
            "net_income_4q": null,
            "revenue": 353163,
            "revenue_4q": null,
            "common_shares": 517440,
            "book_valuer_per_share": 25.36,
            "book_valuer_per_share_4q_avg": 26.34,
            "equity": 1312035,
            "current_ratio": 173.83,
            "debt_ratio": 33.76,
            "inventory_turnover_ratio": 1.02,
            "account_receivable_turnover_ratio": 2.35,
            "reinvestment_rate": null,
            "research_to_sale_ratio": null,
            "price_fair": 0,
            "eps_avg_yearly": 0,
            "eps_latest_yearly": 0,
            "eps_growth_yearly": 0
        },
        "20153": {
            "year_quarter": 20153,
            "year": 2015,
            "quarter": 3,
            "eps": 0.88,
            "eps_growth_year": null,
            "eps_4q": 1.02,
            "eps_4q_growth_year": null,
            "roe": 3.4,
            "roe_4q": 3.96,
            "gross_profit": 79989,
            "gross_margin": 27.64,
            "gross_margin_4q_avg": 12.04,
            "net_income": 45563,
            "net_income_4q": null,
            "revenue": 289362,
            "revenue_4q": null,
            "common_shares": 517440,
            "book_valuer_per_share": 26.38,
            "book_valuer_per_share_4q_avg": 26.46,
            "equity": 1364999,
            "current_ratio": 181.37,
            "debt_ratio": 32.16,
            "inventory_turnover_ratio": 0.76,
            "account_receivable_turnover_ratio": 0.98,
            "reinvestment_rate": null,
            "research_to_sale_ratio": 6.57,
            "price_fair": 123.2,
            "eps_avg_yearly": 3.52,
            "eps_latest_yearly": 3.52,
            "eps_growth_yearly": 2114.29
        },
        "20154": {
            "year_quarter": 20154,
            "year": 2015,
            "quarter": 4,
            "eps": 0.29,
            "eps_growth_year": null,
            "eps_4q": 1.32,
            "eps_4q_growth_year": null,
            "roe": 1.1,
            "roe_4q": 5.0600000000000005,
            "gross_profit": 64311,
            "gross_margin": 27.17,
            "gross_margin_4q_avg": 18.83,
            "net_income": 15112,
            "net_income_4q": null,
            "revenue": 236715,
            "revenue_4q": null,
            "common_shares": 517440,
            "book_valuer_per_share": 26.64,
            "book_valuer_per_share_4q_avg": 26.46,
            "equity": 1378264,
            "current_ratio": 183.85,
            "debt_ratio": 29.46,
            "inventory_turnover_ratio": 0.55,
            "account_receivable_turnover_ratio": 0.94,
            "reinvestment_rate": null,
            "research_to_sale_ratio": 5.49,
            "price_fair": 81.9,
            "eps_avg_yearly": 2.34,
            "eps_latest_yearly": 1.16,
            "eps_growth_yearly": 923.05
        },
        "20161": {
            "year_quarter": 20161,
            "year": 2016,
            "quarter": 1,
            "eps": 0.13,
            "eps_growth_year": null,
            "eps_4q": 1.33,
            "eps_4q_growth_year": null,
            "roe": 0.51,
            "roe_4q": 5.57,
            "gross_profit": 66423,
            "gross_margin": 25.27,
            "gross_margin_4q_avg": 25.15,
            "net_income": 7338,
            "net_income_4q": null,
            "revenue": 262900,
            "revenue_4q": null,
            "common_shares": 565700,
            "book_valuer_per_share": 26.73,
            "book_valuer_per_share_4q_avg": 26.28,
            "equity": 1512392,
            "current_ratio": 248.11,
            "debt_ratio": 21.61,
            "inventory_turnover_ratio": 0.6,
            "account_receivable_turnover_ratio": 1.25,
            "reinvestment_rate": null,
            "research_to_sale_ratio": 6.54,
            "price_fair": 60.67,
            "eps_avg_yearly": 1.73,
            "eps_latest_yearly": 0.52,
            "eps_growth_yearly": 541.8
        },
        "20162": {
            "year_quarter": 20162,
            "year": 2016,
            "quarter": 2,
            "eps": 0.35,
            "eps_growth_year": 143.22,
            "eps_4q": 1.55,
            "eps_4q_growth_year": 975.39,
            "roe": 1.31,
            "roe_4q": 6.32,
            "gross_profit": 73956,
            "gross_margin": 24.11,
            "gross_margin_4q_avg": 26.05,
            "net_income": 19529,
            "net_income_4q": null,
            "revenue": 306763,
            "revenue_4q": null,
            "common_shares": 565700,
            "book_valuer_per_share": 25.88,
            "book_valuer_per_share_4q_avg": 26.41,
            "equity": 1464223,
            "current_ratio": 202.12,
            "debt_ratio": 25.9,
            "inventory_turnover_ratio": 0.71,
            "account_receivable_turnover_ratio": 1.35,
            "reinvestment_rate": null,
            "research_to_sale_ratio": 4.05,
            "price_fair": 57.75,
            "eps_avg_yearly": 1.65,
            "eps_latest_yearly": 1.4,
            "eps_growth_yearly": 575.58
        },
        "20163": {
            "year_quarter": 20163,
            "year": 2016,
            "quarter": 3,
            "eps": 0.14,
            "eps_growth_year": -84.09,
            "eps_4q": 0.88,
            "eps_4q_growth_year": -13.83,
            "roe": 0.56,
            "roe_4q": 3.48,
            "gross_profit": 63552,
            "gross_margin": 21.05,
            "gross_margin_4q_avg": 24.4,
            "net_income": 8181,
            "net_income_4q": null,
            "revenue": 301924,
            "revenue_4q": null,
            "common_shares": 568198,
            "book_valuer_per_share": 25.89,
            "book_valuer_per_share_4q_avg": 26.29,
            "equity": 1474619,
            "current_ratio": 219.67,
            "debt_ratio": 22.55,
            "inventory_turnover_ratio": 0.8,
            "account_receivable_turnover_ratio": 1.16,
            "reinvestment_rate": null,
            "research_to_sale_ratio": 3.26,
            "price_fair": 50.12,
            "eps_avg_yearly": 1.43,
            "eps_latest_yearly": 0.56,
            "eps_growth_yearly": 412.47
        },
        "20164": {
            "year_quarter": 20164,
            "year": 2016,
            "quarter": 4,
            "eps": 0.45,
            "eps_growth_year": 54.39,
            "eps_4q": 1.07,
            "eps_4q_growth_year": -18.83,
            "roe": 1.72,
            "roe_4q": 4.1000000000000005,
            "gross_profit": 66037,
            "gross_margin": 28.39,
            "gross_margin_4q_avg": 24.71,
            "net_income": 25587,
            "net_income_4q": null,
            "revenue": 232573,
            "revenue_4q": null,
            "common_shares": 566900,
            "book_valuer_per_share": 26.46,
            "book_valuer_per_share_4q_avg": 26.24,
            "equity": 1500989,
            "current_ratio": 218.24,
            "debt_ratio": 23.65,
            "inventory_turnover_ratio": 0.57,
            "account_receivable_turnover_ratio": 0.94,
            "reinvestment_rate": null,
            "research_to_sale_ratio": 4.25,
            "price_fair": 52.27,
            "eps_avg_yearly": 1.49,
            "eps_latest_yearly": 1.8,
            "eps_growth_yearly": 491.34
        },
        "20171": {
            "year_quarter": 20171,
            "year": 2017,
            "quarter": 1,
            "eps": -0.18,
            "eps_growth_year": -238.46,
            "eps_4q": 0.76,
            "eps_4q_growth_year": -43.09,
            "roe": -0.68,
            "roe_4q": 2.91,
            "gross_profit": 55396,
            "gross_margin": 25.6,
            "gross_margin_4q_avg": 24.79,
            "net_income": -10220,
            "net_income_4q": null,
            "revenue": 216412,
            "revenue_4q": null,
            "common_shares": 567200,
            "book_valuer_per_share": 26.24,
            "book_valuer_per_share_4q_avg": 26.12,
            "equity": 1488846,
            "current_ratio": 227.58,
            "debt_ratio": 22.62,
            "inventory_turnover_ratio": 0.49,
            "account_receivable_turnover_ratio": 1.07,
            "reinvestment_rate": null,
            "research_to_sale_ratio": 3.93,
            "price_fair": 52.27,
            "eps_avg_yearly": 1.49,
            "eps_latest_yearly": 1.8,
            "eps_growth_yearly": 491.34
        },
        "20172": {
            "year_quarter": 20172,
            "year": 2017,
            "quarter": 2,
            "eps": 0.14,
            "eps_growth_year": -60,
            "eps_4q": 0.56,
            "eps_4q_growth_year": -63.81,
            "roe": 0.55,
            "roe_4q": 2.15,
            "gross_profit": 49484,
            "gross_margin": 18.91,
            "gross_margin_4q_avg": 23.49,
            "net_income": 8223,
            "net_income_4q": null,
            "revenue": 261709,
            "revenue_4q": null,
            "common_shares": 567350,
            "book_valuer_per_share": 26.15,
            "book_valuer_per_share_4q_avg": 26.19,
            "equity": 1483550,
            "current_ratio": 220.52,
            "debt_ratio": 23.9,
            "inventory_turnover_ratio": 0.63,
            "account_receivable_turnover_ratio": 1.22,
            "reinvestment_rate": null,
            "research_to_sale_ratio": 4.05,
            "price_fair": 52.27,
            "eps_avg_yearly": 1.49,
            "eps_latest_yearly": 1.8,
            "eps_growth_yearly": 491.34
        },
        "20173": {
            "year_quarter": 20173,
            "year": 2017,
            "quarter": 3,
            "eps": 0.14,
            "eps_growth_year": 0,
            "eps_4q": 0.56,
            "eps_4q_growth_year": -36.78,
            "roe": 0.55,
            "roe_4q": 2.14,
            "gross_profit": 49479,
            "gross_margin": 19.64,
            "gross_margin_4q_avg": 23.14,
            "net_income": 8181,
            "net_income_4q": null,
            "revenue": 251907,
            "revenue_4q": null,
            "common_shares": 567350,
            "book_valuer_per_share": 26.29,
            "book_valuer_per_share_4q_avg": 26.29,
            "equity": 1494334,
            "current_ratio": 226.2,
            "debt_ratio": 25.43,
            "inventory_turnover_ratio": 0.64,
            "account_receivable_turnover_ratio": 1.03,
            "reinvestment_rate": null,
            "research_to_sale_ratio": 3.86,
            "price_fair": 47.6,
            "eps_avg_yearly": 1.36,
            "eps_latest_yearly": 0.56,
            "eps_growth_yearly": 421.15
        },
        "20174": {
            "year_quarter": 20174,
            "year": 2017,
            "quarter": 4,
            "eps": -0.36,
            "eps_growth_year": -179.66,
            "eps_4q": -0.25,
            "eps_4q_growth_year": -123.43,
            "roe": -1.38,
            "roe_4q": -0.9599999999999999,
            "gross_profit": 39385,
            "gross_margin": 19.05,
            "gross_margin_4q_avg": 20.8,
            "net_income": -20417,
            "net_income_4q": null,
            "revenue": 206726,
            "revenue_4q": null,
            "common_shares": 568400,
            "book_valuer_per_share": 25.87,
            "book_valuer_per_share_4q_avg": 26.14,
            "equity": 1470275,
            "current_ratio": 276.82,
            "debt_ratio": 25.94,
            "inventory_turnover_ratio": 0.58,
            "account_receivable_turnover_ratio": 0.98,
            "reinvestment_rate": null,
            "research_to_sale_ratio": 4.56,
            "price_fair": 47.6,
            "eps_avg_yearly": 1.36,
            "eps_latest_yearly": 0.56,
            "eps_growth_yearly": 421.15
        },
        "20181": {
            "year_quarter": 20181,
            "year": 2018,
            "quarter": 1,
            "eps": 0.18,
            "eps_growth_year": null,
            "eps_4q": 0.11,
            "eps_4q_growth_year": -85.29,
            "roe": 0.7,
            "roe_4q": 0.42000000000000015,
            "gross_profit": 61501,
            "gross_margin": 23.72,
            "gross_margin_4q_avg": 20.33,
            "net_income": 10360,
            "net_income_4q": null,
            "revenue": 259324,
            "revenue_4q": null,
            "common_shares": 568400,
            "book_valuer_per_share": 26.08,
            "book_valuer_per_share_4q_avg": 26.1,
            "equity": 1482424,
            "current_ratio": 238.29,
            "debt_ratio": 28.53,
            "inventory_turnover_ratio": 0.68,
            "account_receivable_turnover_ratio": 1.35,
            "reinvestment_rate": null,
            "research_to_sale_ratio": 4.19,
            "price_fair": 47.6,
            "eps_avg_yearly": 1.36,
            "eps_latest_yearly": 0.56,
            "eps_growth_yearly": 421.15
        },
        "20182": {
            "year_quarter": 20182,
            "year": 2018,
            "quarter": 2,
            "eps": 0.88,
            "eps_growth_year": 528.57,
            "eps_4q": 0.84,
            "eps_4q_growth_year": 50.64,
            "roe": 3.33,
            "roe_4q": 3.2,
            "gross_profit": 78982,
            "gross_margin": 25.25,
            "gross_margin_4q_avg": 21.92,
            "net_income": 49824,
            "net_income_4q": null,
            "revenue": 312837,
            "revenue_4q": null,
            "common_shares": 568400,
            "book_valuer_per_share": 26.64,
            "book_valuer_per_share_4q_avg": 26.22,
            "equity": 1514104,
            "current_ratio": 219.46,
            "debt_ratio": 31.62,
            "inventory_turnover_ratio": 0.78,
            "account_receivable_turnover_ratio": 1.28,
            "reinvestment_rate": 3.27,
            "research_to_sale_ratio": 2.89,
            "price_fair": 57.05,
            "eps_avg_yearly": 1.63,
            "eps_latest_yearly": 3.52,
            "eps_growth_yearly": 562.95
        },
        "20183": {
            "year_quarter": 20183,
            "year": 2018,
            "quarter": 3,
            "eps": 0.56,
            "eps_growth_year": 300,
            "eps_4q": 1.26,
            "eps_4q_growth_year": 125.79,
            "roe": 2.09,
            "roe_4q": 4.74,
            "gross_profit": 83454,
            "gross_margin": 28.32,
            "gross_margin_4q_avg": 24.09,
            "net_income": 31976,
            "net_income_4q": null,
            "revenue": 294668,
            "revenue_4q": null,
            "common_shares": 568400,
            "book_valuer_per_share": 27.14,
            "book_valuer_per_share_4q_avg": 26.43,
            "equity": 1543926,
            "current_ratio": 230.3,
            "debt_ratio": 30.49,
            "inventory_turnover_ratio": 0.73,
            "account_receivable_turnover_ratio": 1.06,
            "reinvestment_rate": 1.15,
            "research_to_sale_ratio": 3.61,
            "price_fair": 59.42,
            "eps_avg_yearly": 1.7,
            "eps_latest_yearly": 2.24,
            "eps_growth_yearly": 484.24
        },
        "20184": {
            "year_quarter": 20184,
            "year": 2018,
            "quarter": 4,
            "eps": 0.21,
            "eps_growth_year": null,
            "eps_4q": 1.83,
            "eps_4q_growth_year": null,
            "roe": 0.78,
            "roe_4q": 6.9,
            "gross_profit": 47877,
            "gross_margin": 24.91,
            "gross_margin_4q_avg": 25.55,
            "net_income": 12065,
            "net_income_4q": null,
            "revenue": 192174,
            "revenue_4q": null,
            "common_shares": 568900,
            "book_valuer_per_share": 27.37,
            "book_valuer_per_share_4q_avg": 26.81,
            "equity": 1557076,
            "current_ratio": 203.78,
            "debt_ratio": 28.15,
            "inventory_turnover_ratio": 0.47,
            "account_receivable_turnover_ratio": 0.87,
            "reinvestment_rate": -1.74,
            "research_to_sale_ratio": 4.11,
            "price_fair": 56.42,
            "eps_avg_yearly": 1.61,
            "eps_latest_yearly": 0.84,
            "eps_growth_yearly": 410.82
        },
        "20191": {
            "year_quarter": 20191,
            "year": 2019,
            "quarter": 1,
            "eps": 0.16,
            "eps_growth_year": -11.11,
            "eps_4q": 1.81,
            "eps_4q_growth_year": 1520.01,
            "roe": 0.6,
            "roe_4q": 6.8,
            "gross_profit": 47616,
            "gross_margin": 19.92,
            "gross_margin_4q_avg": 24.6,
            "net_income": 9309,
            "net_income_4q": null,
            "revenue": 239026,
            "revenue_4q": null,
            "common_shares": 568900,
            "book_valuer_per_share": 27.55,
            "book_valuer_per_share_4q_avg": 27.18,
            "equity": 1569784,
            "current_ratio": 204.59,
            "debt_ratio": 28.68,
            "inventory_turnover_ratio": 0.59,
            "account_receivable_turnover_ratio": 1.31,
            "reinvestment_rate": -3.05,
            "research_to_sale_ratio": 4.28,
            "price_fair": 53.33,
            "eps_avg_yearly": 1.52,
            "eps_latest_yearly": 0.64,
            "eps_growth_yearly": 364.81
        },
        "20192": {
            "year_quarter": 20192,
            "year": 2019,
            "quarter": 2,
            "eps": 0.25,
            "eps_growth_year": -71.59,
            "eps_4q": 1.18,
            "eps_4q_growth_year": 39.91,
            "roe": 0.9,
            "roe_4q": 4.37,
            "gross_profit": 51680,
            "gross_margin": 20.36,
            "gross_margin_4q_avg": 23.38,
            "net_income": 13889,
            "net_income_4q": null,
            "revenue": 253796,
            "revenue_4q": null,
            "common_shares": 569700,
            "book_valuer_per_share": 26.78,
            "book_valuer_per_share_4q_avg": 27.21,
            "equity": 1525801,
            "current_ratio": 215.09,
            "debt_ratio": 30.07,
            "inventory_turnover_ratio": 0.65,
            "account_receivable_turnover_ratio": 1.21,
            "reinvestment_rate": -4.64,
            "research_to_sale_ratio": 4.08,
            "price_fair": 51.8,
            "eps_avg_yearly": 1.48,
            "eps_latest_yearly": 1,
            "eps_growth_yearly": 353.16
        },
        "20193": {
            "year_quarter": 20193,
            "year": 2019,
            "quarter": 3,
            "eps": 0.11,
            "eps_growth_year": -80.36,
            "eps_4q": 0.73,
            "eps_4q_growth_year": -42.25,
            "roe": 0.41,
            "roe_4q": 2.6900000000000004,
            "gross_profit": 37677,
            "gross_margin": 16.5,
            "gross_margin_4q_avg": 20.42,
            "net_income": 6198,
            "net_income_4q": null,
            "revenue": 228365,
            "revenue_4q": null,
            "common_shares": 569700,
            "book_valuer_per_share": 26.85,
            "book_valuer_per_share_4q_avg": 27.14,
            "equity": 1529679,
            "current_ratio": 230.4,
            "debt_ratio": 27.98,
            "inventory_turnover_ratio": 0.65,
            "account_receivable_turnover_ratio": 0.98,
            "reinvestment_rate": -2.81,
            "research_to_sale_ratio": 3.73,
            "price_fair": 42.82,
            "eps_avg_yearly": 1.22,
            "eps_latest_yearly": 0.44,
            "eps_growth_yearly": 158.3
        },
        "20194": {
            "year_quarter": 20194,
            "year": 2019,
            "quarter": 4,
            "eps": -0.19,
            "eps_growth_year": -191.62,
            "eps_4q": 0.32,
            "eps_4q_growth_year": -82.44,
            "roe": -0.73,
            "roe_4q": 1.1800000000000002,
            "gross_profit": 37231,
            "gross_margin": 18.89,
            "gross_margin_4q_avg": 18.92,
            "net_income": -11069,
            "net_income_4q": null,
            "revenue": 197089,
            "revenue_4q": null,
            "common_shares": 569700,
            "book_valuer_per_share": 26.62,
            "book_valuer_per_share_4q_avg": 26.95,
            "equity": 1516668,
            "current_ratio": 228.35,
            "debt_ratio": 27.52,
            "inventory_turnover_ratio": 0.57,
            "account_receivable_turnover_ratio": 0.92,
            "reinvestment_rate": -11.89,
            "research_to_sale_ratio": 3.62,
            "price_fair": 43.02,
            "eps_avg_yearly": 1.23,
            "eps_latest_yearly": 0.44,
            "eps_growth_yearly": 197.07
        },
        "20201": {
            "year_quarter": 20201,
            "year": 2020,
            "quarter": 1,
            "eps": -0.03,
            "eps_growth_year": -118.75,
            "eps_4q": 0.13,
            "eps_4q_growth_year": -92.97,
            "roe": -0.12,
            "roe_4q": 0.46,
            "gross_profit": 34725,
            "gross_margin": 17.2,
            "gross_margin_4q_avg": 18.24,
            "net_income": -1772,
            "net_income_4q": null,
            "revenue": 201885,
            "revenue_4q": null,
            "common_shares": 569700,
            "book_valuer_per_share": 25.79,
            "book_valuer_per_share_4q_avg": 26.51,
            "equity": 1469140,
            "current_ratio": 204.27,
            "debt_ratio": 30.54,
            "inventory_turnover_ratio": 0.58,
            "account_receivable_turnover_ratio": 1.06,
            "reinvestment_rate": -11.61,
            "research_to_sale_ratio": 3.4,
            "price_fair": 45.5,
            "eps_avg_yearly": 1.3,
            "eps_latest_yearly": 0.44,
            "eps_growth_yearly": 238.85
        },
        "20202": {
            "year_quarter": 20202,
            "year": 2020,
            "quarter": 2,
            "eps": 0.08,
            "eps_growth_year": -68,
            "eps_4q": -0.04,
            "eps_4q_growth_year": -103.4,
            "roe": 0.3,
            "roe_4q": -0.14000000000000007,
            "gross_profit": 32276,
            "gross_margin": 16.87,
            "gross_margin_4q_avg": 17.37,
            "net_income": 4397,
            "net_income_4q": null,
            "revenue": 191337,
            "revenue_4q": null,
            "common_shares": 569700,
            "book_valuer_per_share": 26.12,
            "book_valuer_per_share_4q_avg": 26.35,
            "equity": 1464127,
            "current_ratio": 187.78,
            "debt_ratio": 32.8,
            "inventory_turnover_ratio": 0.54,
            "account_receivable_turnover_ratio": 0.99,
            "reinvestment_rate": 75.59,
            "research_to_sale_ratio": 3.39,
            "price_fair": 45.11,
            "eps_avg_yearly": 1.29,
            "eps_latest_yearly": 0.44,
            "eps_growth_yearly": 190.18
        },
        "20203": {
            "year_quarter": 20203,
            "year": 2020,
            "quarter": 3,
            "eps": 0.12,
            "eps_growth_year": 9.09,
            "eps_4q": -0.03,
            "eps_4q_growth_year": -103.9,
            "roe": 0.47,
            "roe_4q": -0.07999999999999996,
            "gross_profit": 47275,
            "gross_margin": 19,
            "gross_margin_4q_avg": 17.99,
            "net_income": 6855,
            "net_income_4q": null,
            "revenue": 248817,
            "revenue_4q": null,
            "common_shares": 569700,
            "book_valuer_per_share": 26.21,
            "book_valuer_per_share_4q_avg": 26.19,
            "equity": 1469087,
            "current_ratio": 178.12,
            "debt_ratio": 32.98,
            "inventory_turnover_ratio": 0.76,
            "account_receivable_turnover_ratio": 1.17,
            "reinvestment_rate": 154.27,
            "research_to_sale_ratio": 3.02,
            "price_fair": 44.8,
            "eps_avg_yearly": 1.28,
            "eps_latest_yearly": 0.48,
            "eps_growth_yearly": 239.06
        },
        "20204": {
            "year_quarter": 20204,
            "year": 2020,
            "quarter": 4,
            "eps": 0.02,
            "eps_growth_year": null,
            "eps_4q": 0.19,
            "eps_4q_growth_year": -40.66,
            "roe": 0.08,
            "roe_4q": 0.7299999999999999,
            "gross_profit": 40906,
            "gross_margin": 24.2,
            "gross_margin_4q_avg": 19.32,
            "net_income": 1218,
            "net_income_4q": null,
            "revenue": 169013,
            "revenue_4q": null,
            "common_shares": 569700,
            "book_valuer_per_share": 26.37,
            "book_valuer_per_share_4q_avg": 26.12,
            "equity": 1477837,
            "current_ratio": 201.77,
            "debt_ratio": 31.69,
            "inventory_turnover_ratio": 0.52,
            "account_receivable_turnover_ratio": 0.87,
            "reinvestment_rate": 187.47,
            "research_to_sale_ratio": 4.11,
            "price_fair": 38.11,
            "eps_avg_yearly": 1.09,
            "eps_latest_yearly": 0.08,
            "eps_growth_yearly": 103.61
        },
        "20211": {
            "year_quarter": 20211,
            "year": 2021,
            "quarter": 1,
            "eps": 0.22,
            "eps_growth_year": null,
            "eps_4q": 0.45,
            "eps_4q_growth_year": 251.08,
            "roe": 0.85,
            "roe_4q": 1.7,
            "gross_profit": 45805,
            "gross_margin": 22.45,
            "gross_margin_4q_avg": 20.63,
            "net_income": 12557,
            "net_income_4q": null,
            "revenue": 204011,
            "revenue_4q": null,
            "common_shares": 569700,
            "book_valuer_per_share": 26.56,
            "book_valuer_per_share_4q_avg": 26.32,
            "equity": 1488585,
            "current_ratio": 192.76,
            "debt_ratio": 32.4,
            "inventory_turnover_ratio": 0.62,
            "account_receivable_turnover_ratio": 1.13,
            "reinvestment_rate": 166.31,
            "research_to_sale_ratio": 3.45,
            "price_fair": 37.38,
            "eps_avg_yearly": 1.07,
            "eps_latest_yearly": 0.88,
            "eps_growth_yearly": 493.25
        },
        "20212": {
            "year_quarter": 20212,
            "year": 2021,
            "quarter": 2,
            "eps": 0.18,
            "eps_growth_year": 125,
            "eps_4q": 0.55,
            "eps_4q_growth_year": null,
            "roe": 0.67,
            "roe_4q": 2.0700000000000003,
            "gross_profit": 57534,
            "gross_margin": 22.67,
            "gross_margin_4q_avg": 22.08,
            "net_income": 10071,
            "net_income_4q": null,
            "revenue": 253837,
            "revenue_4q": null,
            "common_shares": 569700,
            "book_valuer_per_share": 26.75,
            "book_valuer_per_share_4q_avg": 26.47,
            "equity": 1499240,
            "current_ratio": 191.42,
            "debt_ratio": 34.3,
            "inventory_turnover_ratio": 0.73,
            "account_receivable_turnover_ratio": 1.07,
            "reinvestment_rate": 211.18,
            "research_to_sale_ratio": 2.39,
            "price_fair": 36.27,
            "eps_avg_yearly": 1.04,
            "eps_latest_yearly": 0.72,
            "eps_growth_yearly": 441.8
        },
        "20213": {
            "year_quarter": 20213,
            "year": 2021,
            "quarter": 3,
            "eps": 0.18,
            "eps_growth_year": 50,
            "eps_4q": 0.61,
            "eps_4q_growth_year": null,
            "roe": 0.68,
            "roe_4q": 2.2800000000000002,
            "gross_profit": 46842,
            "gross_margin": 17.64,
            "gross_margin_4q_avg": 21.74,
            "net_income": 10266,
            "net_income_4q": null,
            "revenue": 265614,
            "revenue_4q": null,
            "common_shares": 569700,
            "book_valuer_per_share": 26.91,
            "book_valuer_per_share_4q_avg": 26.65,
            "equity": 1508411,
            "current_ratio": 194.14,
            "debt_ratio": 34.33,
            "inventory_turnover_ratio": 0.82,
            "account_receivable_turnover_ratio": 0.95,
            "reinvestment_rate": 216.35,
            "research_to_sale_ratio": 2.12,
            "price_fair": 36.78,
            "eps_avg_yearly": 1.05,
            "eps_latest_yearly": 0.72,
            "eps_growth_yearly": 441.8
        },
        "20214": {
            "year_quarter": 20214,
            "year": 2021,
            "quarter": 4,
            "eps": -0.05,
            "eps_growth_year": -343.52,
            "eps_4q": 0.53,
            "eps_4q_growth_year": 179.75,
            "roe": -0.2,
            "roe_4q": 2,
            "gross_profit": 27750,
            "gross_margin": 13.62,
            "gross_margin_4q_avg": 19.1,
            "net_income": -2966,
            "net_income_4q": null,
            "revenue": 203727,
            "revenue_4q": null,
            "common_shares": 569700,
            "book_valuer_per_share": 26.86,
            "book_valuer_per_share_4q_avg": 26.77,
            "equity": 1505634,
            "current_ratio": 180.03,
            "debt_ratio": 34.05,
            "inventory_turnover_ratio": 0.64,
            "account_receivable_turnover_ratio": 0.78,
            "reinvestment_rate": 186.65,
            "research_to_sale_ratio": 1.83,
            "price_fair": 36.78,
            "eps_avg_yearly": 1.05,
            "eps_latest_yearly": 0.72,
            "eps_growth_yearly": 441.8
        },
        "20221": {
            "year_quarter": 20221,
            "year": 2022,
            "quarter": 1,
            "eps": 0.59,
            "eps_growth_year": 168.18,
            "eps_4q": 0.9,
            "eps_4q_growth_year": 102.43,
            "roe": 2.19,
            "roe_4q": 3.34,
            "gross_profit": 52277,
            "gross_margin": 23.59,
            "gross_margin_4q_avg": 19.38,
            "net_income": 33291,
            "net_income_4q": null,
            "revenue": 221647,
            "revenue_4q": null,
            "common_shares": 569700,
            "book_valuer_per_share": 27.41,
            "book_valuer_per_share_4q_avg": 26.98,
            "equity": 1536112,
            "current_ratio": 190.81,
            "debt_ratio": 33.07,
            "inventory_turnover_ratio": 0.58,
            "account_receivable_turnover_ratio": 0.95,
            "reinvestment_rate": 147.61,
            "research_to_sale_ratio": 1.82,
            "price_fair": 36.78,
            "eps_avg_yearly": 1.05,
            "eps_latest_yearly": 0.72,
            "eps_growth_yearly": 441.8
        },
        "20222": {
            "year_quarter": 20222,
            "year": 2022,
            "quarter": 2,
            "eps": 0.92,
            "eps_growth_year": 411.11,
            "eps_4q": 1.65,
            "eps_4q_growth_year": 201.01,
            "roe": 3.32,
            "roe_4q": 5.989999999999999,
            "gross_profit": 83288,
            "gross_margin": 31.85,
            "gross_margin_4q_avg": 21.68,
            "net_income": 51823,
            "net_income_4q": null,
            "revenue": 261538,
            "revenue_4q": null,
            "common_shares": 569700,
            "book_valuer_per_share": 28.22,
            "book_valuer_per_share_4q_avg": 27.35,
            "equity": 1581443,
            "current_ratio": 197.12,
            "debt_ratio": 33.62,
            "inventory_turnover_ratio": 0.62,
            "account_receivable_turnover_ratio": 0.99,
            "reinvestment_rate": 141.9,
            "research_to_sale_ratio": 1.37,
            "price_fair": 37.29,
            "eps_avg_yearly": 1.07,
            "eps_latest_yearly": 3.68,
            "eps_growth_yearly": 320.73
        },
        "20223": {
            "year_quarter": 20223,
            "year": 2022,
            "quarter": 3,
            "eps": 1.4,
            "eps_growth_year": 677.78,
            "eps_4q": 2.87,
            "eps_4q_growth_year": 371.26,
            "roe": 4.85,
            "roe_4q": 10.16,
            "gross_profit": 84389,
            "gross_margin": 28.56,
            "gross_margin_4q_avg": 24.41,
            "net_income": 78609,
            "net_income_4q": null,
            "revenue": 295468,
            "revenue_4q": null,
            "common_shares": 569700,
            "book_valuer_per_share": 29.58,
            "book_valuer_per_share_4q_avg": 28.02,
            "equity": 1657897,
            "current_ratio": 205.22,
            "debt_ratio": 33.43,
            "inventory_turnover_ratio": 0.74,
            "account_receivable_turnover_ratio": 0.94,
            "reinvestment_rate": 113.91,
            "research_to_sale_ratio": 1.35,
            "price_fair": 47.98,
            "eps_avg_yearly": 1.37,
            "eps_latest_yearly": 5.6,
            "eps_growth_yearly": 352.92
        },
        "20224": {
            "year_quarter": 20224,
            "year": 2022,
            "quarter": 4,
            "eps": -0.43,
            "eps_growth_year": null,
            "eps_4q": 2.49,
            "eps_4q_growth_year": 366.82,
            "roe": -1.46,
            "roe_4q": 8.899999999999999,
            "gross_profit": 34844,
            "gross_margin": 18.79,
            "gross_margin_4q_avg": 25.7,
            "net_income": -24013,
            "net_income_4q": null,
            "revenue": 185426,
            "revenue_4q": null,
            "common_shares": 569700,
            "book_valuer_per_share": 29.19,
            "book_valuer_per_share_4q_avg": 28.6,
            "equity": 1635750,
            "current_ratio": 199.28,
            "debt_ratio": 32.74,
            "inventory_turnover_ratio": 0.55,
            "account_receivable_turnover_ratio": 0.75,
            "reinvestment_rate": 115.98,
            "research_to_sale_ratio": 1.84,
            "price_fair": 49.84,
            "eps_avg_yearly": 1.42,
            "eps_latest_yearly": 5.6,
            "eps_growth_yearly": 413.21
        },
        "20231": {
            "year_quarter": 20231,
            "year": 2023,
            "quarter": 1,
            "eps": 0.63,
            "eps_growth_year": 6.78,
            "eps_4q": 2.53,
            "eps_4q_growth_year": 179.36,
            "roe": 2.17,
            "roe_4q": 8.879999999999999,
            "gross_profit": 76063,
            "gross_margin": 35.23,
            "gross_margin_4q_avg": 28.61,
            "net_income": 35112,
            "net_income_4q": null,
            "revenue": 215921,
            "revenue_4q": null,
            "common_shares": 569700,
            "book_valuer_per_share": 28.64,
            "book_valuer_per_share_4q_avg": 28.91,
            "equity": 1605169,
            "current_ratio": 184.82,
            "debt_ratio": 35.22,
            "inventory_turnover_ratio": 0.51,
            "account_receivable_turnover_ratio": 1.12,
            "reinvestment_rate": 98.34,
            "research_to_sale_ratio": 1.69,
            "price_fair": 52.89,
            "eps_avg_yearly": 1.51,
            "eps_latest_yearly": 5.6,
            "eps_growth_yearly": 469.71
        },
        "20232": {
            "year_quarter": 20232,
            "year": 2023,
            "quarter": 2,
            "eps": 0.97,
            "eps_growth_year": 5.43,
            "eps_4q": 2.57,
            "eps_4q_growth_year": 55.82,
            "roe": 3.33,
            "roe_4q": 8.89,
            "gross_profit": 75054,
            "gross_margin": 29.32,
            "gross_margin_4q_avg": 27.98,
            "net_income": 54288,
            "net_income_4q": null,
            "revenue": 255988,
            "revenue_4q": null,
            "common_shares": 569700,
            "book_valuer_per_share": 29.61,
            "book_valuer_per_share_4q_avg": 29.26,
            "equity": 1659394,
            "current_ratio": 196.58,
            "debt_ratio": 33.83,
            "inventory_turnover_ratio": 0.7,
            "account_receivable_turnover_ratio": 1.08,
            "reinvestment_rate": 82.53,
            "research_to_sale_ratio": 1.62,
            "price_fair": 64.09,
            "eps_avg_yearly": 1.83,
            "eps_latest_yearly": 3.88,
            "eps_growth_yearly": 468.69
        }
    },
    "months": {
        "2014-10": {
            "month": "2014-10",
            "price": "47.74",
            "revenue": 118275
        },
        "2014-11": {
            "month": "2014-11",
            "price": "39.88",
            "revenue": 96078
        },
        "2014-12": {
            "month": "2014-12",
            "price": "41.27",
            "revenue": 106596
        },
        "2015-01": {
            "month": "2015-01",
            "price": "52.42",
            "revenue": 104539
        },
        "2015-02": {
            "month": "2015-02",
            "price": "58.83",
            "revenue": 97750
        },
        "2015-03": {
            "month": "2015-03",
            "price": "57.60",
            "revenue": 168445
        },
        "2015-04": {
            "month": "2015-04",
            "price": "57.76",
            "revenue": 128204
        },
        "2015-05": {
            "month": "2015-05",
            "price": "54.31",
            "revenue": 112662
        },
        "2015-06": {
            "month": "2015-06",
            "price": "47.92",
            "revenue": 112245
        },
        "2015-07": {
            "month": "2015-07",
            "price": "44.02",
            "revenue": 113076
        },
        "2015-08": {
            "month": "2015-08",
            "price": "41.37",
            "revenue": 96660
        },
        "2015-09": {
            "month": "2015-09",
            "price": "39.86",
            "revenue": 79614
        },
        "2015-10": {
            "month": "2015-10",
            "price": "39.03",
            "revenue": 69426
        },
        "2015-11": {
            "month": "2015-11",
            "price": "40.92",
            "revenue": 83142
        },
        "2015-12": {
            "month": "2015-12",
            "price": "41.50",
            "revenue": 84780
        },
        "2016-01": {
            "month": "2016-01",
            "price": "36.45",
            "revenue": 87334
        },
        "2016-02": {
            "month": "2016-02",
            "price": "35.25",
            "revenue": 63431
        },
        "2016-03": {
            "month": "2016-03",
            "price": "31.36",
            "revenue": 111326
        },
        "2016-04": {
            "month": "2016-04",
            "price": "30.54",
            "revenue": 106493
        },
        "2016-05": {
            "month": "2016-05",
            "price": "26.77",
            "revenue": 103434
        },
        "2016-06": {
            "month": "2016-06",
            "price": "24.46",
            "revenue": 97635
        },
        "2016-07": {
            "month": "2016-07",
            "price": "23.15",
            "revenue": 103995
        },
        "2016-08": {
            "month": "2016-08",
            "price": "23.19",
            "revenue": 115762
        },
        "2016-09": {
            "month": "2016-09",
            "price": "23.64",
            "revenue": 82206
        },
        "2016-10": {
            "month": "2016-10",
            "price": "22.25",
            "revenue": 71898
        },
        "2016-11": {
            "month": "2016-11",
            "price": "21.52",
            "revenue": 78424
        },
        "2016-12": {
            "month": "2016-12",
            "price": "20.51",
            "revenue": 82199
        },
        "2017-01": {
            "month": "2017-01",
            "price": "20.72",
            "revenue": 69966
        },
        "2017-02": {
            "month": "2017-02",
            "price": "22.36",
            "revenue": 59504
        },
        "2017-03": {
            "month": "2017-03",
            "price": "22.07",
            "revenue": 86957
        },
        "2017-04": {
            "month": "2017-04",
            "price": "20.28",
            "revenue": 72779
        },
        "2017-05": {
            "month": "2017-05",
            "price": "19.43",
            "revenue": 93643
        },
        "2017-06": {
            "month": "2017-06",
            "price": "19.74",
            "revenue": 95246
        },
        "2017-07": {
            "month": "2017-07",
            "price": "19.97",
            "revenue": 85845
        },
        "2017-08": {
            "month": "2017-08",
            "price": "20.52",
            "revenue": 93166
        },
        "2017-09": {
            "month": "2017-09",
            "price": "20.98",
            "revenue": 74597
        },
        "2017-10": {
            "month": "2017-10",
            "price": "19.92",
            "revenue": 65607
        },
        "2017-11": {
            "month": "2017-11",
            "price": "19.34",
            "revenue": 64057
        },
        "2017-12": {
            "month": "2017-12",
            "price": "18.85",
            "revenue": 75352
        },
        "2018-01": {
            "month": "2018-01",
            "price": "18.74",
            "revenue": 90772
        },
        "2018-02": {
            "month": "2018-02",
            "price": "18.49",
            "revenue": 74798
        },
        "2018-03": {
            "month": "2018-03",
            "price": "19.06",
            "revenue": 93755
        },
        "2018-04": {
            "month": "2018-04",
            "price": "19.22",
            "revenue": 95095
        },
        "2018-05": {
            "month": "2018-05",
            "price": "19.41",
            "revenue": 103441
        },
        "2018-06": {
            "month": "2018-06",
            "price": "21.43",
            "revenue": 114330
        },
        "2018-07": {
            "month": "2018-07",
            "price": "22.52",
            "revenue": 105104
        },
        "2018-08": {
            "month": "2018-08",
            "price": "24.84",
            "revenue": 115711
        },
        "2018-09": {
            "month": "2018-09",
            "price": "24.09",
            "revenue": 73745
        },
        "2018-10": {
            "month": "2018-10",
            "price": "19.75",
            "revenue": 78002
        },
        "2018-11": {
            "month": "2018-11",
            "price": "18.80",
            "revenue": 53699
        },
        "2018-12": {
            "month": "2018-12",
            "price": "18.56",
            "revenue": 60551
        },
        "2019-01": {
            "month": "2019-01",
            "price": "20.70",
            "revenue": 85856
        },
        "2019-02": {
            "month": "2019-02",
            "price": "20.46",
            "revenue": 64701
        },
        "2019-03": {
            "month": "2019-03",
            "price": "20.56",
            "revenue": 88453
        },
        "2019-04": {
            "month": "2019-04",
            "price": "21.54",
            "revenue": 91168
        },
        "2019-05": {
            "month": "2019-05",
            "price": "21.43",
            "revenue": 83981
        },
        "2019-06": {
            "month": "2019-06",
            "price": "20.33",
            "revenue": 78630
        },
        "2019-07": {
            "month": "2019-07",
            "price": "20.17",
            "revenue": 90211
        },
        "2019-08": {
            "month": "2019-08",
            "price": "19.94",
            "revenue": 74744
        },
        "2019-09": {
            "month": "2019-09",
            "price": "19.52",
            "revenue": 63243
        },
        "2019-10": {
            "month": "2019-10",
            "price": "19.09",
            "revenue": 63938
        },
        "2019-11": {
            "month": "2019-11",
            "price": "18.66",
            "revenue": 54340
        },
        "2019-12": {
            "month": "2019-12",
            "price": "18.14",
            "revenue": 78831
        },
        "2020-01": {
            "month": "2020-01",
            "price": "18.18",
            "revenue": 58121
        },
        "2020-02": {
            "month": "2020-02",
            "price": "17.55",
            "revenue": 60830
        },
        "2020-03": {
            "month": "2020-03",
            "price": "14.27",
            "revenue": 82834
        },
        "2020-04": {
            "month": "2020-04",
            "price": "15.12",
            "revenue": 71283
        },
        "2020-05": {
            "month": "2020-05",
            "price": "15.48",
            "revenue": 43899
        },
        "2020-06": {
            "month": "2020-06",
            "price": "15.05",
            "revenue": 76097
        },
        "2020-07": {
            "month": "2020-07",
            "price": "14.63",
            "revenue": 93684
        },
        "2020-08": {
            "month": "2020-08",
            "price": "14.61",
            "revenue": 84843
        },
        "2020-09": {
            "month": "2020-09",
            "price": "16.15",
            "revenue": 70426
        },
        "2020-10": {
            "month": "2020-10",
            "price": "15.78",
            "revenue": 59436
        },
        "2020-11": {
            "month": "2020-11",
            "price": "15.56",
            "revenue": 52619
        },
        "2020-12": {
            "month": "2020-12",
            "price": "15.92",
            "revenue": 56933
        },
        "2021-01": {
            "month": "2021-01",
            "price": "15.90",
            "revenue": 68602
        },
        "2021-02": {
            "month": "2021-02",
            "price": "15.95",
            "revenue": 44746
        },
        "2021-03": {
            "month": "2021-03",
            "price": "16.08",
            "revenue": 90649
        },
        "2021-04": {
            "month": "2021-04",
            "price": "16.43",
            "revenue": 82506
        },
        "2021-05": {
            "month": "2021-05",
            "price": "15.68",
            "revenue": 80982
        },
        "2021-06": {
            "month": "2021-06",
            "price": "15.90",
            "revenue": 90337
        },
        "2021-07": {
            "month": "2021-07",
            "price": "16.95",
            "revenue": 93832
        },
        "2021-08": {
            "month": "2021-08",
            "price": "16.73",
            "revenue": 85852
        },
        "2021-09": {
            "month": "2021-09",
            "price": "18.40",
            "revenue": 85973
        },
        "2021-10": {
            "month": "2021-10",
            "price": "18.77",
            "revenue": 65455
        },
        "2021-11": {
            "month": "2021-11",
            "price": "18.79",
            "revenue": 71231
        },
        "2021-12": {
            "month": "2021-12",
            "price": "18.75",
            "revenue": 66986
        },
        "2022-01": {
            "month": "2022-01",
            "price": "18.54",
            "revenue": 71098
        },
        "2022-02": {
            "month": "2022-02",
            "price": "18.85",
            "revenue": 57681
        },
        "2022-03": {
            "month": "2022-03",
            "price": "18.39",
            "revenue": 92864
        },
        "2022-04": {
            "month": "2022-04",
            "price": "17.77",
            "revenue": 76074
        },
        "2022-05": {
            "month": "2022-05",
            "price": "18.37",
            "revenue": 87864
        },
        "2022-06": {
            "month": "2022-06",
            "price": "22.23",
            "revenue": 97568
        },
        "2022-07": {
            "month": "2022-07",
            "price": "24.40",
            "revenue": 104248
        },
        "2022-08": {
            "month": "2022-08",
            "price": "30.48",
            "revenue": 103911
        },
        "2022-09": {
            "month": "2022-09",
            "price": "27.72",
            "revenue": 87572
        },
        "2022-10": {
            "month": "2022-10",
            "price": "22.71",
            "revenue": 58241
        },
        "2022-11": {
            "month": "2022-11",
            "price": "24.28",
            "revenue": 69636
        },
        "2022-12": {
            "month": "2022-12",
            "price": "24.70",
            "revenue": 57233
        },
        "2023-01": {
            "month": "2023-01",
            "price": "23.18",
            "revenue": 46155
        },
        "2023-02": {
            "month": "2023-02",
            "price": "24.21",
            "revenue": 67770
        },
        "2023-03": {
            "month": "2023-03",
            "price": "28.02",
            "revenue": 102427
        },
        "2023-04": {
            "month": "2023-04",
            "price": "27.91",
            "revenue": 83386
        },
        "2023-05": {
            "month": "2023-05",
            "price": "30.31",
            "revenue": 92438
        },
        "2023-06": {
            "month": "2023-06",
            "price": "56.49",
            "revenue": 79737
        },
        "2023-07": {
            "month": "2023-07",
            "price": "56.35",
            "revenue": 63829
        },
        "2023-08": {
            "month": "2023-08",
            "price": "44.16",
            "revenue": 57632
        },
        "2023-09": {
            "month": "2023-09",
            "price": "40.97",
            "revenue": 53993
        }
    }
}
