{
    "summary": {
        "stock_name": "銘鈺",
        "stock_id": "4545",
        "category": "電子零組件",
        "main_business": "音圈馬達上下板<br>硬碟機沖壓零組件<br>其他",
        "website_url": "https://www.mapi.com.tw",
        "ceo": "方光義",
        "pe_ratio": 18,
        "report_year_from": 2011,
        "report_year_to": 2023,
        "age": 12,
        "eps_negative_percentage": 20,
        "eps_growth_avg": {
            "last_all": 20.68,
            "last_2y": 93.68,
            "last_4y": 45.26,
            "last_8y": null,
            "last_12y": null,
            "last_16y": null,
            "last_20y": null,
            "at_2006_last_3y": null,
            "at_2007_last_3y": null,
            "at_2008_last_3y": null,
            "at_2009_last_3y": null,
            "at_2010_last_3y": null,
            "at_2011_last_3y": null,
            "at_2012_last_3y": null,
            "at_2013_last_3y": null,
            "at_2014_last_3y": null,
            "at_2015_last_3y": null,
            "at_2016_last_3y": null,
            "at_2017_last_3y": null,
            "at_2018_last_3y": -34.08,
            "at_2019_last_3y": -78.77,
            "at_2020_last_3y": -30.97,
            "at_2021_last_3y": 33.33,
            "at_2022_last_3y": 93.68,
            "at_2023_last_3y": 93.68,
            "at_2006_last_all": null,
            "at_2007_last_all": null,
            "at_2008_last_all": null,
            "at_2009_last_all": null,
            "at_2010_last_all": null,
            "at_2011_last_all": null,
            "at_2012_last_all": null,
            "at_2013_last_all": null,
            "at_2014_last_all": null,
            "at_2015_last_all": null,
            "at_2016_last_all": 28.3,
            "at_2017_last_all": -12.1,
            "at_2018_last_all": -34.08,
            "at_2019_last_all": -34.08,
            "at_2020_last_all": -7.26,
            "at_2021_last_all": 10.62,
            "at_2022_last_all": 20.68,
            "at_2023_last_all": 20.68
        },
        "latest_eps": 1.65,
        "latest_price": 30.4,
        "latest_roe": 6.92,
        "latest_gross_margin": 11.68,
        "latest_equity": 1897294,
        "latest_revenue": 623029,
        "latest_gross_profit": 72748,
        "latest_net_income": -2197,
        "latest_debt_ratio": 41.09,
        "latest_current_ratio": 191.92,
        "latest_account_receivable_turnover_ratio": 0.98,
        "latest_inventory_turnover_ratio": 1.09,
        "latest_reinvestment_rate": -7.49,
        "latest_research_to_sale_ratio": 1.92
    },
    "eps_dividends": {
        "2001": {
            "cash": 0,
            "stock": 0,
            "eps": 0
        },
        "2002": {
            "cash": 0,
            "stock": 0,
            "eps": 0
        },
        "2003": {
            "cash": 0,
            "stock": 0,
            "eps": 0
        },
        "2004": {
            "cash": 0,
            "stock": 0,
            "eps": 0
        },
        "2005": {
            "cash": 0,
            "stock": 0,
            "eps": 0
        },
        "2006": {
            "cash": 0,
            "stock": 0,
            "eps": 0
        },
        "2007": {
            "cash": 0,
            "stock": 0,
            "eps": 0
        },
        "2008": {
            "cash": 0,
            "stock": 0,
            "eps": 0
        },
        "2009": {
            "cash": 0,
            "stock": 0,
            "eps": 0
        },
        "2010": {
            "cash": 0,
            "stock": 0,
            "eps": 0
        },
        "2011": {
            "cash": 0,
            "stock": 0,
            "eps": 0
        },
        "2012": {
            "cash": 0,
            "stock": 0,
            "eps": 0
        },
        "2013": {
            "cash": 0,
            "stock": 3,
            "eps": 0
        },
        "2014": {
            "cash": 3,
            "stock": 1,
            "eps": 1.49
        },
        "2015": {
            "cash": 6,
            "stock": 1,
            "eps": 5.23
        },
        "2016": {
            "cash": 6,
            "stock": 0,
            "eps": 2.96
        },
        "2017": {
            "cash": 2,
            "stock": 0,
            "eps": 0.21
        },
        "2018": {
            "cash": 1,
            "stock": 0,
            "eps": -0.74
        },
        "2019": {
            "cash": 0,
            "stock": 0,
            "eps": 0.18
        },
        "2020": {
            "cash": 0,
            "stock": 0,
            "eps": 0.39
        },
        "2021": {
            "cash": 1,
            "stock": 0,
            "eps": 1.16
        },
        "2022": {
            "cash": 1,
            "stock": 0,
            "eps": 2.1
        },
        "2023": {
            "cash": 2,
            "stock": 0,
            "eps": -0.03
        }
    },
    "dividends": {
        "2013-04-01": {
            "cash": 0.27,
            "stock": 2.7
        },
        "2014-04-17": {
            "cash": 2.8,
            "stock": 1
        },
        "2015-08-31": {
            "cash": 6.2,
            "stock": 1
        },
        "2016-07-20": {
            "cash": 5.5,
            "stock": 0
        },
        "2017-09-15": {
            "cash": 2.25,
            "stock": 0
        },
        "2018-08-16": {
            "cash": 0.5,
            "stock": 0
        },
        "2019-08-02": {
            "cash": 0.35,
            "stock": 0
        },
        "2020-07-30": {
            "cash": 0.35,
            "stock": 0
        },
        "2021-08-20": {
            "cash": 0.55,
            "stock": 0
        },
        "2022-07-28": {
            "cash": 0.7,
            "stock": 0
        },
        "2023-03-17": {
            "cash": 1.5,
            "stock": 0
        }
    },
    "prices": {
        "200101": "無",
        "200102": "無",
        "200103": "無",
        "200104": "無",
        "200105": "無",
        "200106": "無",
        "200107": "無",
        "200108": "無",
        "200109": "無",
        "200110": "無",
        "200111": "無",
        "200112": "無",
        "200201": "無",
        "200202": "無",
        "200203": "無",
        "200204": "無",
        "200205": "無",
        "200206": "無",
        "200207": "無",
        "200208": "無",
        "200209": "無",
        "200210": "無",
        "200211": "無",
        "200212": "無",
        "200301": "無",
        "200302": "無",
        "200303": "無",
        "200304": "無",
        "200305": "無",
        "200306": "無",
        "200307": "無",
        "200308": "無",
        "200309": "無",
        "200310": "無",
        "200311": "無",
        "200312": "無",
        "200401": "無",
        "200402": "無",
        "200403": "無",
        "200404": "無",
        "200405": "無",
        "200406": "無",
        "200407": "無",
        "200408": "無",
        "200409": "無",
        "200410": "無",
        "200411": "無",
        "200412": "無",
        "200501": "無",
        "200502": "無",
        "200503": "無",
        "200504": "無",
        "200505": "無",
        "200506": "無",
        "200507": "無",
        "200508": "無",
        "200509": "無",
        "200510": "無",
        "200511": "無",
        "200512": "無",
        "200601": "無",
        "200602": "無",
        "200603": "無",
        "200604": "無",
        "200605": "無",
        "200606": "無",
        "200607": "無",
        "200608": "無",
        "200609": "無",
        "200610": "無",
        "200611": "無",
        "200612": "無",
        "200701": "無",
        "200702": "無",
        "200703": "無",
        "200704": "無",
        "200705": "無",
        "200706": "無",
        "200707": "無",
        "200708": "無",
        "200709": "無",
        "200710": "無",
        "200711": "無",
        "200712": "無",
        "200801": "無",
        "200802": "無",
        "200803": "無",
        "200804": "無",
        "200805": "無",
        "200806": "無",
        "200807": "無",
        "200808": "無",
        "200809": "無",
        "200810": "無",
        "200811": "無",
        "200812": "無",
        "200901": "無",
        "200902": "無",
        "200903": "無",
        "200904": "無",
        "200905": "無",
        "200906": "無",
        "200907": "無",
        "200908": "無",
        "200909": "無",
        "200910": "無",
        "200911": "無",
        "200912": "無",
        "201001": "無",
        "201002": "無",
        "201003": "無",
        "201004": "無",
        "201005": "無",
        "201006": "無",
        "201007": "無",
        "201008": "無",
        "201009": "無",
        "201010": "無",
        "201011": "無",
        "201012": "無",
        "201101": "無",
        "201102": "無",
        "201103": "無",
        "201104": "無",
        "201105": "無",
        "201106": "無",
        "201107": "無",
        "201108": "無",
        "201109": "無",
        "201110": "無",
        "201111": "無",
        "201112": "無",
        "201201": "無",
        "201202": "無",
        "201203": "無",
        "201204": "無",
        "201205": "無",
        "201206": "無",
        "201207": "無",
        "201208": "無",
        "201209": "無",
        "201210": "無",
        "201211": "無",
        "201212": "無",
        "201301": "無",
        "201302": "無",
        "201303": "無",
        "201304": "48.90",
        "201305": "49.44",
        "201306": "66.58",
        "201307": "61.91",
        "201308": "55.70",
        "201309": "58.60",
        "201310": "70.12",
        "201311": "69.56",
        "201312": "72.64",
        "201401": "96.57",
        "201402": "104.26",
        "201403": "129.25",
        "201404": "131.65",
        "201405": "117.63",
        "201406": "114.25",
        "201407": "137.30",
        "201408": "119.26",
        "201409": "100.03",
        "201410": "92.42",
        "201411": "94.62",
        "201412": "103.74",
        "201501": "99.08",
        "201502": "99.76",
        "201503": "110.01",
        "201504": "116.65",
        "201505": "116.29",
        "201506": "110.82",
        "201507": "103.79",
        "201508": "100.49",
        "201509": "97.25",
        "201510": "97.51",
        "201511": "107.43",
        "201512": "119.26",
        "201601": "76.69",
        "201602": "78.62",
        "201603": "84.72",
        "201604": "77.36",
        "201605": "62.37",
        "201606": "61.65",
        "201607": "53.06",
        "201608": "47.35",
        "201609": "45.43",
        "201610": "52.21",
        "201611": "43.35",
        "201612": "43.00",
        "201701": "45.25",
        "201702": "46.28",
        "201703": "44.82",
        "201704": "41.06",
        "201705": "36.53",
        "201706": "35.40",
        "201707": "37.53",
        "201708": "34.00",
        "201709": "34.93",
        "201710": "41.16",
        "201711": "47.02",
        "201712": "43.96",
        "201801": "42.71",
        "201802": "35.51",
        "201803": "34.21",
        "201804": "40.36",
        "201805": "38.54",
        "201806": "34.50",
        "201807": "33.91",
        "201808": "32.84",
        "201809": "31.57",
        "201810": "28.50",
        "201811": "25.79",
        "201812": "25.15",
        "201901": "25.22",
        "201902": "25.08",
        "201903": "25.93",
        "201904": "25.07",
        "201905": "24.26",
        "201906": "22.91",
        "201907": "23.46",
        "201908": "23.59",
        "201909": "22.30",
        "201910": "21.90",
        "201911": "24.41",
        "201912": "26.99",
        "202001": "23.60",
        "202002": "24.87",
        "202003": "25.55",
        "202004": "25.59",
        "202005": "26.96",
        "202006": "29.42",
        "202007": "31.79",
        "202008": "30.98",
        "202009": "30.61",
        "202010": "30.02",
        "202011": "35.30",
        "202012": "31.08",
        "202101": "30.03",
        "202102": "29.78",
        "202103": "29.25",
        "202104": "32.08",
        "202105": "27.52",
        "202106": "27.03",
        "202107": "27.96",
        "202108": "27.48",
        "202109": "26.63",
        "202110": "25.84",
        "202111": "27.49",
        "202112": "28.83",
        "202201": "28.10",
        "202202": "28.50",
        "202203": "30.72",
        "202204": "30.46",
        "202205": "29.23",
        "202206": "29.37",
        "202207": "26.06",
        "202208": "29.19",
        "202209": "28.59",
        "202210": "27.50",
        "202211": "27.97",
        "202212": "29.08",
        "202301": "30.43",
        "202302": "30.76",
        "202303": "32.03",
        "202304": "32.44",
        "202305": "30.50"
    },
    "quarters": {
        "20011": {
            "year_quarter": 20011,
            "year": 2001,
            "quarter": 1,
            "eps": null,
            "eps_growth_year": null,
            "eps_4q": null,
            "eps_4q_growth_year": null,
            "roe": null,
            "roe_4q": 0,
            "gross_profit": null,
            "gross_margin": null,
            "gross_margin_4q_avg": 0,
            "net_income": null,
            "revenue": null,
            "common_shares": null,
            "book_valuer_per_share": null,
            "book_valuer_per_share_4q_avg": 0,
            "equity": null,
            "current_ratio": null,
            "debt_ratio": null,
            "inventory_turnover_ratio": null,
            "account_receivable_turnover_ratio": null,
            "reinvestment_rate": null,
            "research_to_sale_ratio": null,
            "price_fair": 0,
            "eps_avg_yearly": 0,
            "eps_latest_yearly": 0,
            "eps_growth_yearly": 0
        },
        "20012": {
            "year_quarter": 20012,
            "year": 2001,
            "quarter": 2,
            "eps": null,
            "eps_growth_year": null,
            "eps_4q": null,
            "eps_4q_growth_year": null,
            "roe": null,
            "roe_4q": 0,
            "gross_profit": null,
            "gross_margin": null,
            "gross_margin_4q_avg": 0,
            "net_income": null,
            "revenue": null,
            "common_shares": null,
            "book_valuer_per_share": null,
            "book_valuer_per_share_4q_avg": 0,
            "equity": null,
            "current_ratio": null,
            "debt_ratio": null,
            "inventory_turnover_ratio": null,
            "account_receivable_turnover_ratio": null,
            "reinvestment_rate": null,
            "research_to_sale_ratio": null,
            "price_fair": 0,
            "eps_avg_yearly": 0,
            "eps_latest_yearly": 0,
            "eps_growth_yearly": 0
        },
        "20013": {
            "year_quarter": 20013,
            "year": 2001,
            "quarter": 3,
            "eps": null,
            "eps_growth_year": null,
            "eps_4q": null,
            "eps_4q_growth_year": null,
            "roe": null,
            "roe_4q": 0,
            "gross_profit": null,
            "gross_margin": null,
            "gross_margin_4q_avg": 0,
            "net_income": null,
            "revenue": null,
            "common_shares": null,
            "book_valuer_per_share": null,
            "book_valuer_per_share_4q_avg": 0,
            "equity": null,
            "current_ratio": null,
            "debt_ratio": null,
            "inventory_turnover_ratio": null,
            "account_receivable_turnover_ratio": null,
            "reinvestment_rate": null,
            "research_to_sale_ratio": null,
            "price_fair": 0,
            "eps_avg_yearly": 0,
            "eps_latest_yearly": 0,
            "eps_growth_yearly": 0
        },
        "20014": {
            "year_quarter": 20014,
            "year": 2001,
            "quarter": 4,
            "eps": null,
            "eps_growth_year": null,
            "eps_4q": null,
            "eps_4q_growth_year": null,
            "roe": null,
            "roe_4q": 0,
            "gross_profit": null,
            "gross_margin": null,
            "gross_margin_4q_avg": 0,
            "net_income": null,
            "revenue": null,
            "common_shares": null,
            "book_valuer_per_share": null,
            "book_valuer_per_share_4q_avg": 0,
            "equity": null,
            "current_ratio": null,
            "debt_ratio": null,
            "inventory_turnover_ratio": null,
            "account_receivable_turnover_ratio": null,
            "reinvestment_rate": null,
            "research_to_sale_ratio": null,
            "price_fair": 0,
            "eps_avg_yearly": 0,
            "eps_latest_yearly": 0,
            "eps_growth_yearly": 0
        },
        "20021": {
            "year_quarter": 20021,
            "year": 2002,
            "quarter": 1,
            "eps": null,
            "eps_growth_year": null,
            "eps_4q": null,
            "eps_4q_growth_year": null,
            "roe": null,
            "roe_4q": 0,
            "gross_profit": null,
            "gross_margin": null,
            "gross_margin_4q_avg": 0,
            "net_income": null,
            "revenue": null,
            "common_shares": null,
            "book_valuer_per_share": null,
            "book_valuer_per_share_4q_avg": 0,
            "equity": null,
            "current_ratio": null,
            "debt_ratio": null,
            "inventory_turnover_ratio": null,
            "account_receivable_turnover_ratio": null,
            "reinvestment_rate": null,
            "research_to_sale_ratio": null,
            "price_fair": 0,
            "eps_avg_yearly": 0,
            "eps_latest_yearly": 0,
            "eps_growth_yearly": 0
        },
        "20022": {
            "year_quarter": 20022,
            "year": 2002,
            "quarter": 2,
            "eps": null,
            "eps_growth_year": null,
            "eps_4q": null,
            "eps_4q_growth_year": null,
            "roe": null,
            "roe_4q": 0,
            "gross_profit": null,
            "gross_margin": null,
            "gross_margin_4q_avg": 0,
            "net_income": null,
            "revenue": null,
            "common_shares": null,
            "book_valuer_per_share": null,
            "book_valuer_per_share_4q_avg": 0,
            "equity": null,
            "current_ratio": null,
            "debt_ratio": null,
            "inventory_turnover_ratio": null,
            "account_receivable_turnover_ratio": null,
            "reinvestment_rate": null,
            "research_to_sale_ratio": null,
            "price_fair": 0,
            "eps_avg_yearly": 0,
            "eps_latest_yearly": 0,
            "eps_growth_yearly": 0
        },
        "20023": {
            "year_quarter": 20023,
            "year": 2002,
            "quarter": 3,
            "eps": null,
            "eps_growth_year": null,
            "eps_4q": null,
            "eps_4q_growth_year": null,
            "roe": null,
            "roe_4q": 0,
            "gross_profit": null,
            "gross_margin": null,
            "gross_margin_4q_avg": 0,
            "net_income": null,
            "revenue": null,
            "common_shares": null,
            "book_valuer_per_share": null,
            "book_valuer_per_share_4q_avg": 0,
            "equity": null,
            "current_ratio": null,
            "debt_ratio": null,
            "inventory_turnover_ratio": null,
            "account_receivable_turnover_ratio": null,
            "reinvestment_rate": null,
            "research_to_sale_ratio": null,
            "price_fair": 0,
            "eps_avg_yearly": 0,
            "eps_latest_yearly": 0,
            "eps_growth_yearly": 0
        },
        "20024": {
            "year_quarter": 20024,
            "year": 2002,
            "quarter": 4,
            "eps": null,
            "eps_growth_year": null,
            "eps_4q": null,
            "eps_4q_growth_year": null,
            "roe": null,
            "roe_4q": 0,
            "gross_profit": null,
            "gross_margin": null,
            "gross_margin_4q_avg": 0,
            "net_income": null,
            "revenue": null,
            "common_shares": null,
            "book_valuer_per_share": null,
            "book_valuer_per_share_4q_avg": 0,
            "equity": null,
            "current_ratio": null,
            "debt_ratio": null,
            "inventory_turnover_ratio": null,
            "account_receivable_turnover_ratio": null,
            "reinvestment_rate": null,
            "research_to_sale_ratio": null,
            "price_fair": 0,
            "eps_avg_yearly": 0,
            "eps_latest_yearly": 0,
            "eps_growth_yearly": 0
        },
        "20031": {
            "year_quarter": 20031,
            "year": 2003,
            "quarter": 1,
            "eps": null,
            "eps_growth_year": null,
            "eps_4q": null,
            "eps_4q_growth_year": null,
            "roe": null,
            "roe_4q": 0,
            "gross_profit": null,
            "gross_margin": null,
            "gross_margin_4q_avg": 0,
            "net_income": null,
            "revenue": null,
            "common_shares": null,
            "book_valuer_per_share": null,
            "book_valuer_per_share_4q_avg": 0,
            "equity": null,
            "current_ratio": null,
            "debt_ratio": null,
            "inventory_turnover_ratio": null,
            "account_receivable_turnover_ratio": null,
            "reinvestment_rate": null,
            "research_to_sale_ratio": null,
            "price_fair": 0,
            "eps_avg_yearly": 0,
            "eps_latest_yearly": 0,
            "eps_growth_yearly": 0
        },
        "20032": {
            "year_quarter": 20032,
            "year": 2003,
            "quarter": 2,
            "eps": null,
            "eps_growth_year": null,
            "eps_4q": null,
            "eps_4q_growth_year": null,
            "roe": null,
            "roe_4q": 0,
            "gross_profit": null,
            "gross_margin": null,
            "gross_margin_4q_avg": 0,
            "net_income": null,
            "revenue": null,
            "common_shares": null,
            "book_valuer_per_share": null,
            "book_valuer_per_share_4q_avg": 0,
            "equity": null,
            "current_ratio": null,
            "debt_ratio": null,
            "inventory_turnover_ratio": null,
            "account_receivable_turnover_ratio": null,
            "reinvestment_rate": null,
            "research_to_sale_ratio": null,
            "price_fair": 0,
            "eps_avg_yearly": 0,
            "eps_latest_yearly": 0,
            "eps_growth_yearly": 0
        },
        "20033": {
            "year_quarter": 20033,
            "year": 2003,
            "quarter": 3,
            "eps": null,
            "eps_growth_year": null,
            "eps_4q": null,
            "eps_4q_growth_year": null,
            "roe": null,
            "roe_4q": 0,
            "gross_profit": null,
            "gross_margin": null,
            "gross_margin_4q_avg": 0,
            "net_income": null,
            "revenue": null,
            "common_shares": null,
            "book_valuer_per_share": null,
            "book_valuer_per_share_4q_avg": 0,
            "equity": null,
            "current_ratio": null,
            "debt_ratio": null,
            "inventory_turnover_ratio": null,
            "account_receivable_turnover_ratio": null,
            "reinvestment_rate": null,
            "research_to_sale_ratio": null,
            "price_fair": 0,
            "eps_avg_yearly": 0,
            "eps_latest_yearly": 0,
            "eps_growth_yearly": 0
        },
        "20034": {
            "year_quarter": 20034,
            "year": 2003,
            "quarter": 4,
            "eps": null,
            "eps_growth_year": null,
            "eps_4q": null,
            "eps_4q_growth_year": null,
            "roe": null,
            "roe_4q": 0,
            "gross_profit": null,
            "gross_margin": null,
            "gross_margin_4q_avg": 0,
            "net_income": null,
            "revenue": null,
            "common_shares": null,
            "book_valuer_per_share": null,
            "book_valuer_per_share_4q_avg": 0,
            "equity": null,
            "current_ratio": null,
            "debt_ratio": null,
            "inventory_turnover_ratio": null,
            "account_receivable_turnover_ratio": null,
            "reinvestment_rate": null,
            "research_to_sale_ratio": null,
            "price_fair": 0,
            "eps_avg_yearly": 0,
            "eps_latest_yearly": 0,
            "eps_growth_yearly": 0
        },
        "20041": {
            "year_quarter": 20041,
            "year": 2004,
            "quarter": 1,
            "eps": null,
            "eps_growth_year": null,
            "eps_4q": null,
            "eps_4q_growth_year": null,
            "roe": null,
            "roe_4q": 0,
            "gross_profit": null,
            "gross_margin": null,
            "gross_margin_4q_avg": 0,
            "net_income": null,
            "revenue": null,
            "common_shares": null,
            "book_valuer_per_share": null,
            "book_valuer_per_share_4q_avg": 0,
            "equity": null,
            "current_ratio": null,
            "debt_ratio": null,
            "inventory_turnover_ratio": null,
            "account_receivable_turnover_ratio": null,
            "reinvestment_rate": null,
            "research_to_sale_ratio": null,
            "price_fair": 0,
            "eps_avg_yearly": 0,
            "eps_latest_yearly": 0,
            "eps_growth_yearly": 0
        },
        "20042": {
            "year_quarter": 20042,
            "year": 2004,
            "quarter": 2,
            "eps": null,
            "eps_growth_year": null,
            "eps_4q": null,
            "eps_4q_growth_year": null,
            "roe": null,
            "roe_4q": 0,
            "gross_profit": null,
            "gross_margin": null,
            "gross_margin_4q_avg": 0,
            "net_income": null,
            "revenue": null,
            "common_shares": null,
            "book_valuer_per_share": null,
            "book_valuer_per_share_4q_avg": 0,
            "equity": null,
            "current_ratio": null,
            "debt_ratio": null,
            "inventory_turnover_ratio": null,
            "account_receivable_turnover_ratio": null,
            "reinvestment_rate": null,
            "research_to_sale_ratio": null,
            "price_fair": 0,
            "eps_avg_yearly": 0,
            "eps_latest_yearly": 0,
            "eps_growth_yearly": 0
        },
        "20043": {
            "year_quarter": 20043,
            "year": 2004,
            "quarter": 3,
            "eps": null,
            "eps_growth_year": null,
            "eps_4q": null,
            "eps_4q_growth_year": null,
            "roe": null,
            "roe_4q": 0,
            "gross_profit": null,
            "gross_margin": null,
            "gross_margin_4q_avg": 0,
            "net_income": null,
            "revenue": null,
            "common_shares": null,
            "book_valuer_per_share": null,
            "book_valuer_per_share_4q_avg": 0,
            "equity": null,
            "current_ratio": null,
            "debt_ratio": null,
            "inventory_turnover_ratio": null,
            "account_receivable_turnover_ratio": null,
            "reinvestment_rate": null,
            "research_to_sale_ratio": null,
            "price_fair": 0,
            "eps_avg_yearly": 0,
            "eps_latest_yearly": 0,
            "eps_growth_yearly": 0
        },
        "20044": {
            "year_quarter": 20044,
            "year": 2004,
            "quarter": 4,
            "eps": null,
            "eps_growth_year": null,
            "eps_4q": null,
            "eps_4q_growth_year": null,
            "roe": null,
            "roe_4q": 0,
            "gross_profit": null,
            "gross_margin": null,
            "gross_margin_4q_avg": 0,
            "net_income": null,
            "revenue": null,
            "common_shares": null,
            "book_valuer_per_share": null,
            "book_valuer_per_share_4q_avg": 0,
            "equity": null,
            "current_ratio": null,
            "debt_ratio": null,
            "inventory_turnover_ratio": null,
            "account_receivable_turnover_ratio": null,
            "reinvestment_rate": null,
            "research_to_sale_ratio": null,
            "price_fair": 0,
            "eps_avg_yearly": 0,
            "eps_latest_yearly": 0,
            "eps_growth_yearly": 0
        },
        "20051": {
            "year_quarter": 20051,
            "year": 2005,
            "quarter": 1,
            "eps": null,
            "eps_growth_year": null,
            "eps_4q": null,
            "eps_4q_growth_year": null,
            "roe": null,
            "roe_4q": 0,
            "gross_profit": null,
            "gross_margin": null,
            "gross_margin_4q_avg": 0,
            "net_income": null,
            "revenue": null,
            "common_shares": null,
            "book_valuer_per_share": null,
            "book_valuer_per_share_4q_avg": 0,
            "equity": null,
            "current_ratio": null,
            "debt_ratio": null,
            "inventory_turnover_ratio": null,
            "account_receivable_turnover_ratio": null,
            "reinvestment_rate": null,
            "research_to_sale_ratio": null,
            "price_fair": 0,
            "eps_avg_yearly": 0,
            "eps_latest_yearly": 0,
            "eps_growth_yearly": 0
        },
        "20052": {
            "year_quarter": 20052,
            "year": 2005,
            "quarter": 2,
            "eps": null,
            "eps_growth_year": null,
            "eps_4q": null,
            "eps_4q_growth_year": null,
            "roe": null,
            "roe_4q": 0,
            "gross_profit": null,
            "gross_margin": null,
            "gross_margin_4q_avg": 0,
            "net_income": null,
            "revenue": null,
            "common_shares": null,
            "book_valuer_per_share": null,
            "book_valuer_per_share_4q_avg": 0,
            "equity": null,
            "current_ratio": null,
            "debt_ratio": null,
            "inventory_turnover_ratio": null,
            "account_receivable_turnover_ratio": null,
            "reinvestment_rate": null,
            "research_to_sale_ratio": null,
            "price_fair": 0,
            "eps_avg_yearly": 0,
            "eps_latest_yearly": 0,
            "eps_growth_yearly": 0
        },
        "20053": {
            "year_quarter": 20053,
            "year": 2005,
            "quarter": 3,
            "eps": null,
            "eps_growth_year": null,
            "eps_4q": null,
            "eps_4q_growth_year": null,
            "roe": null,
            "roe_4q": 0,
            "gross_profit": null,
            "gross_margin": null,
            "gross_margin_4q_avg": 0,
            "net_income": null,
            "revenue": null,
            "common_shares": null,
            "book_valuer_per_share": null,
            "book_valuer_per_share_4q_avg": 0,
            "equity": null,
            "current_ratio": null,
            "debt_ratio": null,
            "inventory_turnover_ratio": null,
            "account_receivable_turnover_ratio": null,
            "reinvestment_rate": null,
            "research_to_sale_ratio": null,
            "price_fair": 0,
            "eps_avg_yearly": 0,
            "eps_latest_yearly": 0,
            "eps_growth_yearly": 0
        },
        "20054": {
            "year_quarter": 20054,
            "year": 2005,
            "quarter": 4,
            "eps": null,
            "eps_growth_year": null,
            "eps_4q": null,
            "eps_4q_growth_year": null,
            "roe": null,
            "roe_4q": 0,
            "gross_profit": null,
            "gross_margin": null,
            "gross_margin_4q_avg": 0,
            "net_income": null,
            "revenue": null,
            "common_shares": null,
            "book_valuer_per_share": null,
            "book_valuer_per_share_4q_avg": 0,
            "equity": null,
            "current_ratio": null,
            "debt_ratio": null,
            "inventory_turnover_ratio": null,
            "account_receivable_turnover_ratio": null,
            "reinvestment_rate": null,
            "research_to_sale_ratio": null,
            "price_fair": 0,
            "eps_avg_yearly": 0,
            "eps_latest_yearly": 0,
            "eps_growth_yearly": 0
        },
        "20061": {
            "year_quarter": 20061,
            "year": 2006,
            "quarter": 1,
            "eps": null,
            "eps_growth_year": null,
            "eps_4q": null,
            "eps_4q_growth_year": null,
            "roe": null,
            "roe_4q": 0,
            "gross_profit": null,
            "gross_margin": null,
            "gross_margin_4q_avg": 0,
            "net_income": null,
            "revenue": null,
            "common_shares": null,
            "book_valuer_per_share": null,
            "book_valuer_per_share_4q_avg": 0,
            "equity": null,
            "current_ratio": null,
            "debt_ratio": null,
            "inventory_turnover_ratio": null,
            "account_receivable_turnover_ratio": null,
            "reinvestment_rate": null,
            "research_to_sale_ratio": null,
            "price_fair": 0,
            "eps_avg_yearly": 0,
            "eps_latest_yearly": 0,
            "eps_growth_yearly": 0
        },
        "20062": {
            "year_quarter": 20062,
            "year": 2006,
            "quarter": 2,
            "eps": null,
            "eps_growth_year": null,
            "eps_4q": null,
            "eps_4q_growth_year": null,
            "roe": null,
            "roe_4q": 0,
            "gross_profit": null,
            "gross_margin": null,
            "gross_margin_4q_avg": 0,
            "net_income": null,
            "revenue": null,
            "common_shares": null,
            "book_valuer_per_share": null,
            "book_valuer_per_share_4q_avg": 0,
            "equity": null,
            "current_ratio": null,
            "debt_ratio": null,
            "inventory_turnover_ratio": null,
            "account_receivable_turnover_ratio": null,
            "reinvestment_rate": null,
            "research_to_sale_ratio": null,
            "price_fair": 0,
            "eps_avg_yearly": 0,
            "eps_latest_yearly": 0,
            "eps_growth_yearly": 0
        },
        "20063": {
            "year_quarter": 20063,
            "year": 2006,
            "quarter": 3,
            "eps": null,
            "eps_growth_year": null,
            "eps_4q": null,
            "eps_4q_growth_year": null,
            "roe": null,
            "roe_4q": 0,
            "gross_profit": null,
            "gross_margin": null,
            "gross_margin_4q_avg": 0,
            "net_income": null,
            "revenue": null,
            "common_shares": null,
            "book_valuer_per_share": null,
            "book_valuer_per_share_4q_avg": 0,
            "equity": null,
            "current_ratio": null,
            "debt_ratio": null,
            "inventory_turnover_ratio": null,
            "account_receivable_turnover_ratio": null,
            "reinvestment_rate": null,
            "research_to_sale_ratio": null,
            "price_fair": 0,
            "eps_avg_yearly": 0,
            "eps_latest_yearly": 0,
            "eps_growth_yearly": 0
        },
        "20064": {
            "year_quarter": 20064,
            "year": 2006,
            "quarter": 4,
            "eps": null,
            "eps_growth_year": null,
            "eps_4q": null,
            "eps_4q_growth_year": null,
            "roe": null,
            "roe_4q": 0,
            "gross_profit": null,
            "gross_margin": null,
            "gross_margin_4q_avg": 0,
            "net_income": null,
            "revenue": null,
            "common_shares": null,
            "book_valuer_per_share": null,
            "book_valuer_per_share_4q_avg": 0,
            "equity": null,
            "current_ratio": null,
            "debt_ratio": null,
            "inventory_turnover_ratio": null,
            "account_receivable_turnover_ratio": null,
            "reinvestment_rate": null,
            "research_to_sale_ratio": null,
            "price_fair": 0,
            "eps_avg_yearly": 0,
            "eps_latest_yearly": 0,
            "eps_growth_yearly": 0
        },
        "20071": {
            "year_quarter": 20071,
            "year": 2007,
            "quarter": 1,
            "eps": null,
            "eps_growth_year": null,
            "eps_4q": null,
            "eps_4q_growth_year": null,
            "roe": null,
            "roe_4q": 0,
            "gross_profit": null,
            "gross_margin": null,
            "gross_margin_4q_avg": 0,
            "net_income": null,
            "revenue": null,
            "common_shares": null,
            "book_valuer_per_share": null,
            "book_valuer_per_share_4q_avg": 0,
            "equity": null,
            "current_ratio": null,
            "debt_ratio": null,
            "inventory_turnover_ratio": null,
            "account_receivable_turnover_ratio": null,
            "reinvestment_rate": null,
            "research_to_sale_ratio": null,
            "price_fair": 0,
            "eps_avg_yearly": 0,
            "eps_latest_yearly": 0,
            "eps_growth_yearly": 0
        },
        "20072": {
            "year_quarter": 20072,
            "year": 2007,
            "quarter": 2,
            "eps": null,
            "eps_growth_year": null,
            "eps_4q": null,
            "eps_4q_growth_year": null,
            "roe": null,
            "roe_4q": 0,
            "gross_profit": null,
            "gross_margin": null,
            "gross_margin_4q_avg": 0,
            "net_income": null,
            "revenue": null,
            "common_shares": null,
            "book_valuer_per_share": null,
            "book_valuer_per_share_4q_avg": 0,
            "equity": null,
            "current_ratio": null,
            "debt_ratio": null,
            "inventory_turnover_ratio": null,
            "account_receivable_turnover_ratio": null,
            "reinvestment_rate": null,
            "research_to_sale_ratio": null,
            "price_fair": 0,
            "eps_avg_yearly": 0,
            "eps_latest_yearly": 0,
            "eps_growth_yearly": 0
        },
        "20073": {
            "year_quarter": 20073,
            "year": 2007,
            "quarter": 3,
            "eps": null,
            "eps_growth_year": null,
            "eps_4q": null,
            "eps_4q_growth_year": null,
            "roe": null,
            "roe_4q": 0,
            "gross_profit": null,
            "gross_margin": null,
            "gross_margin_4q_avg": 0,
            "net_income": null,
            "revenue": null,
            "common_shares": null,
            "book_valuer_per_share": null,
            "book_valuer_per_share_4q_avg": 0,
            "equity": null,
            "current_ratio": null,
            "debt_ratio": null,
            "inventory_turnover_ratio": null,
            "account_receivable_turnover_ratio": null,
            "reinvestment_rate": null,
            "research_to_sale_ratio": null,
            "price_fair": 0,
            "eps_avg_yearly": 0,
            "eps_latest_yearly": 0,
            "eps_growth_yearly": 0
        },
        "20074": {
            "year_quarter": 20074,
            "year": 2007,
            "quarter": 4,
            "eps": null,
            "eps_growth_year": null,
            "eps_4q": null,
            "eps_4q_growth_year": null,
            "roe": null,
            "roe_4q": 0,
            "gross_profit": null,
            "gross_margin": null,
            "gross_margin_4q_avg": 0,
            "net_income": null,
            "revenue": null,
            "common_shares": 409000,
            "book_valuer_per_share": 16.28,
            "book_valuer_per_share_4q_avg": 4.07,
            "equity": 665728,
            "current_ratio": 275.69,
            "debt_ratio": 29,
            "inventory_turnover_ratio": null,
            "account_receivable_turnover_ratio": null,
            "reinvestment_rate": null,
            "research_to_sale_ratio": null,
            "price_fair": 0,
            "eps_avg_yearly": 0,
            "eps_latest_yearly": 0,
            "eps_growth_yearly": 0
        },
        "20081": {
            "year_quarter": 20081,
            "year": 2008,
            "quarter": 1,
            "eps": null,
            "eps_growth_year": null,
            "eps_4q": null,
            "eps_4q_growth_year": null,
            "roe": null,
            "roe_4q": 0,
            "gross_profit": null,
            "gross_margin": null,
            "gross_margin_4q_avg": 0,
            "net_income": null,
            "revenue": null,
            "common_shares": null,
            "book_valuer_per_share": null,
            "book_valuer_per_share_4q_avg": 4.07,
            "equity": null,
            "current_ratio": null,
            "debt_ratio": null,
            "inventory_turnover_ratio": null,
            "account_receivable_turnover_ratio": null,
            "reinvestment_rate": null,
            "research_to_sale_ratio": null,
            "price_fair": 0,
            "eps_avg_yearly": 0,
            "eps_latest_yearly": 0,
            "eps_growth_yearly": 0
        },
        "20082": {
            "year_quarter": 20082,
            "year": 2008,
            "quarter": 2,
            "eps": null,
            "eps_growth_year": null,
            "eps_4q": null,
            "eps_4q_growth_year": null,
            "roe": null,
            "roe_4q": 0,
            "gross_profit": null,
            "gross_margin": null,
            "gross_margin_4q_avg": 0,
            "net_income": null,
            "revenue": null,
            "common_shares": null,
            "book_valuer_per_share": null,
            "book_valuer_per_share_4q_avg": 4.07,
            "equity": null,
            "current_ratio": null,
            "debt_ratio": null,
            "inventory_turnover_ratio": null,
            "account_receivable_turnover_ratio": null,
            "reinvestment_rate": null,
            "research_to_sale_ratio": null,
            "price_fair": 0,
            "eps_avg_yearly": 0,
            "eps_latest_yearly": 0,
            "eps_growth_yearly": 0
        },
        "20083": {
            "year_quarter": 20083,
            "year": 2008,
            "quarter": 3,
            "eps": null,
            "eps_growth_year": null,
            "eps_4q": null,
            "eps_4q_growth_year": null,
            "roe": null,
            "roe_4q": 0,
            "gross_profit": null,
            "gross_margin": null,
            "gross_margin_4q_avg": 0,
            "net_income": null,
            "revenue": null,
            "common_shares": null,
            "book_valuer_per_share": null,
            "book_valuer_per_share_4q_avg": 4.07,
            "equity": null,
            "current_ratio": null,
            "debt_ratio": null,
            "inventory_turnover_ratio": null,
            "account_receivable_turnover_ratio": null,
            "reinvestment_rate": null,
            "research_to_sale_ratio": null,
            "price_fair": 0,
            "eps_avg_yearly": 0,
            "eps_latest_yearly": 0,
            "eps_growth_yearly": 0
        },
        "20084": {
            "year_quarter": 20084,
            "year": 2008,
            "quarter": 4,
            "eps": null,
            "eps_growth_year": null,
            "eps_4q": null,
            "eps_4q_growth_year": null,
            "roe": null,
            "roe_4q": 0,
            "gross_profit": null,
            "gross_margin": null,
            "gross_margin_4q_avg": 0,
            "net_income": null,
            "revenue": null,
            "common_shares": 409000,
            "book_valuer_per_share": 16,
            "book_valuer_per_share_4q_avg": 4,
            "equity": 654356,
            "current_ratio": 305.07,
            "debt_ratio": 26.21,
            "inventory_turnover_ratio": null,
            "account_receivable_turnover_ratio": null,
            "reinvestment_rate": null,
            "research_to_sale_ratio": null,
            "price_fair": 0,
            "eps_avg_yearly": 0,
            "eps_latest_yearly": 0,
            "eps_growth_yearly": 0
        },
        "20091": {
            "year_quarter": 20091,
            "year": 2009,
            "quarter": 1,
            "eps": null,
            "eps_growth_year": null,
            "eps_4q": null,
            "eps_4q_growth_year": null,
            "roe": null,
            "roe_4q": 0,
            "gross_profit": null,
            "gross_margin": null,
            "gross_margin_4q_avg": 0,
            "net_income": null,
            "revenue": null,
            "common_shares": null,
            "book_valuer_per_share": null,
            "book_valuer_per_share_4q_avg": 4,
            "equity": null,
            "current_ratio": null,
            "debt_ratio": null,
            "inventory_turnover_ratio": null,
            "account_receivable_turnover_ratio": null,
            "reinvestment_rate": null,
            "research_to_sale_ratio": null,
            "price_fair": 0,
            "eps_avg_yearly": 0,
            "eps_latest_yearly": 0,
            "eps_growth_yearly": 0
        },
        "20092": {
            "year_quarter": 20092,
            "year": 2009,
            "quarter": 2,
            "eps": null,
            "eps_growth_year": null,
            "eps_4q": null,
            "eps_4q_growth_year": null,
            "roe": null,
            "roe_4q": 0,
            "gross_profit": null,
            "gross_margin": null,
            "gross_margin_4q_avg": 0,
            "net_income": null,
            "revenue": null,
            "common_shares": null,
            "book_valuer_per_share": null,
            "book_valuer_per_share_4q_avg": 4,
            "equity": null,
            "current_ratio": null,
            "debt_ratio": null,
            "inventory_turnover_ratio": null,
            "account_receivable_turnover_ratio": null,
            "reinvestment_rate": null,
            "research_to_sale_ratio": null,
            "price_fair": 0,
            "eps_avg_yearly": 0,
            "eps_latest_yearly": 0,
            "eps_growth_yearly": 0
        },
        "20093": {
            "year_quarter": 20093,
            "year": 2009,
            "quarter": 3,
            "eps": null,
            "eps_growth_year": null,
            "eps_4q": null,
            "eps_4q_growth_year": null,
            "roe": null,
            "roe_4q": 0,
            "gross_profit": null,
            "gross_margin": null,
            "gross_margin_4q_avg": 0,
            "net_income": null,
            "revenue": null,
            "common_shares": null,
            "book_valuer_per_share": null,
            "book_valuer_per_share_4q_avg": 4,
            "equity": null,
            "current_ratio": null,
            "debt_ratio": null,
            "inventory_turnover_ratio": null,
            "account_receivable_turnover_ratio": null,
            "reinvestment_rate": null,
            "research_to_sale_ratio": null,
            "price_fair": 0,
            "eps_avg_yearly": 0,
            "eps_latest_yearly": 0,
            "eps_growth_yearly": 0
        },
        "20094": {
            "year_quarter": 20094,
            "year": 2009,
            "quarter": 4,
            "eps": null,
            "eps_growth_year": null,
            "eps_4q": null,
            "eps_4q_growth_year": null,
            "roe": null,
            "roe_4q": 0,
            "gross_profit": null,
            "gross_margin": null,
            "gross_margin_4q_avg": 0,
            "net_income": null,
            "revenue": null,
            "common_shares": null,
            "book_valuer_per_share": null,
            "book_valuer_per_share_4q_avg": 0,
            "equity": null,
            "current_ratio": null,
            "debt_ratio": null,
            "inventory_turnover_ratio": null,
            "account_receivable_turnover_ratio": null,
            "reinvestment_rate": null,
            "research_to_sale_ratio": null,
            "price_fair": 0,
            "eps_avg_yearly": 0,
            "eps_latest_yearly": 0,
            "eps_growth_yearly": 0
        },
        "20101": {
            "year_quarter": 20101,
            "year": 2010,
            "quarter": 1,
            "eps": null,
            "eps_growth_year": null,
            "eps_4q": null,
            "eps_4q_growth_year": null,
            "roe": null,
            "roe_4q": 0,
            "gross_profit": null,
            "gross_margin": null,
            "gross_margin_4q_avg": 0,
            "net_income": null,
            "revenue": null,
            "common_shares": null,
            "book_valuer_per_share": null,
            "book_valuer_per_share_4q_avg": 0,
            "equity": null,
            "current_ratio": null,
            "debt_ratio": null,
            "inventory_turnover_ratio": null,
            "account_receivable_turnover_ratio": null,
            "reinvestment_rate": null,
            "research_to_sale_ratio": null,
            "price_fair": 0,
            "eps_avg_yearly": 0,
            "eps_latest_yearly": 0,
            "eps_growth_yearly": 0
        },
        "20102": {
            "year_quarter": 20102,
            "year": 2010,
            "quarter": 2,
            "eps": null,
            "eps_growth_year": null,
            "eps_4q": null,
            "eps_4q_growth_year": null,
            "roe": null,
            "roe_4q": 0,
            "gross_profit": null,
            "gross_margin": null,
            "gross_margin_4q_avg": 0,
            "net_income": null,
            "revenue": null,
            "common_shares": null,
            "book_valuer_per_share": null,
            "book_valuer_per_share_4q_avg": 0,
            "equity": null,
            "current_ratio": null,
            "debt_ratio": null,
            "inventory_turnover_ratio": null,
            "account_receivable_turnover_ratio": null,
            "reinvestment_rate": null,
            "research_to_sale_ratio": null,
            "price_fair": 0,
            "eps_avg_yearly": 0,
            "eps_latest_yearly": 0,
            "eps_growth_yearly": 0
        },
        "20103": {
            "year_quarter": 20103,
            "year": 2010,
            "quarter": 3,
            "eps": null,
            "eps_growth_year": null,
            "eps_4q": null,
            "eps_4q_growth_year": null,
            "roe": null,
            "roe_4q": 0,
            "gross_profit": null,
            "gross_margin": null,
            "gross_margin_4q_avg": 0,
            "net_income": null,
            "revenue": null,
            "common_shares": null,
            "book_valuer_per_share": null,
            "book_valuer_per_share_4q_avg": 0,
            "equity": null,
            "current_ratio": null,
            "debt_ratio": null,
            "inventory_turnover_ratio": null,
            "account_receivable_turnover_ratio": null,
            "reinvestment_rate": null,
            "research_to_sale_ratio": null,
            "price_fair": 0,
            "eps_avg_yearly": 0,
            "eps_latest_yearly": 0,
            "eps_growth_yearly": 0
        },
        "20104": {
            "year_quarter": 20104,
            "year": 2010,
            "quarter": 4,
            "eps": null,
            "eps_growth_year": null,
            "eps_4q": null,
            "eps_4q_growth_year": null,
            "roe": null,
            "roe_4q": 0,
            "gross_profit": null,
            "gross_margin": null,
            "gross_margin_4q_avg": 0,
            "net_income": null,
            "revenue": null,
            "common_shares": 409000,
            "book_valuer_per_share": 22.54,
            "book_valuer_per_share_4q_avg": 5.64,
            "equity": 922053,
            "current_ratio": 281.26,
            "debt_ratio": 32.73,
            "inventory_turnover_ratio": null,
            "account_receivable_turnover_ratio": null,
            "reinvestment_rate": null,
            "research_to_sale_ratio": null,
            "price_fair": 0,
            "eps_avg_yearly": 0,
            "eps_latest_yearly": 0,
            "eps_growth_yearly": 0
        },
        "20111": {
            "year_quarter": 20111,
            "year": 2011,
            "quarter": 1,
            "eps": null,
            "eps_growth_year": null,
            "eps_4q": null,
            "eps_4q_growth_year": null,
            "roe": null,
            "roe_4q": 0,
            "gross_profit": null,
            "gross_margin": null,
            "gross_margin_4q_avg": 0,
            "net_income": null,
            "revenue": null,
            "common_shares": null,
            "book_valuer_per_share": null,
            "book_valuer_per_share_4q_avg": 5.64,
            "equity": null,
            "current_ratio": null,
            "debt_ratio": null,
            "inventory_turnover_ratio": null,
            "account_receivable_turnover_ratio": null,
            "reinvestment_rate": null,
            "research_to_sale_ratio": null,
            "price_fair": 0,
            "eps_avg_yearly": 0,
            "eps_latest_yearly": 0,
            "eps_growth_yearly": 0
        },
        "20112": {
            "year_quarter": 20112,
            "year": 2011,
            "quarter": 2,
            "eps": null,
            "eps_growth_year": null,
            "eps_4q": null,
            "eps_4q_growth_year": null,
            "roe": null,
            "roe_4q": 0,
            "gross_profit": null,
            "gross_margin": null,
            "gross_margin_4q_avg": 0,
            "net_income": null,
            "revenue": null,
            "common_shares": null,
            "book_valuer_per_share": null,
            "book_valuer_per_share_4q_avg": 5.64,
            "equity": null,
            "current_ratio": null,
            "debt_ratio": null,
            "inventory_turnover_ratio": null,
            "account_receivable_turnover_ratio": null,
            "reinvestment_rate": null,
            "research_to_sale_ratio": null,
            "price_fair": 0,
            "eps_avg_yearly": 0,
            "eps_latest_yearly": 0,
            "eps_growth_yearly": 0
        },
        "20113": {
            "year_quarter": 20113,
            "year": 2011,
            "quarter": 3,
            "eps": null,
            "eps_growth_year": null,
            "eps_4q": null,
            "eps_4q_growth_year": null,
            "roe": null,
            "roe_4q": 0,
            "gross_profit": null,
            "gross_margin": null,
            "gross_margin_4q_avg": 0,
            "net_income": null,
            "revenue": null,
            "common_shares": null,
            "book_valuer_per_share": null,
            "book_valuer_per_share_4q_avg": 5.64,
            "equity": null,
            "current_ratio": null,
            "debt_ratio": null,
            "inventory_turnover_ratio": null,
            "account_receivable_turnover_ratio": null,
            "reinvestment_rate": null,
            "research_to_sale_ratio": null,
            "price_fair": 0,
            "eps_avg_yearly": 0,
            "eps_latest_yearly": 0,
            "eps_growth_yearly": 0
        },
        "20114": {
            "year_quarter": 20114,
            "year": 2011,
            "quarter": 4,
            "eps": null,
            "eps_growth_year": null,
            "eps_4q": null,
            "eps_4q_growth_year": null,
            "roe": null,
            "roe_4q": 0,
            "gross_profit": null,
            "gross_margin": null,
            "gross_margin_4q_avg": 0,
            "net_income": null,
            "revenue": null,
            "common_shares": 409000,
            "book_valuer_per_share": 27.76,
            "book_valuer_per_share_4q_avg": 6.94,
            "equity": 1135335,
            "current_ratio": 188.27,
            "debt_ratio": 41.21,
            "inventory_turnover_ratio": null,
            "account_receivable_turnover_ratio": null,
            "reinvestment_rate": null,
            "research_to_sale_ratio": null,
            "price_fair": 0,
            "eps_avg_yearly": 0,
            "eps_latest_yearly": 0,
            "eps_growth_yearly": 0
        },
        "20121": {
            "year_quarter": 20121,
            "year": 2012,
            "quarter": 1,
            "eps": null,
            "eps_growth_year": null,
            "eps_4q": null,
            "eps_4q_growth_year": null,
            "roe": null,
            "roe_4q": 0,
            "gross_profit": null,
            "gross_margin": null,
            "gross_margin_4q_avg": 0,
            "net_income": null,
            "revenue": null,
            "common_shares": null,
            "book_valuer_per_share": null,
            "book_valuer_per_share_4q_avg": 6.94,
            "equity": null,
            "current_ratio": null,
            "debt_ratio": null,
            "inventory_turnover_ratio": null,
            "account_receivable_turnover_ratio": null,
            "reinvestment_rate": null,
            "research_to_sale_ratio": null,
            "price_fair": 0,
            "eps_avg_yearly": 0,
            "eps_latest_yearly": 0,
            "eps_growth_yearly": 0
        },
        "20122": {
            "year_quarter": 20122,
            "year": 2012,
            "quarter": 2,
            "eps": null,
            "eps_growth_year": null,
            "eps_4q": null,
            "eps_4q_growth_year": null,
            "roe": null,
            "roe_4q": 0,
            "gross_profit": null,
            "gross_margin": null,
            "gross_margin_4q_avg": 0,
            "net_income": null,
            "revenue": null,
            "common_shares": 409000,
            "book_valuer_per_share": null,
            "book_valuer_per_share_4q_avg": 6.94,
            "equity": 974013,
            "current_ratio": null,
            "debt_ratio": null,
            "inventory_turnover_ratio": null,
            "account_receivable_turnover_ratio": null,
            "reinvestment_rate": null,
            "research_to_sale_ratio": null,
            "price_fair": 0,
            "eps_avg_yearly": 0,
            "eps_latest_yearly": 0,
            "eps_growth_yearly": 0
        },
        "20123": {
            "year_quarter": 20123,
            "year": 2012,
            "quarter": 3,
            "eps": null,
            "eps_growth_year": null,
            "eps_4q": null,
            "eps_4q_growth_year": null,
            "roe": null,
            "roe_4q": 0,
            "gross_profit": null,
            "gross_margin": null,
            "gross_margin_4q_avg": 0,
            "net_income": null,
            "revenue": null,
            "common_shares": null,
            "book_valuer_per_share": null,
            "book_valuer_per_share_4q_avg": 6.94,
            "equity": null,
            "current_ratio": null,
            "debt_ratio": null,
            "inventory_turnover_ratio": null,
            "account_receivable_turnover_ratio": null,
            "reinvestment_rate": null,
            "research_to_sale_ratio": null,
            "price_fair": 0,
            "eps_avg_yearly": 0,
            "eps_latest_yearly": 0,
            "eps_growth_yearly": 0
        },
        "20124": {
            "year_quarter": 20124,
            "year": 2012,
            "quarter": 4,
            "eps": null,
            "eps_growth_year": null,
            "eps_4q": null,
            "eps_4q_growth_year": null,
            "roe": null,
            "roe_4q": 0,
            "gross_profit": null,
            "gross_margin": null,
            "gross_margin_4q_avg": 0,
            "net_income": null,
            "revenue": null,
            "common_shares": 441720,
            "book_valuer_per_share": 17.42,
            "book_valuer_per_share_4q_avg": 4.36,
            "equity": 769538,
            "current_ratio": 120.56,
            "debt_ratio": 60.5,
            "inventory_turnover_ratio": null,
            "account_receivable_turnover_ratio": null,
            "reinvestment_rate": null,
            "research_to_sale_ratio": null,
            "price_fair": 0,
            "eps_avg_yearly": 0,
            "eps_latest_yearly": 0,
            "eps_growth_yearly": 0
        },
        "20131": {
            "year_quarter": 20131,
            "year": 2013,
            "quarter": 1,
            "eps": null,
            "eps_growth_year": null,
            "eps_4q": null,
            "eps_4q_growth_year": null,
            "roe": null,
            "roe_4q": 0,
            "gross_profit": null,
            "gross_margin": null,
            "gross_margin_4q_avg": 0,
            "net_income": null,
            "revenue": null,
            "common_shares": null,
            "book_valuer_per_share": null,
            "book_valuer_per_share_4q_avg": 4.36,
            "equity": null,
            "current_ratio": null,
            "debt_ratio": null,
            "inventory_turnover_ratio": null,
            "account_receivable_turnover_ratio": null,
            "reinvestment_rate": null,
            "research_to_sale_ratio": null,
            "price_fair": 0,
            "eps_avg_yearly": 0,
            "eps_latest_yearly": 0,
            "eps_growth_yearly": 0
        },
        "20132": {
            "year_quarter": 20132,
            "year": 2013,
            "quarter": 2,
            "eps": null,
            "eps_growth_year": null,
            "eps_4q": null,
            "eps_4q_growth_year": null,
            "roe": null,
            "roe_4q": 0,
            "gross_profit": null,
            "gross_margin": null,
            "gross_margin_4q_avg": 0,
            "net_income": null,
            "revenue": null,
            "common_shares": 441720,
            "book_valuer_per_share": 18.28,
            "book_valuer_per_share_4q_avg": 8.93,
            "equity": 807273,
            "current_ratio": 122.87,
            "debt_ratio": 57.74,
            "inventory_turnover_ratio": null,
            "account_receivable_turnover_ratio": null,
            "reinvestment_rate": null,
            "research_to_sale_ratio": null,
            "price_fair": 0,
            "eps_avg_yearly": 0,
            "eps_latest_yearly": 0,
            "eps_growth_yearly": 0
        },
        "20133": {
            "year_quarter": 20133,
            "year": 2013,
            "quarter": 3,
            "eps": null,
            "eps_growth_year": null,
            "eps_4q": null,
            "eps_4q_growth_year": null,
            "roe": null,
            "roe_4q": 0,
            "gross_profit": null,
            "gross_margin": null,
            "gross_margin_4q_avg": 0,
            "net_income": null,
            "revenue": null,
            "common_shares": null,
            "book_valuer_per_share": null,
            "book_valuer_per_share_4q_avg": 8.93,
            "equity": null,
            "current_ratio": null,
            "debt_ratio": null,
            "inventory_turnover_ratio": null,
            "account_receivable_turnover_ratio": null,
            "reinvestment_rate": null,
            "research_to_sale_ratio": null,
            "price_fair": 0,
            "eps_avg_yearly": 0,
            "eps_latest_yearly": 0,
            "eps_growth_yearly": 0
        },
        "20134": {
            "year_quarter": 20134,
            "year": 2013,
            "quarter": 4,
            "eps": null,
            "eps_growth_year": null,
            "eps_4q": null,
            "eps_4q_growth_year": null,
            "roe": null,
            "roe_4q": 0,
            "gross_profit": null,
            "gross_margin": null,
            "gross_margin_4q_avg": 0,
            "net_income": null,
            "revenue": null,
            "common_shares": 561000,
            "book_valuer_per_share": 17.6,
            "book_valuer_per_share_4q_avg": 8.97,
            "equity": 987080,
            "current_ratio": 138.24,
            "debt_ratio": 54.4,
            "inventory_turnover_ratio": null,
            "account_receivable_turnover_ratio": null,
            "reinvestment_rate": null,
            "research_to_sale_ratio": null,
            "price_fair": 0,
            "eps_avg_yearly": 0,
            "eps_latest_yearly": 0,
            "eps_growth_yearly": 0
        },
        "20141": {
            "year_quarter": 20141,
            "year": 2014,
            "quarter": 1,
            "eps": null,
            "eps_growth_year": null,
            "eps_4q": null,
            "eps_4q_growth_year": null,
            "roe": null,
            "roe_4q": 0,
            "gross_profit": 179623,
            "gross_margin": null,
            "gross_margin_4q_avg": 0,
            "net_income": 75316,
            "revenue": 581485,
            "common_shares": 561000,
            "book_valuer_per_share": 19.18,
            "book_valuer_per_share_4q_avg": 13.77,
            "equity": 1075879,
            "current_ratio": 148.64,
            "debt_ratio": 49.37,
            "inventory_turnover_ratio": null,
            "account_receivable_turnover_ratio": null,
            "reinvestment_rate": null,
            "research_to_sale_ratio": null,
            "price_fair": 0,
            "eps_avg_yearly": 0,
            "eps_latest_yearly": 0,
            "eps_growth_yearly": 0
        },
        "20142": {
            "year_quarter": 20142,
            "year": 2014,
            "quarter": 2,
            "eps": 1.49,
            "eps_growth_year": null,
            "eps_4q": null,
            "eps_4q_growth_year": null,
            "roe": 8.82,
            "roe_4q": 8.82,
            "gross_profit": 244974,
            "gross_margin": 35.2,
            "gross_margin_4q_avg": 8.8,
            "net_income": 91773,
            "revenue": 695908,
            "common_shares": 617100,
            "book_valuer_per_share": 16.3,
            "book_valuer_per_share_4q_avg": 13.27,
            "equity": 1005991,
            "current_ratio": 133,
            "debt_ratio": 56.83,
            "inventory_turnover_ratio": 1.65,
            "account_receivable_turnover_ratio": 2.13,
            "reinvestment_rate": null,
            "research_to_sale_ratio": 3.84,
            "price_fair": 0,
            "eps_avg_yearly": 0,
            "eps_latest_yearly": 0,
            "eps_growth_yearly": 0
        },
        "20143": {
            "year_quarter": 20143,
            "year": 2014,
            "quarter": 3,
            "eps": null,
            "eps_growth_year": null,
            "eps_4q": null,
            "eps_4q_growth_year": null,
            "roe": null,
            "roe_4q": 8.82,
            "gross_profit": 381119,
            "gross_margin": null,
            "gross_margin_4q_avg": 8.8,
            "net_income": 200252,
            "revenue": 967332,
            "common_shares": 617100,
            "book_valuer_per_share": 19.43,
            "book_valuer_per_share_4q_avg": 18.13,
            "equity": 1198927,
            "current_ratio": 146.38,
            "debt_ratio": 52.4,
            "inventory_turnover_ratio": null,
            "account_receivable_turnover_ratio": null,
            "reinvestment_rate": null,
            "research_to_sale_ratio": null,
            "price_fair": 0,
            "eps_avg_yearly": 0,
            "eps_latest_yearly": 0,
            "eps_growth_yearly": 0
        },
        "20144": {
            "year_quarter": 20144,
            "year": 2014,
            "quarter": 4,
            "eps": null,
            "eps_growth_year": null,
            "eps_4q": null,
            "eps_4q_growth_year": null,
            "roe": null,
            "roe_4q": 8.82,
            "gross_profit": 346010,
            "gross_margin": null,
            "gross_margin_4q_avg": 8.8,
            "net_income": 127232,
            "revenue": 874458,
            "common_shares": 617100,
            "book_valuer_per_share": 21.65,
            "book_valuer_per_share_4q_avg": 19.14,
            "equity": 1335998,
            "current_ratio": 160.99,
            "debt_ratio": 47.79,
            "inventory_turnover_ratio": null,
            "account_receivable_turnover_ratio": null,
            "reinvestment_rate": null,
            "research_to_sale_ratio": null,
            "price_fair": 0,
            "eps_avg_yearly": 0,
            "eps_latest_yearly": 0,
            "eps_growth_yearly": 0
        },
        "20151": {
            "year_quarter": 20151,
            "year": 2015,
            "quarter": 1,
            "eps": null,
            "eps_growth_year": null,
            "eps_4q": null,
            "eps_4q_growth_year": null,
            "roe": null,
            "roe_4q": 8.82,
            "gross_profit": 311095,
            "gross_margin": null,
            "gross_margin_4q_avg": 8.8,
            "net_income": 151478,
            "revenue": 818587,
            "common_shares": 617100,
            "book_valuer_per_share": 23.51,
            "book_valuer_per_share_4q_avg": 20.22,
            "equity": 1450880,
            "current_ratio": 186.9,
            "debt_ratio": 44.15,
            "inventory_turnover_ratio": null,
            "account_receivable_turnover_ratio": null,
            "reinvestment_rate": null,
            "research_to_sale_ratio": null,
            "price_fair": 0,
            "eps_avg_yearly": 0,
            "eps_latest_yearly": 0,
            "eps_growth_yearly": 0
        },
        "20152": {
            "year_quarter": 20152,
            "year": 2015,
            "quarter": 2,
            "eps": 1.36,
            "eps_growth_year": -8.72,
            "eps_4q": 1.24,
            "eps_4q_growth_year": null,
            "roe": 6.46,
            "roe_4q": 6.46,
            "gross_profit": 253632,
            "gross_margin": 33.52,
            "gross_margin_4q_avg": 8.38,
            "net_income": 84031,
            "revenue": 756720,
            "common_shares": 617100,
            "book_valuer_per_share": 18.66,
            "book_valuer_per_share_4q_avg": 20.81,
            "equity": 1151500,
            "current_ratio": 135.94,
            "debt_ratio": 58.14,
            "inventory_turnover_ratio": 1.11,
            "account_receivable_turnover_ratio": 2.31,
            "reinvestment_rate": null,
            "research_to_sale_ratio": 6.21,
            "price_fair": 0,
            "eps_avg_yearly": 0,
            "eps_latest_yearly": 0,
            "eps_growth_yearly": 0
        },
        "20153": {
            "year_quarter": 20153,
            "year": 2015,
            "quarter": 3,
            "eps": 2.77,
            "eps_growth_year": null,
            "eps_4q": 4.01,
            "eps_4q_growth_year": null,
            "roe": 15.07,
            "roe_4q": 21.53,
            "gross_profit": 336622,
            "gross_margin": 34.1,
            "gross_margin_4q_avg": 16.91,
            "net_income": 188118,
            "revenue": 987118,
            "common_shares": 678810,
            "book_valuer_per_share": 19.82,
            "book_valuer_per_share_4q_avg": 20.91,
            "equity": 1345469,
            "current_ratio": 152.62,
            "debt_ratio": 52.39,
            "inventory_turnover_ratio": 1.39,
            "account_receivable_turnover_ratio": 1.33,
            "reinvestment_rate": null,
            "research_to_sale_ratio": 4.99,
            "price_fair": 387.8,
            "eps_avg_yearly": 11.08,
            "eps_latest_yearly": 11.08,
            "eps_growth_yearly": 414.71
        },
        "20154": {
            "year_quarter": 20154,
            "year": 2015,
            "quarter": 4,
            "eps": 1.1,
            "eps_growth_year": null,
            "eps_4q": 4.51,
            "eps_4q_growth_year": null,
            "roe": 6.05,
            "roe_4q": 27.580000000000002,
            "gross_profit": 217256,
            "gross_margin": 28.58,
            "gross_margin_4q_avg": 24.05,
            "net_income": 87754,
            "revenue": 760197,
            "common_shares": 678810,
            "book_valuer_per_share": 22.48,
            "book_valuer_per_share_4q_avg": 21.12,
            "equity": 1556581,
            "current_ratio": 183.87,
            "debt_ratio": 43.55,
            "inventory_turnover_ratio": 1.38,
            "account_receivable_turnover_ratio": 1.04,
            "reinvestment_rate": null,
            "research_to_sale_ratio": 1.1,
            "price_fair": 270.9,
            "eps_avg_yearly": 7.74,
            "eps_latest_yearly": 4.4,
            "eps_growth_yearly": 86.78
        },
        "20161": {
            "year_quarter": 20161,
            "year": 2016,
            "quarter": 1,
            "eps": 0.57,
            "eps_growth_year": null,
            "eps_4q": 5.24,
            "eps_4q_growth_year": null,
            "roe": 2.27,
            "roe_4q": 29.85,
            "gross_profit": 204962,
            "gross_margin": 30.62,
            "gross_margin_4q_avg": 31.71,
            "net_income": 43722,
            "revenue": 669413,
            "common_shares": 770000,
            "book_valuer_per_share": 29.76,
            "book_valuer_per_share_4q_avg": 22.68,
            "equity": 2291422,
            "current_ratio": 272.32,
            "debt_ratio": 30.64,
            "inventory_turnover_ratio": 1.41,
            "account_receivable_turnover_ratio": 1.14,
            "reinvestment_rate": null,
            "research_to_sale_ratio": 3.75,
            "price_fair": 17.76,
            "eps_avg_yearly": 5.92,
            "eps_latest_yearly": 2.28,
            "eps_growth_yearly": -6.39
        },
        "20162": {
            "year_quarter": 20162,
            "year": 2016,
            "quarter": 2,
            "eps": 0.88,
            "eps_growth_year": -35.29,
            "eps_4q": 5.03,
            "eps_4q_growth_year": 306.17,
            "roe": 3.2,
            "roe_4q": 26.59,
            "gross_profit": 170341,
            "gross_margin": 26.99,
            "gross_margin_4q_avg": 30.07,
            "net_income": 67569,
            "revenue": 631104,
            "common_shares": 770000,
            "book_valuer_per_share": 25.01,
            "book_valuer_per_share_4q_avg": 24.27,
            "equity": 1925662,
            "current_ratio": 194.06,
            "debt_ratio": 43.02,
            "inventory_turnover_ratio": 1.46,
            "account_receivable_turnover_ratio": 1.16,
            "reinvestment_rate": null,
            "research_to_sale_ratio": 2.74,
            "price_fair": 186.2,
            "eps_avg_yearly": 5.32,
            "eps_latest_yearly": 3.52,
            "eps_growth_yearly": 49.59
        },
        "20163": {
            "year_quarter": 20163,
            "year": 2016,
            "quarter": 3,
            "eps": 0.36,
            "eps_growth_year": -87,
            "eps_4q": 2.95,
            "eps_4q_growth_year": -26.51,
            "roe": 1.45,
            "roe_4q": 12.969999999999999,
            "gross_profit": 148657,
            "gross_margin": 23.61,
            "gross_margin_4q_avg": 27.45,
            "net_income": 27825,
            "revenue": 629691,
            "common_shares": 770000,
            "book_valuer_per_share": 24.96,
            "book_valuer_per_share_4q_avg": 25.55,
            "equity": 1922237,
            "current_ratio": 235.46,
            "debt_ratio": 35.71,
            "inventory_turnover_ratio": 1.52,
            "account_receivable_turnover_ratio": 1.13,
            "reinvestment_rate": null,
            "research_to_sale_ratio": 3.61,
            "price_fair": 13.63,
            "eps_avg_yearly": 4.54,
            "eps_latest_yearly": 1.44,
            "eps_growth_yearly": -7.6
        },
        "20164": {
            "year_quarter": 20164,
            "year": 2016,
            "quarter": 4,
            "eps": 1.15,
            "eps_growth_year": 4.52,
            "eps_4q": 2.96,
            "eps_4q_growth_year": -34.46,
            "roe": 4.53,
            "roe_4q": 11.45,
            "gross_profit": 174016,
            "gross_margin": 24.79,
            "gross_margin_4q_avg": 26.5,
            "net_income": 88513,
            "revenue": 701898,
            "common_shares": 770000,
            "book_valuer_per_share": 25.83,
            "book_valuer_per_share_4q_avg": 26.39,
            "equity": 1989127,
            "current_ratio": 257.49,
            "debt_ratio": 32.84,
            "inventory_turnover_ratio": 1.93,
            "account_receivable_turnover_ratio": 1.03,
            "reinvestment_rate": null,
            "research_to_sale_ratio": 3.16,
            "price_fair": 159.37,
            "eps_avg_yearly": 4.55,
            "eps_latest_yearly": 4.6,
            "eps_growth_yearly": 139.96
        },
        "20171": {
            "year_quarter": 20171,
            "year": 2017,
            "quarter": 1,
            "eps": -0.64,
            "eps_growth_year": -212.28,
            "eps_4q": 1.75,
            "eps_4q_growth_year": -66.56,
            "roe": -2.51,
            "roe_4q": 6.670000000000001,
            "gross_profit": 89868,
            "gross_margin": 19.94,
            "gross_margin_4q_avg": 23.83,
            "net_income": -48928,
            "revenue": 450784,
            "common_shares": 770000,
            "book_valuer_per_share": 24.8,
            "book_valuer_per_share_4q_avg": 25.15,
            "equity": 1909845,
            "current_ratio": 261.66,
            "debt_ratio": 33.8,
            "inventory_turnover_ratio": 1.38,
            "account_receivable_turnover_ratio": 0.7,
            "reinvestment_rate": null,
            "research_to_sale_ratio": 4.35,
            "price_fair": 159.37,
            "eps_avg_yearly": 4.55,
            "eps_latest_yearly": 4.6,
            "eps_growth_yearly": 139.96
        },
        "20172": {
            "year_quarter": 20172,
            "year": 2017,
            "quarter": 2,
            "eps": -0.49,
            "eps_growth_year": -155.68,
            "eps_4q": 0.39,
            "eps_4q_growth_year": -92.29,
            "roe": -2.07,
            "roe_4q": 1.4000000000000001,
            "gross_profit": 78435,
            "gross_margin": 15.62,
            "gross_margin_4q_avg": 20.99,
            "net_income": -37562,
            "revenue": 502123,
            "common_shares": 770000,
            "book_valuer_per_share": 22.27,
            "book_valuer_per_share_4q_avg": 24.47,
            "equity": 1715006,
            "current_ratio": 199.93,
            "debt_ratio": 43.47,
            "inventory_turnover_ratio": 1.15,
            "account_receivable_turnover_ratio": 1.03,
            "reinvestment_rate": null,
            "research_to_sale_ratio": 4.83,
            "price_fair": 159.37,
            "eps_avg_yearly": 4.55,
            "eps_latest_yearly": 4.6,
            "eps_growth_yearly": 139.96
        },
        "20173": {
            "year_quarter": 20173,
            "year": 2017,
            "quarter": 3,
            "eps": 0.65,
            "eps_growth_year": 80.56,
            "eps_4q": 0.68,
            "eps_4q_growth_year": -77.02,
            "roe": 2.88,
            "roe_4q": 2.8300000000000005,
            "gross_profit": 175240,
            "gross_margin": 24.17,
            "gross_margin_4q_avg": 21.13,
            "net_income": 50113,
            "revenue": 724976,
            "common_shares": 770000,
            "book_valuer_per_share": 22.97,
            "book_valuer_per_share_4q_avg": 23.97,
            "equity": 1768760,
            "current_ratio": 217.32,
            "debt_ratio": 40.5,
            "inventory_turnover_ratio": 1.2,
            "account_receivable_turnover_ratio": 1.25,
            "reinvestment_rate": null,
            "research_to_sale_ratio": 4.3,
            "price_fair": 159.37,
            "eps_avg_yearly": 4.55,
            "eps_latest_yearly": 4.6,
            "eps_growth_yearly": 139.96
        },
        "20174": {
            "year_quarter": 20174,
            "year": 2017,
            "quarter": 4,
            "eps": 0.69,
            "eps_growth_year": -40.25,
            "eps_4q": 0.21,
            "eps_4q_growth_year": -92.75,
            "roe": 2.94,
            "roe_4q": 1.2400000000000007,
            "gross_profit": 157217,
            "gross_margin": 19.86,
            "gross_margin_4q_avg": 19.9,
            "net_income": 52890,
            "revenue": 791502,
            "common_shares": 770000,
            "book_valuer_per_share": 23.72,
            "book_valuer_per_share_4q_avg": 23.44,
            "equity": 1826692,
            "current_ratio": 253.53,
            "debt_ratio": 34.83,
            "inventory_turnover_ratio": 1.74,
            "account_receivable_turnover_ratio": 1.1,
            "reinvestment_rate": 2.48,
            "research_to_sale_ratio": 3.42,
            "price_fair": 150.4,
            "eps_avg_yearly": 4.3,
            "eps_latest_yearly": 2.76,
            "eps_growth_yearly": 123.49
        },
        "20181": {
            "year_quarter": 20181,
            "year": 2018,
            "quarter": 1,
            "eps": -0.47,
            "eps_growth_year": null,
            "eps_4q": 0.38,
            "eps_4q_growth_year": -78.34,
            "roe": -2,
            "roe_4q": 1.75,
            "gross_profit": 72151,
            "gross_margin": 16.78,
            "gross_margin_4q_avg": 19.11,
            "net_income": -36204,
            "revenue": 430005,
            "common_shares": 770000,
            "book_valuer_per_share": 23.29,
            "book_valuer_per_share_4q_avg": 23.06,
            "equity": 1793334,
            "current_ratio": 145.18,
            "debt_ratio": 42.45,
            "inventory_turnover_ratio": 1.28,
            "account_receivable_turnover_ratio": 0.69,
            "reinvestment_rate": 70.98,
            "research_to_sale_ratio": 5.25,
            "price_fair": 150.4,
            "eps_avg_yearly": 4.3,
            "eps_latest_yearly": 2.76,
            "eps_growth_yearly": 123.49
        },
        "20182": {
            "year_quarter": 20182,
            "year": 2018,
            "quarter": 2,
            "eps": -0.47,
            "eps_growth_year": null,
            "eps_4q": 0.4,
            "eps_4q_growth_year": 3.43,
            "roe": -2.04,
            "roe_4q": 1.7799999999999998,
            "gross_profit": 12700,
            "gross_margin": 2.99,
            "gross_margin_4q_avg": 15.95,
            "net_income": -35926,
            "revenue": 425024,
            "common_shares": 770000,
            "book_valuer_per_share": 22.35,
            "book_valuer_per_share_4q_avg": 23.08,
            "equity": 1720732,
            "current_ratio": 212,
            "debt_ratio": 45.89,
            "inventory_turnover_ratio": 1.25,
            "account_receivable_turnover_ratio": 0.98,
            "reinvestment_rate": 65.66,
            "research_to_sale_ratio": 6.6,
            "price_fair": 150.4,
            "eps_avg_yearly": 4.3,
            "eps_latest_yearly": 2.76,
            "eps_growth_yearly": 123.49
        },
        "20183": {
            "year_quarter": 20183,
            "year": 2018,
            "quarter": 3,
            "eps": -0.09,
            "eps_growth_year": -113.85,
            "eps_4q": -0.34,
            "eps_4q_growth_year": -150.24,
            "roe": -0.41,
            "roe_4q": -1.5100000000000002,
            "gross_profit": 134603,
            "gross_margin": 20.98,
            "gross_margin_4q_avg": 15.15,
            "net_income": -6953,
            "revenue": 641486,
            "common_shares": 770000,
            "book_valuer_per_share": 22.09,
            "book_valuer_per_share_4q_avg": 22.86,
            "equity": 1701103,
            "current_ratio": 209.15,
            "debt_ratio": 45.86,
            "inventory_turnover_ratio": 1.45,
            "account_receivable_turnover_ratio": 1.39,
            "reinvestment_rate": 91.74,
            "research_to_sale_ratio": 4.26,
            "price_fair": 150.4,
            "eps_avg_yearly": 4.3,
            "eps_latest_yearly": 2.76,
            "eps_growth_yearly": 123.49
        },
        "20184": {
            "year_quarter": 20184,
            "year": 2018,
            "quarter": 4,
            "eps": 0.29,
            "eps_growth_year": -57.81,
            "eps_4q": -0.74,
            "eps_4q_growth_year": -443.77,
            "roe": 1.3,
            "roe_4q": -3.15,
            "gross_profit": 140649,
            "gross_margin": 24.38,
            "gross_margin_4q_avg": 16.28,
            "net_income": 22316,
            "revenue": 577017,
            "common_shares": 770000,
            "book_valuer_per_share": 22.46,
            "book_valuer_per_share_4q_avg": 22.55,
            "equity": 1729160,
            "current_ratio": 211.83,
            "debt_ratio": 45.24,
            "inventory_turnover_ratio": 1.43,
            "account_receivable_turnover_ratio": 1.04,
            "reinvestment_rate": 83.15,
            "research_to_sale_ratio": 4.2,
            "price_fair": 150.4,
            "eps_avg_yearly": 4.3,
            "eps_latest_yearly": 2.76,
            "eps_growth_yearly": 123.49
        },
        "20191": {
            "year_quarter": 20191,
            "year": 2019,
            "quarter": 1,
            "eps": -0.35,
            "eps_growth_year": null,
            "eps_4q": -0.61,
            "eps_4q_growth_year": -261.24,
            "roe": -1.54,
            "roe_4q": -2.69,
            "gross_profit": 62465,
            "gross_margin": 16.28,
            "gross_margin_4q_avg": 16.16,
            "net_income": -26579,
            "revenue": 383706,
            "common_shares": 770000,
            "book_valuer_per_share": 22.29,
            "book_valuer_per_share_4q_avg": 22.3,
            "equity": 1716325,
            "current_ratio": 228.46,
            "debt_ratio": 45.37,
            "inventory_turnover_ratio": 1.16,
            "account_receivable_turnover_ratio": 0.87,
            "reinvestment_rate": 142.45,
            "research_to_sale_ratio": 5.69,
            "price_fair": 150.4,
            "eps_avg_yearly": 4.3,
            "eps_latest_yearly": 2.76,
            "eps_growth_yearly": 123.49
        },
        "20192": {
            "year_quarter": 20192,
            "year": 2019,
            "quarter": 2,
            "eps": 0.06,
            "eps_growth_year": null,
            "eps_4q": -0.09,
            "eps_4q_growth_year": -122.44,
            "roe": 0.25,
            "roe_4q": -0.39999999999999997,
            "gross_profit": 106483,
            "gross_margin": 22.73,
            "gross_margin_4q_avg": 21.09,
            "net_income": 4289,
            "revenue": 468490,
            "common_shares": 770000,
            "book_valuer_per_share": 22.01,
            "book_valuer_per_share_4q_avg": 22.21,
            "equity": 1694399,
            "current_ratio": 238.97,
            "debt_ratio": 44.01,
            "inventory_turnover_ratio": 1.31,
            "account_receivable_turnover_ratio": 1.45,
            "reinvestment_rate": 112.94,
            "research_to_sale_ratio": 3.6,
            "price_fair": 150.4,
            "eps_avg_yearly": 4.3,
            "eps_latest_yearly": 2.76,
            "eps_growth_yearly": 123.49
        },
        "20193": {
            "year_quarter": 20193,
            "year": 2019,
            "quarter": 3,
            "eps": 0.27,
            "eps_growth_year": null,
            "eps_4q": 0.27,
            "eps_4q_growth_year": null,
            "roe": 1.23,
            "roe_4q": 1.24,
            "gross_profit": 115696,
            "gross_margin": 26.7,
            "gross_margin_4q_avg": 22.52,
            "net_income": 20865,
            "revenue": 433352,
            "common_shares": 770000,
            "book_valuer_per_share": 22.03,
            "book_valuer_per_share_4q_avg": 22.2,
            "equity": 1696457,
            "current_ratio": 243.31,
            "debt_ratio": 42.96,
            "inventory_turnover_ratio": 1.14,
            "account_receivable_turnover_ratio": 1.3,
            "reinvestment_rate": 163.73,
            "research_to_sale_ratio": 4.28,
            "price_fair": 100.4,
            "eps_avg_yearly": 2.87,
            "eps_latest_yearly": 1.08,
            "eps_growth_yearly": 264.24
        },
        "20194": {
            "year_quarter": 20194,
            "year": 2019,
            "quarter": 4,
            "eps": 0.2,
            "eps_growth_year": -30.16,
            "eps_4q": 0.18,
            "eps_4q_growth_year": null,
            "roe": 0.91,
            "roe_4q": 0.8500000000000001,
            "gross_profit": 113605,
            "gross_margin": 22.2,
            "gross_margin_4q_avg": 21.98,
            "net_income": 15585,
            "revenue": 511743,
            "common_shares": 770000,
            "book_valuer_per_share": 22.24,
            "book_valuer_per_share_4q_avg": 22.14,
            "equity": 1712408,
            "current_ratio": 224.48,
            "debt_ratio": 42,
            "inventory_turnover_ratio": 1.44,
            "account_receivable_turnover_ratio": 1.38,
            "reinvestment_rate": 207.19,
            "research_to_sale_ratio": 4.13,
            "price_fair": 82.4,
            "eps_avg_yearly": 2.35,
            "eps_latest_yearly": 0.8,
            "eps_growth_yearly": 283.88
        },
        "20201": {
            "year_quarter": 20201,
            "year": 2020,
            "quarter": 1,
            "eps": -0.33,
            "eps_growth_year": null,
            "eps_4q": 0.2,
            "eps_4q_growth_year": null,
            "roe": -1.52,
            "roe_4q": 0.87,
            "gross_profit": 61840,
            "gross_margin": 15.78,
            "gross_margin_4q_avg": 21.85,
            "net_income": -25564,
            "revenue": 391983,
            "common_shares": 770000,
            "book_valuer_per_share": 21.54,
            "book_valuer_per_share_4q_avg": 21.96,
            "equity": 1658859,
            "current_ratio": 188.09,
            "debt_ratio": 48.54,
            "inventory_turnover_ratio": 1.21,
            "account_receivable_turnover_ratio": 1.07,
            "reinvestment_rate": 316.6,
            "research_to_sale_ratio": 4.7,
            "price_fair": 82.83,
            "eps_avg_yearly": 2.37,
            "eps_latest_yearly": 0.8,
            "eps_growth_yearly": 363.31
        },
        "20202": {
            "year_quarter": 20202,
            "year": 2020,
            "quarter": 2,
            "eps": -0.02,
            "eps_growth_year": -133.33,
            "eps_4q": 0.12,
            "eps_4q_growth_year": null,
            "roe": -0.11,
            "roe_4q": 0.5099999999999999,
            "gross_profit": 103496,
            "gross_margin": 22.67,
            "gross_margin_4q_avg": 21.84,
            "net_income": -1745,
            "revenue": 456560,
            "common_shares": 770000,
            "book_valuer_per_share": 21.12,
            "book_valuer_per_share_4q_avg": 21.73,
            "equity": 1626209,
            "current_ratio": 192.76,
            "debt_ratio": 47.4,
            "inventory_turnover_ratio": 1.18,
            "account_receivable_turnover_ratio": 1.33,
            "reinvestment_rate": 731.56,
            "research_to_sale_ratio": 4.37,
            "price_fair": 74.76,
            "eps_avg_yearly": 2.14,
            "eps_latest_yearly": 0.8,
            "eps_growth_yearly": 392.47
        },
        "20203": {
            "year_quarter": 20203,
            "year": 2020,
            "quarter": 3,
            "eps": 0.36,
            "eps_growth_year": 33.33,
            "eps_4q": 0.21,
            "eps_4q_growth_year": -22.9,
            "roe": 1.69,
            "roe_4q": 0.9699999999999999,
            "gross_profit": 124279,
            "gross_margin": 25.34,
            "gross_margin_4q_avg": 21.5,
            "net_income": 27830,
            "revenue": 490400,
            "common_shares": 770000,
            "book_valuer_per_share": 21.54,
            "book_valuer_per_share_4q_avg": 21.61,
            "equity": 1658459,
            "current_ratio": 188.02,
            "debt_ratio": 47.64,
            "inventory_turnover_ratio": 1.04,
            "account_receivable_turnover_ratio": 1.26,
            "reinvestment_rate": 843.05,
            "research_to_sale_ratio": 3.68,
            "price_fair": 80.85,
            "eps_avg_yearly": 2.31,
            "eps_latest_yearly": 0.8,
            "eps_growth_yearly": 549.67
        },
        "20204": {
            "year_quarter": 20204,
            "year": 2020,
            "quarter": 4,
            "eps": 0.38,
            "eps_growth_year": 89.07,
            "eps_4q": 0.39,
            "eps_4q_growth_year": 111.77,
            "roe": 1.75,
            "roe_4q": 1.81,
            "gross_profit": 145812,
            "gross_margin": 25.02,
            "gross_margin_4q_avg": 22.2,
            "net_income": 29466,
            "revenue": 582757,
            "common_shares": 770000,
            "book_valuer_per_share": 22.09,
            "book_valuer_per_share_4q_avg": 21.57,
            "equity": 1701187,
            "current_ratio": 203.38,
            "debt_ratio": 45.67,
            "inventory_turnover_ratio": 1.18,
            "account_receivable_turnover_ratio": 1.2,
            "reinvestment_rate": 14201.93,
            "research_to_sale_ratio": 2.71,
            "price_fair": 53.9,
            "eps_avg_yearly": 1.54,
            "eps_latest_yearly": 1.52,
            "eps_growth_yearly": 335.78
        },
        "20211": {
            "year_quarter": 20211,
            "year": 2021,
            "quarter": 1,
            "eps": 0.02,
            "eps_growth_year": null,
            "eps_4q": 0.74,
            "eps_4q_growth_year": 276.57,
            "roe": 0.09,
            "roe_4q": 3.4200000000000004,
            "gross_profit": 83419,
            "gross_margin": 18.23,
            "gross_margin_4q_avg": 22.82,
            "net_income": 1594,
            "revenue": 457500,
            "common_shares": 770000,
            "book_valuer_per_share": 21.97,
            "book_valuer_per_share_4q_avg": 21.68,
            "equity": 1691605,
            "current_ratio": 191.63,
            "debt_ratio": 43.69,
            "inventory_turnover_ratio": 0.93,
            "account_receivable_turnover_ratio": 0.96,
            "reinvestment_rate": 1036.14,
            "research_to_sale_ratio": 3.8,
            "price_fair": 43.68,
            "eps_avg_yearly": 1.25,
            "eps_latest_yearly": 0.08,
            "eps_growth_yearly": 192.84
        },
        "20212": {
            "year_quarter": 20212,
            "year": 2021,
            "quarter": 2,
            "eps": 0.21,
            "eps_growth_year": null,
            "eps_4q": 0.97,
            "eps_4q_growth_year": 718.14,
            "roe": 0.95,
            "roe_4q": 4.48,
            "gross_profit": 116903,
            "gross_margin": 18.17,
            "gross_margin_4q_avg": 21.69,
            "net_income": 15896,
            "revenue": 643265,
            "common_shares": 770000,
            "book_valuer_per_share": 21.4,
            "book_valuer_per_share_4q_avg": 21.75,
            "equity": 1648080,
            "current_ratio": 182.64,
            "debt_ratio": 44.43,
            "inventory_turnover_ratio": 1.3,
            "account_receivable_turnover_ratio": 1.24,
            "reinvestment_rate": 554.54,
            "research_to_sale_ratio": 2.46,
            "price_fair": 41.3,
            "eps_avg_yearly": 1.18,
            "eps_latest_yearly": 0.84,
            "eps_growth_yearly": 794.03
        },
        "20213": {
            "year_quarter": 20213,
            "year": 2021,
            "quarter": 3,
            "eps": 0.5,
            "eps_growth_year": 38.89,
            "eps_4q": 1.11,
            "eps_4q_growth_year": 431.31,
            "roe": 2.32,
            "roe_4q": 5.109999999999999,
            "gross_profit": 125779,
            "gross_margin": 25.13,
            "gross_margin_4q_avg": 21.64,
            "net_income": 38617,
            "revenue": 500582,
            "common_shares": 770000,
            "book_valuer_per_share": 21.79,
            "book_valuer_per_share_4q_avg": 21.81,
            "equity": 1678142,
            "current_ratio": 187.18,
            "debt_ratio": 43.39,
            "inventory_turnover_ratio": 0.96,
            "account_receivable_turnover_ratio": 0.92,
            "reinvestment_rate": 619.77,
            "research_to_sale_ratio": 2.84,
            "price_fair": 45.4,
            "eps_avg_yearly": 1.3,
            "eps_latest_yearly": 2,
            "eps_growth_yearly": 759.51
        },
        "20214": {
            "year_quarter": 20214,
            "year": 2021,
            "quarter": 4,
            "eps": 0.43,
            "eps_growth_year": 12.37,
            "eps_4q": 1.16,
            "eps_4q_growth_year": 197.52,
            "roe": 1.95,
            "roe_4q": 5.31,
            "gross_profit": 133863,
            "gross_margin": 23.63,
            "gross_margin_4q_avg": 21.29,
            "net_income": 33110,
            "revenue": 566556,
            "common_shares": 770000,
            "book_valuer_per_share": 22.25,
            "book_valuer_per_share_4q_avg": 21.85,
            "equity": 1713299,
            "current_ratio": 181.37,
            "debt_ratio": 44.32,
            "inventory_turnover_ratio": 0.97,
            "account_receivable_turnover_ratio": 1.17,
            "reinvestment_rate": 747.27,
            "research_to_sale_ratio": 2.78,
            "price_fair": 40.2,
            "eps_avg_yearly": 1.15,
            "eps_latest_yearly": 1.72,
            "eps_growth_yearly": 747.99
        },
        "20221": {
            "year_quarter": 20221,
            "year": 2022,
            "quarter": 1,
            "eps": 0.42,
            "eps_growth_year": 2000,
            "eps_4q": 1.56,
            "eps_4q_growth_year": 110,
            "roe": 1.86,
            "roe_4q": 7.08,
            "gross_profit": 102832,
            "gross_margin": 17.94,
            "gross_margin_4q_avg": 21.22,
            "net_income": 32384,
            "revenue": 573157,
            "common_shares": 770000,
            "book_valuer_per_share": 23.09,
            "book_valuer_per_share_4q_avg": 22.13,
            "equity": 1777877,
            "current_ratio": 213.19,
            "debt_ratio": 42.17,
            "inventory_turnover_ratio": 1.02,
            "account_receivable_turnover_ratio": 1.15,
            "reinvestment_rate": -55.9,
            "research_to_sale_ratio": 2.54,
            "price_fair": 42.53,
            "eps_avg_yearly": 1.22,
            "eps_latest_yearly": 1.68,
            "eps_growth_yearly": 653.33
        },
        "20222": {
            "year_quarter": 20222,
            "year": 2022,
            "quarter": 2,
            "eps": 0.76,
            "eps_growth_year": 261.9,
            "eps_4q": 2.11,
            "eps_4q_growth_year": 116.94,
            "roe": 3.26,
            "roe_4q": 9.39,
            "gross_profit": 132513,
            "gross_margin": 24.87,
            "gross_margin_4q_avg": 22.89,
            "net_income": 58128,
            "revenue": 532851,
            "common_shares": 770000,
            "book_valuer_per_share": 23.15,
            "book_valuer_per_share_4q_avg": 22.57,
            "equity": 1782923,
            "current_ratio": 190.2,
            "debt_ratio": 45.76,
            "inventory_turnover_ratio": 0.73,
            "account_receivable_turnover_ratio": 1.17,
            "reinvestment_rate": -27,
            "research_to_sale_ratio": 2.53,
            "price_fair": 49.62,
            "eps_avg_yearly": 1.42,
            "eps_latest_yearly": 3.04,
            "eps_growth_yearly": 616.72
        },
        "20223": {
            "year_quarter": 20223,
            "year": 2022,
            "quarter": 3,
            "eps": 0.8,
            "eps_growth_year": 60,
            "eps_4q": 2.41,
            "eps_4q_growth_year": 116.72,
            "roe": 3.38,
            "roe_4q": 10.45,
            "gross_profit": 134588,
            "gross_margin": 22.48,
            "gross_margin_4q_avg": 22.23,
            "net_income": 61836,
            "revenue": 598825,
            "common_shares": 770000,
            "book_valuer_per_share": 24.31,
            "book_valuer_per_share_4q_avg": 23.2,
            "equity": 1871677,
            "current_ratio": 198.92,
            "debt_ratio": 44.59,
            "inventory_turnover_ratio": 0.72,
            "account_receivable_turnover_ratio": 1.32,
            "reinvestment_rate": -9.14,
            "research_to_sale_ratio": 2.44,
            "price_fair": 55.86,
            "eps_avg_yearly": 1.6,
            "eps_latest_yearly": 3.2,
            "eps_growth_yearly": 557.15
        },
        "20224": {
            "year_quarter": 20224,
            "year": 2022,
            "quarter": 4,
            "eps": 0.12,
            "eps_growth_year": -71.37,
            "eps_4q": 2.1,
            "eps_4q_growth_year": 81.39,
            "roe": 0.5,
            "roe_4q": 9,
            "gross_profit": 115289,
            "gross_margin": 20.22,
            "gross_margin_4q_avg": 21.38,
            "net_income": 9480,
            "revenue": 570184,
            "common_shares": 770000,
            "book_valuer_per_share": 24.65,
            "book_valuer_per_share_4q_avg": 23.8,
            "equity": 1898232,
            "current_ratio": 211.2,
            "debt_ratio": 42.14,
            "inventory_turnover_ratio": 0.72,
            "account_receivable_turnover_ratio": 1.13,
            "reinvestment_rate": -7.53,
            "research_to_sale_ratio": 2.55,
            "price_fair": 52.31,
            "eps_avg_yearly": 1.49,
            "eps_latest_yearly": 0.48,
            "eps_growth_yearly": 475.59
        },
        "20231": {
            "year_quarter": 20231,
            "year": 2023,
            "quarter": 1,
            "eps": -0.03,
            "eps_growth_year": -107.14,
            "eps_4q": 1.65,
            "eps_4q_growth_year": 6.03,
            "roe": -0.12,
            "roe_4q": 7.02,
            "gross_profit": 72748,
            "gross_margin": 11.68,
            "gross_margin_4q_avg": 19.81,
            "net_income": -2197,
            "revenue": 623029,
            "common_shares": 770000,
            "book_valuer_per_share": 24.64,
            "book_valuer_per_share_4q_avg": 24.19,
            "equity": 1897294,
            "current_ratio": 191.92,
            "debt_ratio": 41.09,
            "inventory_turnover_ratio": 1.09,
            "account_receivable_turnover_ratio": 0.98,
            "reinvestment_rate": -7.49,
            "research_to_sale_ratio": 1.92,
            "price_fair": 52.31,
            "eps_avg_yearly": 1.49,
            "eps_latest_yearly": 0.48,
            "eps_growth_yearly": 475.59
        }
    },
    "months": {
        "2013-04": {
            "month": "2013-04",
            "price": "48.90",
            "revenue": 170942
        },
        "2013-05": {
            "month": "2013-05",
            "price": "49.44",
            "revenue": 192524
        },
        "2013-06": {
            "month": "2013-06",
            "price": "66.58",
            "revenue": 172467
        },
        "2013-07": {
            "month": "2013-07",
            "price": "61.91",
            "revenue": 204188
        },
        "2013-08": {
            "month": "2013-08",
            "price": "55.70",
            "revenue": 248091
        },
        "2013-09": {
            "month": "2013-09",
            "price": "58.60",
            "revenue": 228207
        },
        "2013-10": {
            "month": "2013-10",
            "price": "70.12",
            "revenue": 217606
        },
        "2013-11": {
            "month": "2013-11",
            "price": "69.56",
            "revenue": 239210
        },
        "2013-12": {
            "month": "2013-12",
            "price": "72.64",
            "revenue": 244629
        },
        "2014-01": {
            "month": "2014-01",
            "price": "96.57",
            "revenue": 220094
        },
        "2014-02": {
            "month": "2014-02",
            "price": "104.26",
            "revenue": 172030
        },
        "2014-03": {
            "month": "2014-03",
            "price": "129.25",
            "revenue": 189360
        },
        "2014-04": {
            "month": "2014-04",
            "price": "131.65",
            "revenue": 211543
        },
        "2014-05": {
            "month": "2014-05",
            "price": "117.63",
            "revenue": 165305
        },
        "2014-06": {
            "month": "2014-06",
            "price": "114.25",
            "revenue": 319061
        },
        "2014-07": {
            "month": "2014-07",
            "price": "137.30",
            "revenue": 410731
        },
        "2014-08": {
            "month": "2014-08",
            "price": "119.26",
            "revenue": 333261
        },
        "2014-09": {
            "month": "2014-09",
            "price": "100.03",
            "revenue": 223341
        },
        "2014-10": {
            "month": "2014-10",
            "price": "92.42",
            "revenue": 314560
        },
        "2014-11": {
            "month": "2014-11",
            "price": "94.62",
            "revenue": 279470
        },
        "2014-12": {
            "month": "2014-12",
            "price": "103.74",
            "revenue": 280428
        },
        "2015-01": {
            "month": "2015-01",
            "price": "99.08",
            "revenue": 313757
        },
        "2015-02": {
            "month": "2015-02",
            "price": "99.76",
            "revenue": 258772
        },
        "2015-03": {
            "month": "2015-03",
            "price": "110.01",
            "revenue": 246058
        },
        "2015-04": {
            "month": "2015-04",
            "price": "116.65",
            "revenue": 284954
        },
        "2015-05": {
            "month": "2015-05",
            "price": "116.29",
            "revenue": 237291
        },
        "2015-06": {
            "month": "2015-06",
            "price": "110.82",
            "revenue": 234475
        },
        "2015-07": {
            "month": "2015-07",
            "price": "103.79",
            "revenue": 279711
        },
        "2015-08": {
            "month": "2015-08",
            "price": "100.49",
            "revenue": 273515
        },
        "2015-09": {
            "month": "2015-09",
            "price": "97.25",
            "revenue": 433892
        },
        "2015-10": {
            "month": "2015-10",
            "price": "97.51",
            "revenue": 237372
        },
        "2015-11": {
            "month": "2015-11",
            "price": "107.43",
            "revenue": 299824
        },
        "2015-12": {
            "month": "2015-12",
            "price": "119.26",
            "revenue": 223001
        },
        "2016-01": {
            "month": "2016-01",
            "price": "76.69",
            "revenue": 235336
        },
        "2016-02": {
            "month": "2016-02",
            "price": "78.62",
            "revenue": 189097
        },
        "2016-03": {
            "month": "2016-03",
            "price": "84.72",
            "revenue": 244980
        },
        "2016-04": {
            "month": "2016-04",
            "price": "77.36",
            "revenue": 231145
        },
        "2016-05": {
            "month": "2016-05",
            "price": "62.37",
            "revenue": 201929
        },
        "2016-06": {
            "month": "2016-06",
            "price": "61.65",
            "revenue": 198030
        },
        "2016-07": {
            "month": "2016-07",
            "price": "53.06",
            "revenue": 177881
        },
        "2016-08": {
            "month": "2016-08",
            "price": "47.35",
            "revenue": 211725
        },
        "2016-09": {
            "month": "2016-09",
            "price": "45.43",
            "revenue": 240086
        },
        "2016-10": {
            "month": "2016-10",
            "price": "52.21",
            "revenue": 216447
        },
        "2016-11": {
            "month": "2016-11",
            "price": "43.35",
            "revenue": 227957
        },
        "2016-12": {
            "month": "2016-12",
            "price": "43.00",
            "revenue": 257493
        },
        "2017-01": {
            "month": "2017-01",
            "price": "45.25",
            "revenue": 153782
        },
        "2017-02": {
            "month": "2017-02",
            "price": "46.28",
            "revenue": 148586
        },
        "2017-03": {
            "month": "2017-03",
            "price": "44.82",
            "revenue": 148416
        },
        "2017-04": {
            "month": "2017-04",
            "price": "41.06",
            "revenue": 145561
        },
        "2017-05": {
            "month": "2017-05",
            "price": "36.53",
            "revenue": 167000
        },
        "2017-06": {
            "month": "2017-06",
            "price": "35.40",
            "revenue": 189561
        },
        "2017-07": {
            "month": "2017-07",
            "price": "37.53",
            "revenue": 170209
        },
        "2017-08": {
            "month": "2017-08",
            "price": "34.00",
            "revenue": 235629
        },
        "2017-09": {
            "month": "2017-09",
            "price": "34.93",
            "revenue": 319137
        },
        "2017-10": {
            "month": "2017-10",
            "price": "41.16",
            "revenue": 274206
        },
        "2017-11": {
            "month": "2017-11",
            "price": "47.02",
            "revenue": 295718
        },
        "2017-12": {
            "month": "2017-12",
            "price": "43.96",
            "revenue": 221579
        },
        "2018-01": {
            "month": "2018-01",
            "price": "42.71",
            "revenue": 138733
        },
        "2018-02": {
            "month": "2018-02",
            "price": "35.51",
            "revenue": 116570
        },
        "2018-03": {
            "month": "2018-03",
            "price": "34.21",
            "revenue": 174702
        },
        "2018-04": {
            "month": "2018-04",
            "price": "40.36",
            "revenue": 138193
        },
        "2018-05": {
            "month": "2018-05",
            "price": "38.54",
            "revenue": 138733
        },
        "2018-06": {
            "month": "2018-06",
            "price": "34.50",
            "revenue": 148098
        },
        "2018-07": {
            "month": "2018-07",
            "price": "33.91",
            "revenue": 155125
        },
        "2018-08": {
            "month": "2018-08",
            "price": "32.84",
            "revenue": 199309
        },
        "2018-09": {
            "month": "2018-09",
            "price": "31.57",
            "revenue": 287053
        },
        "2018-10": {
            "month": "2018-10",
            "price": "28.50",
            "revenue": 190367
        },
        "2018-11": {
            "month": "2018-11",
            "price": "25.79",
            "revenue": 204274
        },
        "2018-12": {
            "month": "2018-12",
            "price": "25.15",
            "revenue": 182375
        },
        "2019-01": {
            "month": "2019-01",
            "price": "25.22",
            "revenue": 141331
        },
        "2019-02": {
            "month": "2019-02",
            "price": "25.08",
            "revenue": 108934
        },
        "2019-03": {
            "month": "2019-03",
            "price": "25.93",
            "revenue": 133441
        },
        "2019-04": {
            "month": "2019-04",
            "price": "25.07",
            "revenue": 198391
        },
        "2019-05": {
            "month": "2019-05",
            "price": "24.26",
            "revenue": 134878
        },
        "2019-06": {
            "month": "2019-06",
            "price": "22.91",
            "revenue": 135221
        },
        "2019-07": {
            "month": "2019-07",
            "price": "23.46",
            "revenue": 140813
        },
        "2019-08": {
            "month": "2019-08",
            "price": "23.59",
            "revenue": 161430
        },
        "2019-09": {
            "month": "2019-09",
            "price": "22.30",
            "revenue": 131110
        },
        "2019-10": {
            "month": "2019-10",
            "price": "21.90",
            "revenue": 213155
        },
        "2019-11": {
            "month": "2019-11",
            "price": "24.41",
            "revenue": 162376
        },
        "2019-12": {
            "month": "2019-12",
            "price": "26.99",
            "revenue": 136211
        },
        "2020-01": {
            "month": "2020-01",
            "price": "23.60",
            "revenue": 122290
        },
        "2020-02": {
            "month": "2020-02",
            "price": "24.87",
            "revenue": 132645
        },
        "2020-03": {
            "month": "2020-03",
            "price": "25.55",
            "revenue": 137049
        },
        "2020-04": {
            "month": "2020-04",
            "price": "25.59",
            "revenue": 127914
        },
        "2020-05": {
            "month": "2020-05",
            "price": "26.96",
            "revenue": 169070
        },
        "2020-06": {
            "month": "2020-06",
            "price": "29.42",
            "revenue": 159575
        },
        "2020-07": {
            "month": "2020-07",
            "price": "31.79",
            "revenue": 151189
        },
        "2020-08": {
            "month": "2020-08",
            "price": "30.98",
            "revenue": 173503
        },
        "2020-09": {
            "month": "2020-09",
            "price": "30.61",
            "revenue": 165709
        },
        "2020-10": {
            "month": "2020-10",
            "price": "30.02",
            "revenue": 163404
        },
        "2020-11": {
            "month": "2020-11",
            "price": "35.30",
            "revenue": 156920
        },
        "2020-12": {
            "month": "2020-12",
            "price": "31.08",
            "revenue": 262433
        },
        "2021-01": {
            "month": "2021-01",
            "price": "30.03",
            "revenue": 169173
        },
        "2021-02": {
            "month": "2021-02",
            "price": "29.78",
            "revenue": 134926
        },
        "2021-03": {
            "month": "2021-03",
            "price": "29.25",
            "revenue": 153401
        },
        "2021-04": {
            "month": "2021-04",
            "price": "32.08",
            "revenue": 155939
        },
        "2021-05": {
            "month": "2021-05",
            "price": "27.52",
            "revenue": 185761
        },
        "2021-06": {
            "month": "2021-06",
            "price": "27.03",
            "revenue": 301566
        },
        "2021-07": {
            "month": "2021-07",
            "price": "27.96",
            "revenue": 159191
        },
        "2021-08": {
            "month": "2021-08",
            "price": "27.48",
            "revenue": 159348
        },
        "2021-09": {
            "month": "2021-09",
            "price": "26.63",
            "revenue": 182044
        },
        "2021-10": {
            "month": "2021-10",
            "price": "25.84",
            "revenue": 183572
        },
        "2021-11": {
            "month": "2021-11",
            "price": "27.49",
            "revenue": 200771
        },
        "2021-12": {
            "month": "2021-12",
            "price": "28.83",
            "revenue": 182213
        },
        "2022-01": {
            "month": "2022-01",
            "price": "28.10",
            "revenue": 188969
        },
        "2022-02": {
            "month": "2022-02",
            "price": "28.50",
            "revenue": 205987
        },
        "2022-03": {
            "month": "2022-03",
            "price": "30.72",
            "revenue": 178200
        },
        "2022-04": {
            "month": "2022-04",
            "price": "30.46",
            "revenue": 227152
        },
        "2022-05": {
            "month": "2022-05",
            "price": "29.23",
            "revenue": 155124
        },
        "2022-06": {
            "month": "2022-06",
            "price": "29.37",
            "revenue": 150576
        },
        "2022-07": {
            "month": "2022-07",
            "price": "26.06",
            "revenue": 243684
        },
        "2022-08": {
            "month": "2022-08",
            "price": "29.19",
            "revenue": 192080
        },
        "2022-09": {
            "month": "2022-09",
            "price": "28.59",
            "revenue": 163060
        },
        "2022-10": {
            "month": "2022-10",
            "price": "27.50",
            "revenue": 151309
        },
        "2022-11": {
            "month": "2022-11",
            "price": "27.97",
            "revenue": 199989
        },
        "2022-12": {
            "month": "2022-12",
            "price": "29.08",
            "revenue": 218886
        },
        "2023-01": {
            "month": "2023-01",
            "price": "30.43",
            "revenue": 179538
        },
        "2023-02": {
            "month": "2023-02",
            "price": "30.76",
            "revenue": 212033
        },
        "2023-03": {
            "month": "2023-03",
            "price": "32.03",
            "revenue": 231458
        },
        "2023-04": {
            "month": "2023-04",
            "price": "32.44",
            "revenue": 185064
        }
    }
}
