{
    "summary": {
        "stock_name": "桓達",
        "stock_id": "4549",
        "category": "電機機械",
        "main_business": "製程自動化感測器之設計,生產與銷售<br>電機氣動控制元件之設計,生產與銷售<br>電子電力控制儀表等整合服務",
        "website_url": "http://www.fine-tek.com",
        "ceo": "吳定國",
        "pe_ratio": 19,
        "report_year_from": 2012,
        "report_year_to": 2023,
        "age": 12,
        "eps_negative_percentage": 0,
        "eps_growth_avg": {
            "last_all": -0.81,
            "last_2y": -5.57,
            "last_4y": -2.83,
            "last_8y": -0.81,
            "last_12y": null,
            "last_16y": null,
            "last_20y": null,
            "at_2006_last_3y": null,
            "at_2007_last_3y": null,
            "at_2008_last_3y": null,
            "at_2009_last_3y": null,
            "at_2010_last_3y": null,
            "at_2011_last_3y": null,
            "at_2012_last_3y": null,
            "at_2013_last_3y": null,
            "at_2014_last_3y": null,
            "at_2015_last_3y": null,
            "at_2016_last_3y": null,
            "at_2017_last_3y": null,
            "at_2018_last_3y": 1.73,
            "at_2019_last_3y": 10.79,
            "at_2020_last_3y": 5.9,
            "at_2021_last_3y": 6.79,
            "at_2022_last_3y": 6.93,
            "at_2023_last_3y": -2.98,
            "at_2024_last_3y": -2.98,
            "at_2006_last_all": null,
            "at_2007_last_all": null,
            "at_2008_last_all": null,
            "at_2009_last_all": null,
            "at_2010_last_all": null,
            "at_2011_last_all": null,
            "at_2012_last_all": null,
            "at_2013_last_all": null,
            "at_2014_last_all": null,
            "at_2015_last_all": null,
            "at_2016_last_all": -7.07,
            "at_2017_last_all": -0.39,
            "at_2018_last_all": 1.73,
            "at_2019_last_all": 0.93,
            "at_2020_last_all": 1.57,
            "at_2021_last_all": 3.72,
            "at_2022_last_all": 4.33,
            "at_2023_last_all": -0.81,
            "at_2024_last_all": -0.81
        },
        "latest_eps": 5.01,
        "latest_price": 92.8,
        "latest_roe": 16.26,
        "latest_gross_margin": 56.91,
        "latest_equity": 1733271,
        "latest_revenue": 353491,
        "latest_gross_profit": 201163,
        "latest_net_income": 87046,
        "latest_debt_ratio": 20.4,
        "latest_current_ratio": 553.23,
        "latest_account_receivable_turnover_ratio": 1.32,
        "latest_inventory_turnover_ratio": 0.63,
        "latest_reinvestment_rate": 27.08,
        "latest_research_to_sale_ratio": 6.53
    },
    "eps_dividends": {
        "2001": {
            "cash": 0,
            "stock": 0,
            "eps": 0
        },
        "2002": {
            "cash": 0,
            "stock": 0,
            "eps": 0
        },
        "2003": {
            "cash": 0,
            "stock": 0,
            "eps": 0
        },
        "2004": {
            "cash": 0,
            "stock": 0,
            "eps": 0
        },
        "2005": {
            "cash": 0,
            "stock": 0,
            "eps": 0
        },
        "2006": {
            "cash": 0,
            "stock": 0,
            "eps": 0
        },
        "2007": {
            "cash": 0,
            "stock": 0,
            "eps": 0
        },
        "2008": {
            "cash": 0,
            "stock": 0,
            "eps": 0
        },
        "2009": {
            "cash": 0,
            "stock": 0,
            "eps": 0
        },
        "2010": {
            "cash": 0,
            "stock": 0,
            "eps": 0
        },
        "2011": {
            "cash": 0,
            "stock": 0,
            "eps": 0
        },
        "2012": {
            "cash": 0,
            "stock": 0,
            "eps": 0
        },
        "2013": {
            "cash": 0,
            "stock": 0,
            "eps": 0
        },
        "2014": {
            "cash": 3,
            "stock": 0.5,
            "eps": 5.74
        },
        "2015": {
            "cash": 3.8,
            "stock": 0.2,
            "eps": 3.53
        },
        "2016": {
            "cash": 2.8,
            "stock": 0.2,
            "eps": 4.39
        },
        "2017": {
            "cash": 3,
            "stock": 0.5,
            "eps": 4.96
        },
        "2018": {
            "cash": 4,
            "stock": 0,
            "eps": 5.36
        },
        "2019": {
            "cash": 4,
            "stock": 0.5,
            "eps": 5.24
        },
        "2020": {
            "cash": 4,
            "stock": 0,
            "eps": 5.49
        },
        "2021": {
            "cash": 4,
            "stock": 0.5,
            "eps": 6.4
        },
        "2022": {
            "cash": 4.1,
            "stock": 1.1,
            "eps": 6.95
        },
        "2023": {
            "cash": 4,
            "stock": 1.1,
            "eps": 4.04
        }
    },
    "dividends": {
        "2014-10-13": {
            "cash": 3,
            "stock": 0.5
        },
        "2015-10-07": {
            "cash": 3.8,
            "stock": 0.2
        },
        "2016-10-04": {
            "cash": 2.8,
            "stock": 0.2
        },
        "2017-10-03": {
            "cash": 3,
            "stock": 0.5
        },
        "2018-08-15": {
            "cash": 4,
            "stock": 0
        },
        "2019-10-01": {
            "cash": 4,
            "stock": 0.5
        },
        "2020-08-17": {
            "cash": 4,
            "stock": 0
        },
        "2021-09-30": {
            "cash": 4,
            "stock": 0.5
        },
        "2022-07-28": {
            "cash": 4.1,
            "stock": 1.1
        },
        "2023-08-04": {
            "cash": 4,
            "stock": 1.1
        }
    },
    "prices": {
        "200101": "無",
        "200102": "無",
        "200103": "無",
        "200104": "無",
        "200105": "無",
        "200106": "無",
        "200107": "無",
        "200108": "無",
        "200109": "無",
        "200110": "無",
        "200111": "無",
        "200112": "無",
        "200201": "無",
        "200202": "無",
        "200203": "無",
        "200204": "無",
        "200205": "無",
        "200206": "無",
        "200207": "無",
        "200208": "無",
        "200209": "無",
        "200210": "無",
        "200211": "無",
        "200212": "無",
        "200301": "無",
        "200302": "無",
        "200303": "無",
        "200304": "無",
        "200305": "無",
        "200306": "無",
        "200307": "無",
        "200308": "無",
        "200309": "無",
        "200310": "無",
        "200311": "無",
        "200312": "無",
        "200401": "無",
        "200402": "無",
        "200403": "無",
        "200404": "無",
        "200405": "無",
        "200406": "無",
        "200407": "無",
        "200408": "無",
        "200409": "無",
        "200410": "無",
        "200411": "無",
        "200412": "無",
        "200501": "無",
        "200502": "無",
        "200503": "無",
        "200504": "無",
        "200505": "無",
        "200506": "無",
        "200507": "無",
        "200508": "無",
        "200509": "無",
        "200510": "無",
        "200511": "無",
        "200512": "無",
        "200601": "無",
        "200602": "無",
        "200603": "無",
        "200604": "無",
        "200605": "無",
        "200606": "無",
        "200607": "無",
        "200608": "無",
        "200609": "無",
        "200610": "無",
        "200611": "無",
        "200612": "無",
        "200701": "無",
        "200702": "無",
        "200703": "無",
        "200704": "無",
        "200705": "無",
        "200706": "無",
        "200707": "無",
        "200708": "無",
        "200709": "無",
        "200710": "無",
        "200711": "無",
        "200712": "無",
        "200801": "無",
        "200802": "無",
        "200803": "無",
        "200804": "無",
        "200805": "無",
        "200806": "無",
        "200807": "無",
        "200808": "無",
        "200809": "無",
        "200810": "無",
        "200811": "無",
        "200812": "無",
        "200901": "無",
        "200902": "無",
        "200903": "無",
        "200904": "無",
        "200905": "無",
        "200906": "無",
        "200907": "無",
        "200908": "無",
        "200909": "無",
        "200910": "無",
        "200911": "無",
        "200912": "無",
        "201001": "無",
        "201002": "無",
        "201003": "無",
        "201004": "無",
        "201005": "無",
        "201006": "無",
        "201007": "無",
        "201008": "無",
        "201009": "無",
        "201010": "無",
        "201011": "無",
        "201012": "無",
        "201101": "無",
        "201102": "無",
        "201103": "無",
        "201104": "無",
        "201105": "無",
        "201106": "無",
        "201107": "無",
        "201108": "無",
        "201109": "無",
        "201110": "無",
        "201111": "無",
        "201112": "無",
        "201201": "無",
        "201202": "無",
        "201203": "無",
        "201204": "無",
        "201205": "無",
        "201206": "無",
        "201207": "無",
        "201208": "無",
        "201209": "無",
        "201210": "無",
        "201211": "無",
        "201212": "無",
        "201301": "無",
        "201302": "無",
        "201303": "無",
        "201304": "無",
        "201305": "無",
        "201306": "無",
        "201307": "無",
        "201308": "無",
        "201309": "無",
        "201310": "無",
        "201311": "無",
        "201312": "105.39",
        "201401": "110.39",
        "201402": "115.13",
        "201403": "123.32",
        "201404": "137.47",
        "201405": "131.81",
        "201406": "140.15",
        "201407": "141.37",
        "201408": "131.02",
        "201409": "137.05",
        "201410": "121.82",
        "201411": "115.50",
        "201412": "135.40",
        "201501": "140.28",
        "201502": "157.77",
        "201503": "150.00",
        "201504": "138.40",
        "201505": "128.30",
        "201506": "120.86",
        "201507": "122.77",
        "201508": "94.08",
        "201509": "80.92",
        "201510": "83.14",
        "201511": "76.19",
        "201512": "77.52",
        "201601": "65.95",
        "201602": "68.38",
        "201603": "69.46",
        "201604": "68.65",
        "201605": "67.18",
        "201606": "72.43",
        "201607": "76.60",
        "201608": "86.88",
        "201609": "89.75",
        "201610": "82.94",
        "201611": "81.43",
        "201612": "85.51",
        "201701": "86.93",
        "201702": "82.41",
        "201703": "82.31",
        "201704": "91.76",
        "201705": "87.47",
        "201706": "87.50",
        "201707": "86.74",
        "201708": "88.61",
        "201709": "85.26",
        "201710": "86.44",
        "201711": "83.22",
        "201712": "87.32",
        "201801": "93.33",
        "201802": "102.90",
        "201803": "100.53",
        "201804": "103.44",
        "201805": "97.70",
        "201806": "94.38",
        "201807": "85.76",
        "201808": "83.55",
        "201809": "81.25",
        "201810": "76.02",
        "201811": "73.05",
        "201812": "77.15",
        "201901": "76.87",
        "201902": "81.43",
        "201903": "85.00",
        "201904": "85.76",
        "201905": "85.25",
        "201906": "83.38",
        "201907": "88.57",
        "201908": "90.60",
        "201909": "84.32",
        "201910": "83.89",
        "201911": "85.69",
        "201912": "86.19",
        "202001": "86.71",
        "202002": "81.20",
        "202003": "70.11",
        "202004": "67.69",
        "202005": "70.82",
        "202006": "71.38",
        "202007": "69.94",
        "202008": "70.40",
        "202009": "71.76",
        "202010": "71.52",
        "202011": "74.24",
        "202012": "74.63",
        "202101": "78.04",
        "202102": "80.44",
        "202103": "85.23",
        "202104": "90.97",
        "202105": "82.58",
        "202106": "86.11",
        "202107": "89.16",
        "202108": "87.22",
        "202109": "86.71",
        "202110": "86.85",
        "202111": "88.08",
        "202112": "87.67",
        "202201": "91.46",
        "202202": "92.80",
        "202203": "93.03",
        "202204": "93.60",
        "202205": "88.02",
        "202206": "87.40",
        "202207": "84.62",
        "202208": "88.13",
        "202209": "87.86",
        "202210": "88.08",
        "202211": "86.82",
        "202212": "84.85",
        "202301": "84.42",
        "202302": "86.62",
        "202303": "91.14",
        "202304": "93.55",
        "202305": "97.54",
        "202306": "105.21",
        "202307": "106.48",
        "202308": "96.10",
        "202309": "88.94",
        "202310": "88.70",
        "202311": "87.56",
        "202312": "91.28"
    },
    "quarters": {
        "20011": {
            "year_quarter": 20011,
            "year": 2001,
            "quarter": 1,
            "eps": null,
            "eps_growth_year": null,
            "eps_4q": null,
            "eps_4q_growth_year": null,
            "roe": null,
            "roe_4q": 0,
            "gross_profit": null,
            "gross_margin": null,
            "gross_margin_4q_avg": 0,
            "net_income": null,
            "net_income_4q": null,
            "revenue": null,
            "revenue_4q": null,
            "common_shares": null,
            "book_valuer_per_share": null,
            "book_valuer_per_share_4q_avg": 0,
            "equity": null,
            "current_ratio": null,
            "debt_ratio": null,
            "inventory_turnover_ratio": null,
            "account_receivable_turnover_ratio": null,
            "reinvestment_rate": null,
            "research_to_sale_ratio": null,
            "price_fair": 0,
            "eps_avg_yearly": 0,
            "eps_latest_yearly": 0,
            "eps_growth_yearly": 0
        },
        "20012": {
            "year_quarter": 20012,
            "year": 2001,
            "quarter": 2,
            "eps": null,
            "eps_growth_year": null,
            "eps_4q": null,
            "eps_4q_growth_year": null,
            "roe": null,
            "roe_4q": 0,
            "gross_profit": null,
            "gross_margin": null,
            "gross_margin_4q_avg": 0,
            "net_income": null,
            "net_income_4q": null,
            "revenue": null,
            "revenue_4q": null,
            "common_shares": null,
            "book_valuer_per_share": null,
            "book_valuer_per_share_4q_avg": 0,
            "equity": null,
            "current_ratio": null,
            "debt_ratio": null,
            "inventory_turnover_ratio": null,
            "account_receivable_turnover_ratio": null,
            "reinvestment_rate": null,
            "research_to_sale_ratio": null,
            "price_fair": 0,
            "eps_avg_yearly": 0,
            "eps_latest_yearly": 0,
            "eps_growth_yearly": 0
        },
        "20013": {
            "year_quarter": 20013,
            "year": 2001,
            "quarter": 3,
            "eps": null,
            "eps_growth_year": null,
            "eps_4q": null,
            "eps_4q_growth_year": null,
            "roe": null,
            "roe_4q": 0,
            "gross_profit": null,
            "gross_margin": null,
            "gross_margin_4q_avg": 0,
            "net_income": null,
            "net_income_4q": null,
            "revenue": null,
            "revenue_4q": null,
            "common_shares": null,
            "book_valuer_per_share": null,
            "book_valuer_per_share_4q_avg": 0,
            "equity": null,
            "current_ratio": null,
            "debt_ratio": null,
            "inventory_turnover_ratio": null,
            "account_receivable_turnover_ratio": null,
            "reinvestment_rate": null,
            "research_to_sale_ratio": null,
            "price_fair": 0,
            "eps_avg_yearly": 0,
            "eps_latest_yearly": 0,
            "eps_growth_yearly": 0
        },
        "20014": {
            "year_quarter": 20014,
            "year": 2001,
            "quarter": 4,
            "eps": null,
            "eps_growth_year": null,
            "eps_4q": null,
            "eps_4q_growth_year": null,
            "roe": null,
            "roe_4q": 0,
            "gross_profit": null,
            "gross_margin": null,
            "gross_margin_4q_avg": 0,
            "net_income": null,
            "net_income_4q": null,
            "revenue": null,
            "revenue_4q": null,
            "common_shares": null,
            "book_valuer_per_share": null,
            "book_valuer_per_share_4q_avg": 0,
            "equity": null,
            "current_ratio": null,
            "debt_ratio": null,
            "inventory_turnover_ratio": null,
            "account_receivable_turnover_ratio": null,
            "reinvestment_rate": null,
            "research_to_sale_ratio": null,
            "price_fair": 0,
            "eps_avg_yearly": 0,
            "eps_latest_yearly": 0,
            "eps_growth_yearly": 0
        },
        "20021": {
            "year_quarter": 20021,
            "year": 2002,
            "quarter": 1,
            "eps": null,
            "eps_growth_year": null,
            "eps_4q": null,
            "eps_4q_growth_year": null,
            "roe": null,
            "roe_4q": 0,
            "gross_profit": null,
            "gross_margin": null,
            "gross_margin_4q_avg": 0,
            "net_income": null,
            "net_income_4q": null,
            "revenue": null,
            "revenue_4q": null,
            "common_shares": null,
            "book_valuer_per_share": null,
            "book_valuer_per_share_4q_avg": 0,
            "equity": null,
            "current_ratio": null,
            "debt_ratio": null,
            "inventory_turnover_ratio": null,
            "account_receivable_turnover_ratio": null,
            "reinvestment_rate": null,
            "research_to_sale_ratio": null,
            "price_fair": 0,
            "eps_avg_yearly": 0,
            "eps_latest_yearly": 0,
            "eps_growth_yearly": 0
        },
        "20022": {
            "year_quarter": 20022,
            "year": 2002,
            "quarter": 2,
            "eps": null,
            "eps_growth_year": null,
            "eps_4q": null,
            "eps_4q_growth_year": null,
            "roe": null,
            "roe_4q": 0,
            "gross_profit": null,
            "gross_margin": null,
            "gross_margin_4q_avg": 0,
            "net_income": null,
            "net_income_4q": null,
            "revenue": null,
            "revenue_4q": null,
            "common_shares": null,
            "book_valuer_per_share": null,
            "book_valuer_per_share_4q_avg": 0,
            "equity": null,
            "current_ratio": null,
            "debt_ratio": null,
            "inventory_turnover_ratio": null,
            "account_receivable_turnover_ratio": null,
            "reinvestment_rate": null,
            "research_to_sale_ratio": null,
            "price_fair": 0,
            "eps_avg_yearly": 0,
            "eps_latest_yearly": 0,
            "eps_growth_yearly": 0
        },
        "20023": {
            "year_quarter": 20023,
            "year": 2002,
            "quarter": 3,
            "eps": null,
            "eps_growth_year": null,
            "eps_4q": null,
            "eps_4q_growth_year": null,
            "roe": null,
            "roe_4q": 0,
            "gross_profit": null,
            "gross_margin": null,
            "gross_margin_4q_avg": 0,
            "net_income": null,
            "net_income_4q": null,
            "revenue": null,
            "revenue_4q": null,
            "common_shares": null,
            "book_valuer_per_share": null,
            "book_valuer_per_share_4q_avg": 0,
            "equity": null,
            "current_ratio": null,
            "debt_ratio": null,
            "inventory_turnover_ratio": null,
            "account_receivable_turnover_ratio": null,
            "reinvestment_rate": null,
            "research_to_sale_ratio": null,
            "price_fair": 0,
            "eps_avg_yearly": 0,
            "eps_latest_yearly": 0,
            "eps_growth_yearly": 0
        },
        "20024": {
            "year_quarter": 20024,
            "year": 2002,
            "quarter": 4,
            "eps": null,
            "eps_growth_year": null,
            "eps_4q": null,
            "eps_4q_growth_year": null,
            "roe": null,
            "roe_4q": 0,
            "gross_profit": null,
            "gross_margin": null,
            "gross_margin_4q_avg": 0,
            "net_income": null,
            "net_income_4q": null,
            "revenue": null,
            "revenue_4q": null,
            "common_shares": null,
            "book_valuer_per_share": null,
            "book_valuer_per_share_4q_avg": 0,
            "equity": null,
            "current_ratio": null,
            "debt_ratio": null,
            "inventory_turnover_ratio": null,
            "account_receivable_turnover_ratio": null,
            "reinvestment_rate": null,
            "research_to_sale_ratio": null,
            "price_fair": 0,
            "eps_avg_yearly": 0,
            "eps_latest_yearly": 0,
            "eps_growth_yearly": 0
        },
        "20031": {
            "year_quarter": 20031,
            "year": 2003,
            "quarter": 1,
            "eps": null,
            "eps_growth_year": null,
            "eps_4q": null,
            "eps_4q_growth_year": null,
            "roe": null,
            "roe_4q": 0,
            "gross_profit": null,
            "gross_margin": null,
            "gross_margin_4q_avg": 0,
            "net_income": null,
            "net_income_4q": null,
            "revenue": null,
            "revenue_4q": null,
            "common_shares": null,
            "book_valuer_per_share": null,
            "book_valuer_per_share_4q_avg": 0,
            "equity": null,
            "current_ratio": null,
            "debt_ratio": null,
            "inventory_turnover_ratio": null,
            "account_receivable_turnover_ratio": null,
            "reinvestment_rate": null,
            "research_to_sale_ratio": null,
            "price_fair": 0,
            "eps_avg_yearly": 0,
            "eps_latest_yearly": 0,
            "eps_growth_yearly": 0
        },
        "20032": {
            "year_quarter": 20032,
            "year": 2003,
            "quarter": 2,
            "eps": null,
            "eps_growth_year": null,
            "eps_4q": null,
            "eps_4q_growth_year": null,
            "roe": null,
            "roe_4q": 0,
            "gross_profit": null,
            "gross_margin": null,
            "gross_margin_4q_avg": 0,
            "net_income": null,
            "net_income_4q": null,
            "revenue": null,
            "revenue_4q": null,
            "common_shares": null,
            "book_valuer_per_share": null,
            "book_valuer_per_share_4q_avg": 0,
            "equity": null,
            "current_ratio": null,
            "debt_ratio": null,
            "inventory_turnover_ratio": null,
            "account_receivable_turnover_ratio": null,
            "reinvestment_rate": null,
            "research_to_sale_ratio": null,
            "price_fair": 0,
            "eps_avg_yearly": 0,
            "eps_latest_yearly": 0,
            "eps_growth_yearly": 0
        },
        "20033": {
            "year_quarter": 20033,
            "year": 2003,
            "quarter": 3,
            "eps": null,
            "eps_growth_year": null,
            "eps_4q": null,
            "eps_4q_growth_year": null,
            "roe": null,
            "roe_4q": 0,
            "gross_profit": null,
            "gross_margin": null,
            "gross_margin_4q_avg": 0,
            "net_income": null,
            "net_income_4q": null,
            "revenue": null,
            "revenue_4q": null,
            "common_shares": null,
            "book_valuer_per_share": null,
            "book_valuer_per_share_4q_avg": 0,
            "equity": null,
            "current_ratio": null,
            "debt_ratio": null,
            "inventory_turnover_ratio": null,
            "account_receivable_turnover_ratio": null,
            "reinvestment_rate": null,
            "research_to_sale_ratio": null,
            "price_fair": 0,
            "eps_avg_yearly": 0,
            "eps_latest_yearly": 0,
            "eps_growth_yearly": 0
        },
        "20034": {
            "year_quarter": 20034,
            "year": 2003,
            "quarter": 4,
            "eps": null,
            "eps_growth_year": null,
            "eps_4q": null,
            "eps_4q_growth_year": null,
            "roe": null,
            "roe_4q": 0,
            "gross_profit": null,
            "gross_margin": null,
            "gross_margin_4q_avg": 0,
            "net_income": null,
            "net_income_4q": null,
            "revenue": null,
            "revenue_4q": null,
            "common_shares": null,
            "book_valuer_per_share": null,
            "book_valuer_per_share_4q_avg": 0,
            "equity": null,
            "current_ratio": null,
            "debt_ratio": null,
            "inventory_turnover_ratio": null,
            "account_receivable_turnover_ratio": null,
            "reinvestment_rate": null,
            "research_to_sale_ratio": null,
            "price_fair": 0,
            "eps_avg_yearly": 0,
            "eps_latest_yearly": 0,
            "eps_growth_yearly": 0
        },
        "20041": {
            "year_quarter": 20041,
            "year": 2004,
            "quarter": 1,
            "eps": null,
            "eps_growth_year": null,
            "eps_4q": null,
            "eps_4q_growth_year": null,
            "roe": null,
            "roe_4q": 0,
            "gross_profit": null,
            "gross_margin": null,
            "gross_margin_4q_avg": 0,
            "net_income": null,
            "net_income_4q": null,
            "revenue": null,
            "revenue_4q": null,
            "common_shares": null,
            "book_valuer_per_share": null,
            "book_valuer_per_share_4q_avg": 0,
            "equity": null,
            "current_ratio": null,
            "debt_ratio": null,
            "inventory_turnover_ratio": null,
            "account_receivable_turnover_ratio": null,
            "reinvestment_rate": null,
            "research_to_sale_ratio": null,
            "price_fair": 0,
            "eps_avg_yearly": 0,
            "eps_latest_yearly": 0,
            "eps_growth_yearly": 0
        },
        "20042": {
            "year_quarter": 20042,
            "year": 2004,
            "quarter": 2,
            "eps": null,
            "eps_growth_year": null,
            "eps_4q": null,
            "eps_4q_growth_year": null,
            "roe": null,
            "roe_4q": 0,
            "gross_profit": null,
            "gross_margin": null,
            "gross_margin_4q_avg": 0,
            "net_income": null,
            "net_income_4q": null,
            "revenue": null,
            "revenue_4q": null,
            "common_shares": null,
            "book_valuer_per_share": null,
            "book_valuer_per_share_4q_avg": 0,
            "equity": null,
            "current_ratio": null,
            "debt_ratio": null,
            "inventory_turnover_ratio": null,
            "account_receivable_turnover_ratio": null,
            "reinvestment_rate": null,
            "research_to_sale_ratio": null,
            "price_fair": 0,
            "eps_avg_yearly": 0,
            "eps_latest_yearly": 0,
            "eps_growth_yearly": 0
        },
        "20043": {
            "year_quarter": 20043,
            "year": 2004,
            "quarter": 3,
            "eps": null,
            "eps_growth_year": null,
            "eps_4q": null,
            "eps_4q_growth_year": null,
            "roe": null,
            "roe_4q": 0,
            "gross_profit": null,
            "gross_margin": null,
            "gross_margin_4q_avg": 0,
            "net_income": null,
            "net_income_4q": null,
            "revenue": null,
            "revenue_4q": null,
            "common_shares": null,
            "book_valuer_per_share": null,
            "book_valuer_per_share_4q_avg": 0,
            "equity": null,
            "current_ratio": null,
            "debt_ratio": null,
            "inventory_turnover_ratio": null,
            "account_receivable_turnover_ratio": null,
            "reinvestment_rate": null,
            "research_to_sale_ratio": null,
            "price_fair": 0,
            "eps_avg_yearly": 0,
            "eps_latest_yearly": 0,
            "eps_growth_yearly": 0
        },
        "20044": {
            "year_quarter": 20044,
            "year": 2004,
            "quarter": 4,
            "eps": null,
            "eps_growth_year": null,
            "eps_4q": null,
            "eps_4q_growth_year": null,
            "roe": null,
            "roe_4q": 0,
            "gross_profit": null,
            "gross_margin": null,
            "gross_margin_4q_avg": 0,
            "net_income": null,
            "net_income_4q": null,
            "revenue": null,
            "revenue_4q": null,
            "common_shares": null,
            "book_valuer_per_share": null,
            "book_valuer_per_share_4q_avg": 0,
            "equity": null,
            "current_ratio": null,
            "debt_ratio": null,
            "inventory_turnover_ratio": null,
            "account_receivable_turnover_ratio": null,
            "reinvestment_rate": null,
            "research_to_sale_ratio": null,
            "price_fair": 0,
            "eps_avg_yearly": 0,
            "eps_latest_yearly": 0,
            "eps_growth_yearly": 0
        },
        "20051": {
            "year_quarter": 20051,
            "year": 2005,
            "quarter": 1,
            "eps": null,
            "eps_growth_year": null,
            "eps_4q": null,
            "eps_4q_growth_year": null,
            "roe": null,
            "roe_4q": 0,
            "gross_profit": null,
            "gross_margin": null,
            "gross_margin_4q_avg": 0,
            "net_income": null,
            "net_income_4q": null,
            "revenue": null,
            "revenue_4q": null,
            "common_shares": null,
            "book_valuer_per_share": null,
            "book_valuer_per_share_4q_avg": 0,
            "equity": null,
            "current_ratio": null,
            "debt_ratio": null,
            "inventory_turnover_ratio": null,
            "account_receivable_turnover_ratio": null,
            "reinvestment_rate": null,
            "research_to_sale_ratio": null,
            "price_fair": 0,
            "eps_avg_yearly": 0,
            "eps_latest_yearly": 0,
            "eps_growth_yearly": 0
        },
        "20052": {
            "year_quarter": 20052,
            "year": 2005,
            "quarter": 2,
            "eps": null,
            "eps_growth_year": null,
            "eps_4q": null,
            "eps_4q_growth_year": null,
            "roe": null,
            "roe_4q": 0,
            "gross_profit": null,
            "gross_margin": null,
            "gross_margin_4q_avg": 0,
            "net_income": null,
            "net_income_4q": null,
            "revenue": null,
            "revenue_4q": null,
            "common_shares": null,
            "book_valuer_per_share": null,
            "book_valuer_per_share_4q_avg": 0,
            "equity": null,
            "current_ratio": null,
            "debt_ratio": null,
            "inventory_turnover_ratio": null,
            "account_receivable_turnover_ratio": null,
            "reinvestment_rate": null,
            "research_to_sale_ratio": null,
            "price_fair": 0,
            "eps_avg_yearly": 0,
            "eps_latest_yearly": 0,
            "eps_growth_yearly": 0
        },
        "20053": {
            "year_quarter": 20053,
            "year": 2005,
            "quarter": 3,
            "eps": null,
            "eps_growth_year": null,
            "eps_4q": null,
            "eps_4q_growth_year": null,
            "roe": null,
            "roe_4q": 0,
            "gross_profit": null,
            "gross_margin": null,
            "gross_margin_4q_avg": 0,
            "net_income": null,
            "net_income_4q": null,
            "revenue": null,
            "revenue_4q": null,
            "common_shares": null,
            "book_valuer_per_share": null,
            "book_valuer_per_share_4q_avg": 0,
            "equity": null,
            "current_ratio": null,
            "debt_ratio": null,
            "inventory_turnover_ratio": null,
            "account_receivable_turnover_ratio": null,
            "reinvestment_rate": null,
            "research_to_sale_ratio": null,
            "price_fair": 0,
            "eps_avg_yearly": 0,
            "eps_latest_yearly": 0,
            "eps_growth_yearly": 0
        },
        "20054": {
            "year_quarter": 20054,
            "year": 2005,
            "quarter": 4,
            "eps": null,
            "eps_growth_year": null,
            "eps_4q": null,
            "eps_4q_growth_year": null,
            "roe": null,
            "roe_4q": 0,
            "gross_profit": null,
            "gross_margin": null,
            "gross_margin_4q_avg": 0,
            "net_income": null,
            "net_income_4q": null,
            "revenue": null,
            "revenue_4q": null,
            "common_shares": null,
            "book_valuer_per_share": null,
            "book_valuer_per_share_4q_avg": 0,
            "equity": null,
            "current_ratio": null,
            "debt_ratio": null,
            "inventory_turnover_ratio": null,
            "account_receivable_turnover_ratio": null,
            "reinvestment_rate": null,
            "research_to_sale_ratio": null,
            "price_fair": 0,
            "eps_avg_yearly": 0,
            "eps_latest_yearly": 0,
            "eps_growth_yearly": 0
        },
        "20061": {
            "year_quarter": 20061,
            "year": 2006,
            "quarter": 1,
            "eps": null,
            "eps_growth_year": null,
            "eps_4q": null,
            "eps_4q_growth_year": null,
            "roe": null,
            "roe_4q": 0,
            "gross_profit": null,
            "gross_margin": null,
            "gross_margin_4q_avg": 0,
            "net_income": null,
            "net_income_4q": null,
            "revenue": null,
            "revenue_4q": null,
            "common_shares": null,
            "book_valuer_per_share": null,
            "book_valuer_per_share_4q_avg": 0,
            "equity": null,
            "current_ratio": null,
            "debt_ratio": null,
            "inventory_turnover_ratio": null,
            "account_receivable_turnover_ratio": null,
            "reinvestment_rate": null,
            "research_to_sale_ratio": null,
            "price_fair": 0,
            "eps_avg_yearly": 0,
            "eps_latest_yearly": 0,
            "eps_growth_yearly": 0
        },
        "20062": {
            "year_quarter": 20062,
            "year": 2006,
            "quarter": 2,
            "eps": null,
            "eps_growth_year": null,
            "eps_4q": null,
            "eps_4q_growth_year": null,
            "roe": null,
            "roe_4q": 0,
            "gross_profit": null,
            "gross_margin": null,
            "gross_margin_4q_avg": 0,
            "net_income": null,
            "net_income_4q": null,
            "revenue": null,
            "revenue_4q": null,
            "common_shares": null,
            "book_valuer_per_share": null,
            "book_valuer_per_share_4q_avg": 0,
            "equity": null,
            "current_ratio": null,
            "debt_ratio": null,
            "inventory_turnover_ratio": null,
            "account_receivable_turnover_ratio": null,
            "reinvestment_rate": null,
            "research_to_sale_ratio": null,
            "price_fair": 0,
            "eps_avg_yearly": 0,
            "eps_latest_yearly": 0,
            "eps_growth_yearly": 0
        },
        "20063": {
            "year_quarter": 20063,
            "year": 2006,
            "quarter": 3,
            "eps": null,
            "eps_growth_year": null,
            "eps_4q": null,
            "eps_4q_growth_year": null,
            "roe": null,
            "roe_4q": 0,
            "gross_profit": null,
            "gross_margin": null,
            "gross_margin_4q_avg": 0,
            "net_income": null,
            "net_income_4q": null,
            "revenue": null,
            "revenue_4q": null,
            "common_shares": null,
            "book_valuer_per_share": null,
            "book_valuer_per_share_4q_avg": 0,
            "equity": null,
            "current_ratio": null,
            "debt_ratio": null,
            "inventory_turnover_ratio": null,
            "account_receivable_turnover_ratio": null,
            "reinvestment_rate": null,
            "research_to_sale_ratio": null,
            "price_fair": 0,
            "eps_avg_yearly": 0,
            "eps_latest_yearly": 0,
            "eps_growth_yearly": 0
        },
        "20064": {
            "year_quarter": 20064,
            "year": 2006,
            "quarter": 4,
            "eps": null,
            "eps_growth_year": null,
            "eps_4q": null,
            "eps_4q_growth_year": null,
            "roe": null,
            "roe_4q": 0,
            "gross_profit": null,
            "gross_margin": null,
            "gross_margin_4q_avg": 0,
            "net_income": null,
            "net_income_4q": null,
            "revenue": null,
            "revenue_4q": null,
            "common_shares": null,
            "book_valuer_per_share": null,
            "book_valuer_per_share_4q_avg": 0,
            "equity": null,
            "current_ratio": null,
            "debt_ratio": null,
            "inventory_turnover_ratio": null,
            "account_receivable_turnover_ratio": null,
            "reinvestment_rate": null,
            "research_to_sale_ratio": null,
            "price_fair": 0,
            "eps_avg_yearly": 0,
            "eps_latest_yearly": 0,
            "eps_growth_yearly": 0
        },
        "20071": {
            "year_quarter": 20071,
            "year": 2007,
            "quarter": 1,
            "eps": null,
            "eps_growth_year": null,
            "eps_4q": null,
            "eps_4q_growth_year": null,
            "roe": null,
            "roe_4q": 0,
            "gross_profit": null,
            "gross_margin": null,
            "gross_margin_4q_avg": 0,
            "net_income": null,
            "net_income_4q": null,
            "revenue": null,
            "revenue_4q": null,
            "common_shares": null,
            "book_valuer_per_share": null,
            "book_valuer_per_share_4q_avg": 0,
            "equity": null,
            "current_ratio": null,
            "debt_ratio": null,
            "inventory_turnover_ratio": null,
            "account_receivable_turnover_ratio": null,
            "reinvestment_rate": null,
            "research_to_sale_ratio": null,
            "price_fair": 0,
            "eps_avg_yearly": 0,
            "eps_latest_yearly": 0,
            "eps_growth_yearly": 0
        },
        "20072": {
            "year_quarter": 20072,
            "year": 2007,
            "quarter": 2,
            "eps": null,
            "eps_growth_year": null,
            "eps_4q": null,
            "eps_4q_growth_year": null,
            "roe": null,
            "roe_4q": 0,
            "gross_profit": null,
            "gross_margin": null,
            "gross_margin_4q_avg": 0,
            "net_income": null,
            "net_income_4q": null,
            "revenue": null,
            "revenue_4q": null,
            "common_shares": null,
            "book_valuer_per_share": null,
            "book_valuer_per_share_4q_avg": 0,
            "equity": null,
            "current_ratio": null,
            "debt_ratio": null,
            "inventory_turnover_ratio": null,
            "account_receivable_turnover_ratio": null,
            "reinvestment_rate": null,
            "research_to_sale_ratio": null,
            "price_fair": 0,
            "eps_avg_yearly": 0,
            "eps_latest_yearly": 0,
            "eps_growth_yearly": 0
        },
        "20073": {
            "year_quarter": 20073,
            "year": 2007,
            "quarter": 3,
            "eps": null,
            "eps_growth_year": null,
            "eps_4q": null,
            "eps_4q_growth_year": null,
            "roe": null,
            "roe_4q": 0,
            "gross_profit": null,
            "gross_margin": null,
            "gross_margin_4q_avg": 0,
            "net_income": null,
            "net_income_4q": null,
            "revenue": null,
            "revenue_4q": null,
            "common_shares": null,
            "book_valuer_per_share": null,
            "book_valuer_per_share_4q_avg": 0,
            "equity": null,
            "current_ratio": null,
            "debt_ratio": null,
            "inventory_turnover_ratio": null,
            "account_receivable_turnover_ratio": null,
            "reinvestment_rate": null,
            "research_to_sale_ratio": null,
            "price_fair": 0,
            "eps_avg_yearly": 0,
            "eps_latest_yearly": 0,
            "eps_growth_yearly": 0
        },
        "20074": {
            "year_quarter": 20074,
            "year": 2007,
            "quarter": 4,
            "eps": null,
            "eps_growth_year": null,
            "eps_4q": null,
            "eps_4q_growth_year": null,
            "roe": null,
            "roe_4q": 0,
            "gross_profit": null,
            "gross_margin": null,
            "gross_margin_4q_avg": 0,
            "net_income": null,
            "net_income_4q": null,
            "revenue": null,
            "revenue_4q": null,
            "common_shares": null,
            "book_valuer_per_share": null,
            "book_valuer_per_share_4q_avg": 0,
            "equity": null,
            "current_ratio": null,
            "debt_ratio": null,
            "inventory_turnover_ratio": null,
            "account_receivable_turnover_ratio": null,
            "reinvestment_rate": null,
            "research_to_sale_ratio": null,
            "price_fair": 0,
            "eps_avg_yearly": 0,
            "eps_latest_yearly": 0,
            "eps_growth_yearly": 0
        },
        "20081": {
            "year_quarter": 20081,
            "year": 2008,
            "quarter": 1,
            "eps": null,
            "eps_growth_year": null,
            "eps_4q": null,
            "eps_4q_growth_year": null,
            "roe": null,
            "roe_4q": 0,
            "gross_profit": null,
            "gross_margin": null,
            "gross_margin_4q_avg": 0,
            "net_income": null,
            "net_income_4q": null,
            "revenue": null,
            "revenue_4q": null,
            "common_shares": null,
            "book_valuer_per_share": null,
            "book_valuer_per_share_4q_avg": 0,
            "equity": null,
            "current_ratio": null,
            "debt_ratio": null,
            "inventory_turnover_ratio": null,
            "account_receivable_turnover_ratio": null,
            "reinvestment_rate": null,
            "research_to_sale_ratio": null,
            "price_fair": 0,
            "eps_avg_yearly": 0,
            "eps_latest_yearly": 0,
            "eps_growth_yearly": 0
        },
        "20082": {
            "year_quarter": 20082,
            "year": 2008,
            "quarter": 2,
            "eps": null,
            "eps_growth_year": null,
            "eps_4q": null,
            "eps_4q_growth_year": null,
            "roe": null,
            "roe_4q": 0,
            "gross_profit": null,
            "gross_margin": null,
            "gross_margin_4q_avg": 0,
            "net_income": null,
            "net_income_4q": null,
            "revenue": null,
            "revenue_4q": null,
            "common_shares": null,
            "book_valuer_per_share": null,
            "book_valuer_per_share_4q_avg": 0,
            "equity": null,
            "current_ratio": null,
            "debt_ratio": null,
            "inventory_turnover_ratio": null,
            "account_receivable_turnover_ratio": null,
            "reinvestment_rate": null,
            "research_to_sale_ratio": null,
            "price_fair": 0,
            "eps_avg_yearly": 0,
            "eps_latest_yearly": 0,
            "eps_growth_yearly": 0
        },
        "20083": {
            "year_quarter": 20083,
            "year": 2008,
            "quarter": 3,
            "eps": null,
            "eps_growth_year": null,
            "eps_4q": null,
            "eps_4q_growth_year": null,
            "roe": null,
            "roe_4q": 0,
            "gross_profit": null,
            "gross_margin": null,
            "gross_margin_4q_avg": 0,
            "net_income": null,
            "net_income_4q": null,
            "revenue": null,
            "revenue_4q": null,
            "common_shares": null,
            "book_valuer_per_share": null,
            "book_valuer_per_share_4q_avg": 0,
            "equity": null,
            "current_ratio": null,
            "debt_ratio": null,
            "inventory_turnover_ratio": null,
            "account_receivable_turnover_ratio": null,
            "reinvestment_rate": null,
            "research_to_sale_ratio": null,
            "price_fair": 0,
            "eps_avg_yearly": 0,
            "eps_latest_yearly": 0,
            "eps_growth_yearly": 0
        },
        "20084": {
            "year_quarter": 20084,
            "year": 2008,
            "quarter": 4,
            "eps": null,
            "eps_growth_year": null,
            "eps_4q": null,
            "eps_4q_growth_year": null,
            "roe": null,
            "roe_4q": 0,
            "gross_profit": null,
            "gross_margin": null,
            "gross_margin_4q_avg": 0,
            "net_income": null,
            "net_income_4q": null,
            "revenue": null,
            "revenue_4q": null,
            "common_shares": null,
            "book_valuer_per_share": null,
            "book_valuer_per_share_4q_avg": 0,
            "equity": null,
            "current_ratio": null,
            "debt_ratio": null,
            "inventory_turnover_ratio": null,
            "account_receivable_turnover_ratio": null,
            "reinvestment_rate": null,
            "research_to_sale_ratio": null,
            "price_fair": 0,
            "eps_avg_yearly": 0,
            "eps_latest_yearly": 0,
            "eps_growth_yearly": 0
        },
        "20091": {
            "year_quarter": 20091,
            "year": 2009,
            "quarter": 1,
            "eps": null,
            "eps_growth_year": null,
            "eps_4q": null,
            "eps_4q_growth_year": null,
            "roe": null,
            "roe_4q": 0,
            "gross_profit": null,
            "gross_margin": null,
            "gross_margin_4q_avg": 0,
            "net_income": null,
            "net_income_4q": null,
            "revenue": null,
            "revenue_4q": null,
            "common_shares": null,
            "book_valuer_per_share": null,
            "book_valuer_per_share_4q_avg": 0,
            "equity": null,
            "current_ratio": null,
            "debt_ratio": null,
            "inventory_turnover_ratio": null,
            "account_receivable_turnover_ratio": null,
            "reinvestment_rate": null,
            "research_to_sale_ratio": null,
            "price_fair": 0,
            "eps_avg_yearly": 0,
            "eps_latest_yearly": 0,
            "eps_growth_yearly": 0
        },
        "20092": {
            "year_quarter": 20092,
            "year": 2009,
            "quarter": 2,
            "eps": null,
            "eps_growth_year": null,
            "eps_4q": null,
            "eps_4q_growth_year": null,
            "roe": null,
            "roe_4q": 0,
            "gross_profit": null,
            "gross_margin": null,
            "gross_margin_4q_avg": 0,
            "net_income": null,
            "net_income_4q": null,
            "revenue": null,
            "revenue_4q": null,
            "common_shares": null,
            "book_valuer_per_share": null,
            "book_valuer_per_share_4q_avg": 0,
            "equity": null,
            "current_ratio": null,
            "debt_ratio": null,
            "inventory_turnover_ratio": null,
            "account_receivable_turnover_ratio": null,
            "reinvestment_rate": null,
            "research_to_sale_ratio": null,
            "price_fair": 0,
            "eps_avg_yearly": 0,
            "eps_latest_yearly": 0,
            "eps_growth_yearly": 0
        },
        "20093": {
            "year_quarter": 20093,
            "year": 2009,
            "quarter": 3,
            "eps": null,
            "eps_growth_year": null,
            "eps_4q": null,
            "eps_4q_growth_year": null,
            "roe": null,
            "roe_4q": 0,
            "gross_profit": null,
            "gross_margin": null,
            "gross_margin_4q_avg": 0,
            "net_income": null,
            "net_income_4q": null,
            "revenue": null,
            "revenue_4q": null,
            "common_shares": null,
            "book_valuer_per_share": null,
            "book_valuer_per_share_4q_avg": 0,
            "equity": null,
            "current_ratio": null,
            "debt_ratio": null,
            "inventory_turnover_ratio": null,
            "account_receivable_turnover_ratio": null,
            "reinvestment_rate": null,
            "research_to_sale_ratio": null,
            "price_fair": 0,
            "eps_avg_yearly": 0,
            "eps_latest_yearly": 0,
            "eps_growth_yearly": 0
        },
        "20094": {
            "year_quarter": 20094,
            "year": 2009,
            "quarter": 4,
            "eps": null,
            "eps_growth_year": null,
            "eps_4q": null,
            "eps_4q_growth_year": null,
            "roe": null,
            "roe_4q": 0,
            "gross_profit": null,
            "gross_margin": null,
            "gross_margin_4q_avg": 0,
            "net_income": null,
            "net_income_4q": null,
            "revenue": null,
            "revenue_4q": null,
            "common_shares": null,
            "book_valuer_per_share": null,
            "book_valuer_per_share_4q_avg": 0,
            "equity": null,
            "current_ratio": null,
            "debt_ratio": null,
            "inventory_turnover_ratio": null,
            "account_receivable_turnover_ratio": null,
            "reinvestment_rate": null,
            "research_to_sale_ratio": null,
            "price_fair": 0,
            "eps_avg_yearly": 0,
            "eps_latest_yearly": 0,
            "eps_growth_yearly": 0
        },
        "20101": {
            "year_quarter": 20101,
            "year": 2010,
            "quarter": 1,
            "eps": null,
            "eps_growth_year": null,
            "eps_4q": null,
            "eps_4q_growth_year": null,
            "roe": null,
            "roe_4q": 0,
            "gross_profit": null,
            "gross_margin": null,
            "gross_margin_4q_avg": 0,
            "net_income": null,
            "net_income_4q": null,
            "revenue": null,
            "revenue_4q": null,
            "common_shares": null,
            "book_valuer_per_share": null,
            "book_valuer_per_share_4q_avg": 0,
            "equity": null,
            "current_ratio": null,
            "debt_ratio": null,
            "inventory_turnover_ratio": null,
            "account_receivable_turnover_ratio": null,
            "reinvestment_rate": null,
            "research_to_sale_ratio": null,
            "price_fair": 0,
            "eps_avg_yearly": 0,
            "eps_latest_yearly": 0,
            "eps_growth_yearly": 0
        },
        "20102": {
            "year_quarter": 20102,
            "year": 2010,
            "quarter": 2,
            "eps": null,
            "eps_growth_year": null,
            "eps_4q": null,
            "eps_4q_growth_year": null,
            "roe": null,
            "roe_4q": 0,
            "gross_profit": null,
            "gross_margin": null,
            "gross_margin_4q_avg": 0,
            "net_income": null,
            "net_income_4q": null,
            "revenue": null,
            "revenue_4q": null,
            "common_shares": null,
            "book_valuer_per_share": null,
            "book_valuer_per_share_4q_avg": 0,
            "equity": null,
            "current_ratio": null,
            "debt_ratio": null,
            "inventory_turnover_ratio": null,
            "account_receivable_turnover_ratio": null,
            "reinvestment_rate": null,
            "research_to_sale_ratio": null,
            "price_fair": 0,
            "eps_avg_yearly": 0,
            "eps_latest_yearly": 0,
            "eps_growth_yearly": 0
        },
        "20103": {
            "year_quarter": 20103,
            "year": 2010,
            "quarter": 3,
            "eps": null,
            "eps_growth_year": null,
            "eps_4q": null,
            "eps_4q_growth_year": null,
            "roe": null,
            "roe_4q": 0,
            "gross_profit": null,
            "gross_margin": null,
            "gross_margin_4q_avg": 0,
            "net_income": null,
            "net_income_4q": null,
            "revenue": null,
            "revenue_4q": null,
            "common_shares": null,
            "book_valuer_per_share": null,
            "book_valuer_per_share_4q_avg": 0,
            "equity": null,
            "current_ratio": null,
            "debt_ratio": null,
            "inventory_turnover_ratio": null,
            "account_receivable_turnover_ratio": null,
            "reinvestment_rate": null,
            "research_to_sale_ratio": null,
            "price_fair": 0,
            "eps_avg_yearly": 0,
            "eps_latest_yearly": 0,
            "eps_growth_yearly": 0
        },
        "20104": {
            "year_quarter": 20104,
            "year": 2010,
            "quarter": 4,
            "eps": null,
            "eps_growth_year": null,
            "eps_4q": null,
            "eps_4q_growth_year": null,
            "roe": null,
            "roe_4q": 0,
            "gross_profit": null,
            "gross_margin": null,
            "gross_margin_4q_avg": 0,
            "net_income": null,
            "net_income_4q": null,
            "revenue": null,
            "revenue_4q": null,
            "common_shares": 290000,
            "book_valuer_per_share": 20.61,
            "book_valuer_per_share_4q_avg": 5.15,
            "equity": 597693,
            "current_ratio": 220.02,
            "debt_ratio": 25.37,
            "inventory_turnover_ratio": null,
            "account_receivable_turnover_ratio": null,
            "reinvestment_rate": null,
            "research_to_sale_ratio": null,
            "price_fair": 0,
            "eps_avg_yearly": 0,
            "eps_latest_yearly": 0,
            "eps_growth_yearly": 0
        },
        "20111": {
            "year_quarter": 20111,
            "year": 2011,
            "quarter": 1,
            "eps": null,
            "eps_growth_year": null,
            "eps_4q": null,
            "eps_4q_growth_year": null,
            "roe": null,
            "roe_4q": 0,
            "gross_profit": null,
            "gross_margin": null,
            "gross_margin_4q_avg": 0,
            "net_income": null,
            "net_income_4q": null,
            "revenue": null,
            "revenue_4q": null,
            "common_shares": null,
            "book_valuer_per_share": null,
            "book_valuer_per_share_4q_avg": 5.15,
            "equity": null,
            "current_ratio": null,
            "debt_ratio": null,
            "inventory_turnover_ratio": null,
            "account_receivable_turnover_ratio": null,
            "reinvestment_rate": null,
            "research_to_sale_ratio": null,
            "price_fair": 0,
            "eps_avg_yearly": 0,
            "eps_latest_yearly": 0,
            "eps_growth_yearly": 0
        },
        "20112": {
            "year_quarter": 20112,
            "year": 2011,
            "quarter": 2,
            "eps": null,
            "eps_growth_year": null,
            "eps_4q": null,
            "eps_4q_growth_year": null,
            "roe": null,
            "roe_4q": 0,
            "gross_profit": null,
            "gross_margin": null,
            "gross_margin_4q_avg": 0,
            "net_income": null,
            "net_income_4q": null,
            "revenue": null,
            "revenue_4q": null,
            "common_shares": null,
            "book_valuer_per_share": null,
            "book_valuer_per_share_4q_avg": 5.15,
            "equity": null,
            "current_ratio": null,
            "debt_ratio": null,
            "inventory_turnover_ratio": null,
            "account_receivable_turnover_ratio": null,
            "reinvestment_rate": null,
            "research_to_sale_ratio": null,
            "price_fair": 0,
            "eps_avg_yearly": 0,
            "eps_latest_yearly": 0,
            "eps_growth_yearly": 0
        },
        "20113": {
            "year_quarter": 20113,
            "year": 2011,
            "quarter": 3,
            "eps": null,
            "eps_growth_year": null,
            "eps_4q": null,
            "eps_4q_growth_year": null,
            "roe": null,
            "roe_4q": 0,
            "gross_profit": null,
            "gross_margin": null,
            "gross_margin_4q_avg": 0,
            "net_income": null,
            "net_income_4q": null,
            "revenue": null,
            "revenue_4q": null,
            "common_shares": null,
            "book_valuer_per_share": null,
            "book_valuer_per_share_4q_avg": 5.15,
            "equity": null,
            "current_ratio": null,
            "debt_ratio": null,
            "inventory_turnover_ratio": null,
            "account_receivable_turnover_ratio": null,
            "reinvestment_rate": null,
            "research_to_sale_ratio": null,
            "price_fair": 0,
            "eps_avg_yearly": 0,
            "eps_latest_yearly": 0,
            "eps_growth_yearly": 0
        },
        "20114": {
            "year_quarter": 20114,
            "year": 2011,
            "quarter": 4,
            "eps": null,
            "eps_growth_year": null,
            "eps_4q": null,
            "eps_4q_growth_year": null,
            "roe": null,
            "roe_4q": 0,
            "gross_profit": null,
            "gross_margin": null,
            "gross_margin_4q_avg": 0,
            "net_income": null,
            "net_income_4q": null,
            "revenue": null,
            "revenue_4q": null,
            "common_shares": 298700,
            "book_valuer_per_share": 22.37,
            "book_valuer_per_share_4q_avg": 5.59,
            "equity": 669723,
            "current_ratio": 409.09,
            "debt_ratio": 25.29,
            "inventory_turnover_ratio": null,
            "account_receivable_turnover_ratio": null,
            "reinvestment_rate": null,
            "research_to_sale_ratio": null,
            "price_fair": 0,
            "eps_avg_yearly": 0,
            "eps_latest_yearly": 0,
            "eps_growth_yearly": 0
        },
        "20121": {
            "year_quarter": 20121,
            "year": 2012,
            "quarter": 1,
            "eps": null,
            "eps_growth_year": null,
            "eps_4q": null,
            "eps_4q_growth_year": null,
            "roe": null,
            "roe_4q": 0,
            "gross_profit": null,
            "gross_margin": null,
            "gross_margin_4q_avg": 0,
            "net_income": null,
            "net_income_4q": null,
            "revenue": null,
            "revenue_4q": null,
            "common_shares": null,
            "book_valuer_per_share": null,
            "book_valuer_per_share_4q_avg": 5.59,
            "equity": null,
            "current_ratio": null,
            "debt_ratio": null,
            "inventory_turnover_ratio": null,
            "account_receivable_turnover_ratio": null,
            "reinvestment_rate": null,
            "research_to_sale_ratio": null,
            "price_fair": 0,
            "eps_avg_yearly": 0,
            "eps_latest_yearly": 0,
            "eps_growth_yearly": 0
        },
        "20122": {
            "year_quarter": 20122,
            "year": 2012,
            "quarter": 2,
            "eps": null,
            "eps_growth_year": null,
            "eps_4q": null,
            "eps_4q_growth_year": null,
            "roe": null,
            "roe_4q": 0,
            "gross_profit": null,
            "gross_margin": null,
            "gross_margin_4q_avg": 0,
            "net_income": null,
            "net_income_4q": null,
            "revenue": null,
            "revenue_4q": null,
            "common_shares": null,
            "book_valuer_per_share": null,
            "book_valuer_per_share_4q_avg": 5.59,
            "equity": null,
            "current_ratio": null,
            "debt_ratio": null,
            "inventory_turnover_ratio": null,
            "account_receivable_turnover_ratio": null,
            "reinvestment_rate": null,
            "research_to_sale_ratio": null,
            "price_fair": 0,
            "eps_avg_yearly": 0,
            "eps_latest_yearly": 0,
            "eps_growth_yearly": 0
        },
        "20123": {
            "year_quarter": 20123,
            "year": 2012,
            "quarter": 3,
            "eps": null,
            "eps_growth_year": null,
            "eps_4q": null,
            "eps_4q_growth_year": null,
            "roe": null,
            "roe_4q": 0,
            "gross_profit": null,
            "gross_margin": null,
            "gross_margin_4q_avg": 0,
            "net_income": null,
            "net_income_4q": null,
            "revenue": null,
            "revenue_4q": null,
            "common_shares": null,
            "book_valuer_per_share": null,
            "book_valuer_per_share_4q_avg": 5.59,
            "equity": null,
            "current_ratio": null,
            "debt_ratio": null,
            "inventory_turnover_ratio": null,
            "account_receivable_turnover_ratio": null,
            "reinvestment_rate": null,
            "research_to_sale_ratio": null,
            "price_fair": 0,
            "eps_avg_yearly": 0,
            "eps_latest_yearly": 0,
            "eps_growth_yearly": 0
        },
        "20124": {
            "year_quarter": 20124,
            "year": 2012,
            "quarter": 4,
            "eps": null,
            "eps_growth_year": null,
            "eps_4q": null,
            "eps_4q_growth_year": null,
            "roe": null,
            "roe_4q": 0,
            "gross_profit": null,
            "gross_margin": null,
            "gross_margin_4q_avg": 0,
            "net_income": null,
            "net_income_4q": null,
            "revenue": null,
            "revenue_4q": null,
            "common_shares": 305000,
            "book_valuer_per_share": 23.36,
            "book_valuer_per_share_4q_avg": 5.84,
            "equity": 714167,
            "current_ratio": 373.42,
            "debt_ratio": 24.3,
            "inventory_turnover_ratio": null,
            "account_receivable_turnover_ratio": null,
            "reinvestment_rate": null,
            "research_to_sale_ratio": null,
            "price_fair": 0,
            "eps_avg_yearly": 0,
            "eps_latest_yearly": 0,
            "eps_growth_yearly": 0
        },
        "20131": {
            "year_quarter": 20131,
            "year": 2013,
            "quarter": 1,
            "eps": null,
            "eps_growth_year": null,
            "eps_4q": null,
            "eps_4q_growth_year": null,
            "roe": null,
            "roe_4q": 0,
            "gross_profit": 91320,
            "gross_margin": null,
            "gross_margin_4q_avg": 0,
            "net_income": 22669,
            "net_income_4q": null,
            "revenue": 177756,
            "revenue_4q": null,
            "common_shares": 305000,
            "book_valuer_per_share": null,
            "book_valuer_per_share_4q_avg": 5.84,
            "equity": 743900,
            "current_ratio": null,
            "debt_ratio": null,
            "inventory_turnover_ratio": null,
            "account_receivable_turnover_ratio": null,
            "reinvestment_rate": null,
            "research_to_sale_ratio": null,
            "price_fair": 0,
            "eps_avg_yearly": 0,
            "eps_latest_yearly": 0,
            "eps_growth_yearly": 0
        },
        "20132": {
            "year_quarter": 20132,
            "year": 2013,
            "quarter": 2,
            "eps": null,
            "eps_growth_year": null,
            "eps_4q": null,
            "eps_4q_growth_year": null,
            "roe": null,
            "roe_4q": 0,
            "gross_profit": 114562,
            "gross_margin": null,
            "gross_margin_4q_avg": 0,
            "net_income": 46189,
            "net_income_4q": null,
            "revenue": 199750,
            "revenue_4q": null,
            "common_shares": 305000,
            "book_valuer_per_share": null,
            "book_valuer_per_share_4q_avg": 5.84,
            "equity": 688191,
            "current_ratio": null,
            "debt_ratio": null,
            "inventory_turnover_ratio": null,
            "account_receivable_turnover_ratio": null,
            "reinvestment_rate": null,
            "research_to_sale_ratio": null,
            "price_fair": 0,
            "eps_avg_yearly": 0,
            "eps_latest_yearly": 0,
            "eps_growth_yearly": 0
        },
        "20133": {
            "year_quarter": 20133,
            "year": 2013,
            "quarter": 3,
            "eps": null,
            "eps_growth_year": null,
            "eps_4q": null,
            "eps_4q_growth_year": null,
            "roe": null,
            "roe_4q": 0,
            "gross_profit": 125352,
            "gross_margin": null,
            "gross_margin_4q_avg": 0,
            "net_income": 53434,
            "net_income_4q": null,
            "revenue": 215303,
            "revenue_4q": null,
            "common_shares": 305000,
            "book_valuer_per_share": null,
            "book_valuer_per_share_4q_avg": 5.84,
            "equity": 738634,
            "current_ratio": null,
            "debt_ratio": null,
            "inventory_turnover_ratio": null,
            "account_receivable_turnover_ratio": null,
            "reinvestment_rate": null,
            "research_to_sale_ratio": null,
            "price_fair": 0,
            "eps_avg_yearly": 0,
            "eps_latest_yearly": 0,
            "eps_growth_yearly": 0
        },
        "20134": {
            "year_quarter": 20134,
            "year": 2013,
            "quarter": 4,
            "eps": null,
            "eps_growth_year": null,
            "eps_4q": null,
            "eps_4q_growth_year": null,
            "roe": null,
            "roe_4q": 0,
            "gross_profit": 123782,
            "gross_margin": null,
            "gross_margin_4q_avg": 0,
            "net_income": 41594,
            "net_income_4q": null,
            "revenue": 216606,
            "revenue_4q": null,
            "common_shares": 320250,
            "book_valuer_per_share": 24.45,
            "book_valuer_per_share_4q_avg": 6.11,
            "equity": 783152,
            "current_ratio": 364.49,
            "debt_ratio": 23.44,
            "inventory_turnover_ratio": null,
            "account_receivable_turnover_ratio": null,
            "reinvestment_rate": null,
            "research_to_sale_ratio": null,
            "price_fair": 0,
            "eps_avg_yearly": 0,
            "eps_latest_yearly": 0,
            "eps_growth_yearly": 0
        },
        "20141": {
            "year_quarter": 20141,
            "year": 2014,
            "quarter": 1,
            "eps": 1.01,
            "eps_growth_year": null,
            "eps_4q": 1.01,
            "eps_4q_growth_year": null,
            "roe": 4.03,
            "roe_4q": 4.03,
            "gross_profit": 112218,
            "gross_margin": 57.65,
            "gross_margin_4q_avg": 14.41,
            "net_income": 32224,
            "net_income_4q": null,
            "revenue": 194669,
            "revenue_4q": null,
            "common_shares": 320250,
            "book_valuer_per_share": 25.48,
            "book_valuer_per_share_4q_avg": 12.48,
            "equity": 815896,
            "current_ratio": 369.36,
            "debt_ratio": 23.11,
            "inventory_turnover_ratio": 0.47,
            "account_receivable_turnover_ratio": 1.21,
            "reinvestment_rate": null,
            "research_to_sale_ratio": 9.25,
            "price_fair": 0,
            "eps_avg_yearly": 0,
            "eps_latest_yearly": 0,
            "eps_growth_yearly": 0
        },
        "20142": {
            "year_quarter": 20142,
            "year": 2014,
            "quarter": 2,
            "eps": 1.89,
            "eps_growth_year": null,
            "eps_4q": 2.76,
            "eps_4q_growth_year": null,
            "roe": 7.6,
            "roe_4q": 11.629999999999999,
            "gross_profit": 150849,
            "gross_margin": 64.14,
            "gross_margin_4q_avg": 30.45,
            "net_income": 60427,
            "net_income_4q": null,
            "revenue": 235201,
            "revenue_4q": null,
            "common_shares": 320250,
            "book_valuer_per_share": 24.19,
            "book_valuer_per_share_4q_avg": 18.53,
            "equity": 774818,
            "current_ratio": 256.18,
            "debt_ratio": 31.17,
            "inventory_turnover_ratio": 0.45,
            "account_receivable_turnover_ratio": 1.36,
            "reinvestment_rate": null,
            "research_to_sale_ratio": 6.16,
            "price_fair": 264.6,
            "eps_avg_yearly": 7.56,
            "eps_latest_yearly": 7.56,
            "eps_growth_yearly": 348.51
        },
        "20143": {
            "year_quarter": 20143,
            "year": 2014,
            "quarter": 3,
            "eps": 1.38,
            "eps_growth_year": null,
            "eps_4q": 4.13,
            "eps_4q_growth_year": null,
            "roe": 5.78,
            "roe_4q": 17.41,
            "gross_profit": 130923,
            "gross_margin": 55.67,
            "gross_margin_4q_avg": 44.37,
            "net_income": 46326,
            "net_income_4q": null,
            "revenue": 235194,
            "revenue_4q": null,
            "common_shares": 336263,
            "book_valuer_per_share": 24.64,
            "book_valuer_per_share_4q_avg": 24.69,
            "equity": 828401,
            "current_ratio": 276.05,
            "debt_ratio": 29.47,
            "inventory_turnover_ratio": 0.52,
            "account_receivable_turnover_ratio": 1.31,
            "reinvestment_rate": null,
            "research_to_sale_ratio": 8,
            "price_fair": 228.9,
            "eps_avg_yearly": 6.54,
            "eps_latest_yearly": 5.52,
            "eps_growth_yearly": 120.29
        },
        "20144": {
            "year_quarter": 20144,
            "year": 2014,
            "quarter": 4,
            "eps": 1.46,
            "eps_growth_year": null,
            "eps_4q": 5.21,
            "eps_4q_growth_year": null,
            "roe": 5.24,
            "roe_4q": 22.65,
            "gross_profit": 145896,
            "gross_margin": 58.25,
            "gross_margin_4q_avg": 58.93,
            "net_income": 53830,
            "net_income_4q": null,
            "revenue": 250465,
            "revenue_4q": null,
            "common_shares": 369723,
            "book_valuer_per_share": 33.21,
            "book_valuer_per_share_4q_avg": 26.88,
            "equity": 1227924,
            "current_ratio": 667.26,
            "debt_ratio": 15.39,
            "inventory_turnover_ratio": 0.53,
            "account_receivable_turnover_ratio": 1.36,
            "reinvestment_rate": null,
            "research_to_sale_ratio": 9.6,
            "price_fair": 220.73,
            "eps_avg_yearly": 6.31,
            "eps_latest_yearly": 5.84,
            "eps_growth_yearly": 87.92
        },
        "20151": {
            "year_quarter": 20151,
            "year": 2015,
            "quarter": 1,
            "eps": 0.71,
            "eps_growth_year": -29.7,
            "eps_4q": 5.06,
            "eps_4q_growth_year": 402.5,
            "roe": 2.13,
            "roe_4q": 20.75,
            "gross_profit": 118149,
            "gross_margin": 61.56,
            "gross_margin_4q_avg": 59.91,
            "net_income": 26356,
            "net_income_4q": null,
            "revenue": 191924,
            "revenue_4q": null,
            "common_shares": 369723,
            "book_valuer_per_share": 33.75,
            "book_valuer_per_share_4q_avg": 28.95,
            "equity": 1247739,
            "current_ratio": 689.34,
            "debt_ratio": 14.91,
            "inventory_turnover_ratio": 0.38,
            "account_receivable_turnover_ratio": 1.03,
            "reinvestment_rate": null,
            "research_to_sale_ratio": 11.04,
            "price_fair": 133.67,
            "eps_avg_yearly": 5.44,
            "eps_latest_yearly": 2.84,
            "eps_growth_yearly": 14.57
        },
        "20152": {
            "year_quarter": 20152,
            "year": 2015,
            "quarter": 2,
            "eps": 1.04,
            "eps_growth_year": -44.97,
            "eps_4q": 4.37,
            "eps_4q_growth_year": 58.68,
            "roe": 3.21,
            "roe_4q": 16.36,
            "gross_profit": 130897,
            "gross_margin": 59.45,
            "gross_margin_4q_avg": 58.73,
            "net_income": 38365,
            "net_income_4q": null,
            "revenue": 220196,
            "revenue_4q": null,
            "common_shares": 369723,
            "book_valuer_per_share": 30.91,
            "book_valuer_per_share_4q_avg": 30.63,
            "equity": 1142963,
            "current_ratio": 362.33,
            "debt_ratio": 23.82,
            "inventory_turnover_ratio": 0.45,
            "account_receivable_turnover_ratio": 1.24,
            "reinvestment_rate": null,
            "research_to_sale_ratio": 8.89,
            "price_fair": 181.44,
            "eps_avg_yearly": 5.18,
            "eps_latest_yearly": 4.16,
            "eps_growth_yearly": 48.84
        },
        "20153": {
            "year_quarter": 20153,
            "year": 2015,
            "quarter": 3,
            "eps": 0.98,
            "eps_growth_year": -28.99,
            "eps_4q": 4.13,
            "eps_4q_growth_year": -0.14,
            "roe": 3.18,
            "roe_4q": 13.76,
            "gross_profit": 103306,
            "gross_margin": 48.93,
            "gross_margin_4q_avg": 57.05,
            "net_income": 37085,
            "net_income_4q": null,
            "revenue": 211114,
            "revenue_4q": null,
            "common_shares": 377117,
            "book_valuer_per_share": 31.52,
            "book_valuer_per_share_4q_avg": 32.35,
            "equity": 1188488,
            "current_ratio": 361.7,
            "debt_ratio": 23.48,
            "inventory_turnover_ratio": 0.58,
            "account_receivable_turnover_ratio": 1.25,
            "reinvestment_rate": null,
            "research_to_sale_ratio": 9.77,
            "price_fair": 174.07,
            "eps_avg_yearly": 4.97,
            "eps_latest_yearly": 3.92,
            "eps_growth_yearly": 36.85
        },
        "20154": {
            "year_quarter": 20154,
            "year": 2015,
            "quarter": 4,
            "eps": 0.8,
            "eps_growth_year": -45.08,
            "eps_4q": 3.5,
            "eps_4q_growth_year": -32.9,
            "roe": 2.51,
            "roe_4q": 11.029999999999998,
            "gross_profit": 123813,
            "gross_margin": 60.15,
            "gross_margin_4q_avg": 57.52,
            "net_income": 30154,
            "net_income_4q": null,
            "revenue": 205846,
            "revenue_4q": null,
            "common_shares": 377117,
            "book_valuer_per_share": 32.14,
            "book_valuer_per_share_4q_avg": 32.08,
            "equity": 1211894,
            "current_ratio": 597.45,
            "debt_ratio": 15.03,
            "inventory_turnover_ratio": 0.47,
            "account_receivable_turnover_ratio": 1.3,
            "reinvestment_rate": null,
            "research_to_sale_ratio": 9.68,
            "price_fair": 146.76,
            "eps_avg_yearly": 4.72,
            "eps_latest_yearly": 3.2,
            "eps_growth_yearly": 21.09
        },
        "20161": {
            "year_quarter": 20161,
            "year": 2016,
            "quarter": 1,
            "eps": 1.27,
            "eps_growth_year": 78.87,
            "eps_4q": 4.07,
            "eps_4q_growth_year": -19.41,
            "roe": 3.9,
            "roe_4q": 12.8,
            "gross_profit": 117104,
            "gross_margin": 61.39,
            "gross_margin_4q_avg": 57.48,
            "net_income": 48070,
            "net_income_4q": null,
            "revenue": 190768,
            "revenue_4q": null,
            "common_shares": 377117,
            "book_valuer_per_share": 33.3,
            "book_valuer_per_share_4q_avg": 31.97,
            "equity": 1255671,
            "current_ratio": 646.59,
            "debt_ratio": 14.5,
            "inventory_turnover_ratio": 0.43,
            "account_receivable_turnover_ratio": 1.27,
            "reinvestment_rate": null,
            "research_to_sale_ratio": 8.99,
            "price_fair": 166.78,
            "eps_avg_yearly": 4.77,
            "eps_latest_yearly": 5.08,
            "eps_growth_yearly": 47.83
        },
        "20162": {
            "year_quarter": 20162,
            "year": 2016,
            "quarter": 2,
            "eps": 0.7,
            "eps_growth_year": -32.69,
            "eps_4q": 3.68,
            "eps_4q_growth_year": -15.72,
            "roe": 2.18,
            "roe_4q": 11.77,
            "gross_profit": 117235,
            "gross_margin": 54.61,
            "gross_margin_4q_avg": 56.27,
            "net_income": 26431,
            "net_income_4q": null,
            "revenue": 214674,
            "revenue_4q": null,
            "common_shares": 377117,
            "book_valuer_per_share": 31.03,
            "book_valuer_per_share_4q_avg": 32,
            "equity": 1170336,
            "current_ratio": 364.1,
            "debt_ratio": 22.71,
            "inventory_turnover_ratio": 0.56,
            "account_receivable_turnover_ratio": 1.42,
            "reinvestment_rate": null,
            "research_to_sale_ratio": 9.01,
            "price_fair": 148.08,
            "eps_avg_yearly": 4.55,
            "eps_latest_yearly": 2.8,
            "eps_growth_yearly": 22.57
        },
        "20163": {
            "year_quarter": 20163,
            "year": 2016,
            "quarter": 3,
            "eps": 0.79,
            "eps_growth_year": -19.39,
            "eps_4q": 3.51,
            "eps_4q_growth_year": -14.93,
            "roe": 2.58,
            "roe_4q": 11.17,
            "gross_profit": 123911,
            "gross_margin": 57.77,
            "gross_margin_4q_avg": 58.48,
            "net_income": 30390,
            "net_income_4q": null,
            "revenue": 214474,
            "revenue_4q": null,
            "common_shares": 384659,
            "book_valuer_per_share": 30.91,
            "book_valuer_per_share_4q_avg": 31.85,
            "equity": 1189107,
            "current_ratio": 527.93,
            "debt_ratio": 16.67,
            "inventory_turnover_ratio": 0.51,
            "account_receivable_turnover_ratio": 1.42,
            "reinvestment_rate": null,
            "research_to_sale_ratio": 8.67,
            "price_fair": 154.28,
            "eps_avg_yearly": 4.41,
            "eps_latest_yearly": 3.16,
            "eps_growth_yearly": 25.46
        },
        "20164": {
            "year_quarter": 20164,
            "year": 2016,
            "quarter": 4,
            "eps": 1.63,
            "eps_growth_year": 103.36,
            "eps_4q": 4.35,
            "eps_4q_growth_year": 24.4,
            "roe": 5.14,
            "roe_4q": 13.8,
            "gross_profit": 137746,
            "gross_margin": 55.82,
            "gross_margin_4q_avg": 57.4,
            "net_income": 62546,
            "net_income_4q": null,
            "revenue": 246749,
            "revenue_4q": null,
            "common_shares": 384659,
            "book_valuer_per_share": 32.31,
            "book_valuer_per_share_4q_avg": 31.89,
            "equity": 1242949,
            "current_ratio": 460.95,
            "debt_ratio": 15.49,
            "inventory_turnover_ratio": 0.6,
            "account_receivable_turnover_ratio": 1.47,
            "reinvestment_rate": -26.49,
            "research_to_sale_ratio": 8.47,
            "price_fair": 161,
            "eps_avg_yearly": 4.6,
            "eps_latest_yearly": 6.52,
            "eps_growth_yearly": 61.81
        },
        "20171": {
            "year_quarter": 20171,
            "year": 2017,
            "quarter": 1,
            "eps": 0.68,
            "eps_growth_year": -46.46,
            "eps_4q": 3.78,
            "eps_4q_growth_year": -7.13,
            "roe": 2.11,
            "roe_4q": 12.01,
            "gross_profit": 136564,
            "gross_margin": 57.59,
            "gross_margin_4q_avg": 56.45,
            "net_income": 26202,
            "net_income_4q": null,
            "revenue": 237112,
            "revenue_4q": null,
            "common_shares": 384659,
            "book_valuer_per_share": 32.39,
            "book_valuer_per_share_4q_avg": 31.66,
            "equity": 1246007,
            "current_ratio": 405.25,
            "debt_ratio": 17.5,
            "inventory_turnover_ratio": 0.54,
            "account_receivable_turnover_ratio": 1.3,
            "reinvestment_rate": 20.74,
            "research_to_sale_ratio": 8.21,
            "price_fair": 155.52,
            "eps_avg_yearly": 4.44,
            "eps_latest_yearly": 2.72,
            "eps_growth_yearly": 37.23
        },
        "20172": {
            "year_quarter": 20172,
            "year": 2017,
            "quarter": 2,
            "eps": 1.71,
            "eps_growth_year": 144.29,
            "eps_4q": 4.58,
            "eps_4q_growth_year": 24.21,
            "roe": 5.36,
            "roe_4q": 15.19,
            "gross_profit": 157108,
            "gross_margin": 58.29,
            "gross_margin_4q_avg": 57.37,
            "net_income": 65727,
            "net_income_4q": null,
            "revenue": 269523,
            "revenue_4q": null,
            "common_shares": 384659,
            "book_valuer_per_share": 31.42,
            "book_valuer_per_share_4q_avg": 31.76,
            "equity": 1208649,
            "current_ratio": 310.44,
            "debt_ratio": 22.42,
            "inventory_turnover_ratio": 0.55,
            "account_receivable_turnover_ratio": 1.44,
            "reinvestment_rate": 17.39,
            "research_to_sale_ratio": 5.72,
            "price_fair": 161.97,
            "eps_avg_yearly": 4.63,
            "eps_latest_yearly": 6.84,
            "eps_growth_yearly": 80.97
        },
        "20173": {
            "year_quarter": 20173,
            "year": 2017,
            "quarter": 3,
            "eps": 1.26,
            "eps_growth_year": 59.49,
            "eps_4q": 5.08,
            "eps_4q_growth_year": 44.71,
            "roe": 4.1,
            "roe_4q": 16.71,
            "gross_profit": 146547,
            "gross_margin": 53.97,
            "gross_margin_4q_avg": 56.42,
            "net_income": 50725,
            "net_income_4q": null,
            "revenue": 271546,
            "revenue_4q": null,
            "common_shares": 403892,
            "book_valuer_per_share": 31.34,
            "book_valuer_per_share_4q_avg": 31.87,
            "equity": 1265945,
            "current_ratio": 461.99,
            "debt_ratio": 15.91,
            "inventory_turnover_ratio": 0.57,
            "account_receivable_turnover_ratio": 1.42,
            "reinvestment_rate": 15.74,
            "research_to_sale_ratio": 5.74,
            "price_fair": 163,
            "eps_avg_yearly": 4.66,
            "eps_latest_yearly": 5.04,
            "eps_growth_yearly": 67.67
        },
        "20174": {
            "year_quarter": 20174,
            "year": 2017,
            "quarter": 4,
            "eps": 1.31,
            "eps_growth_year": -19.5,
            "eps_4q": 4.84,
            "eps_4q_growth_year": 11.21,
            "roe": 4.09,
            "roe_4q": 15.66,
            "gross_profit": 151068,
            "gross_margin": 53.48,
            "gross_margin_4q_avg": 55.83,
            "net_income": 52866,
            "net_income_4q": null,
            "revenue": 282475,
            "revenue_4q": null,
            "common_shares": 403892,
            "book_valuer_per_share": 32.6,
            "book_valuer_per_share_4q_avg": 31.94,
            "equity": 1316610,
            "current_ratio": 488.43,
            "debt_ratio": 15.64,
            "inventory_turnover_ratio": 0.6,
            "account_receivable_turnover_ratio": 1.44,
            "reinvestment_rate": 14.52,
            "research_to_sale_ratio": 5.53,
            "price_fair": 164.36,
            "eps_avg_yearly": 4.7,
            "eps_latest_yearly": 5.24,
            "eps_growth_yearly": 64.22
        },
        "20181": {
            "year_quarter": 20181,
            "year": 2018,
            "quarter": 1,
            "eps": 1.09,
            "eps_growth_year": 60.29,
            "eps_4q": 5.28,
            "eps_4q_growth_year": 39.47,
            "roe": 3.27,
            "roe_4q": 16.82,
            "gross_profit": 148463,
            "gross_margin": 56.27,
            "gross_margin_4q_avg": 55.5,
            "net_income": 43853,
            "net_income_4q": null,
            "revenue": 263834,
            "revenue_4q": null,
            "common_shares": 403892,
            "book_valuer_per_share": 33.75,
            "book_valuer_per_share_4q_avg": 32.28,
            "equity": 1364537,
            "current_ratio": 502.68,
            "debt_ratio": 15.93,
            "inventory_turnover_ratio": 0.52,
            "account_receivable_turnover_ratio": 1.28,
            "reinvestment_rate": 12,
            "research_to_sale_ratio": 6.04,
            "price_fair": 163.63,
            "eps_avg_yearly": 4.68,
            "eps_latest_yearly": 4.36,
            "eps_growth_yearly": 56
        },
        "20182": {
            "year_quarter": 20182,
            "year": 2018,
            "quarter": 2,
            "eps": 1.42,
            "eps_growth_year": -16.96,
            "eps_4q": 5.08,
            "eps_4q_growth_year": 10.89,
            "roe": 4.38,
            "roe_4q": 15.84,
            "gross_profit": 161229,
            "gross_margin": 57.16,
            "gross_margin_4q_avg": 55.22,
            "net_income": 57550,
            "net_income_4q": null,
            "revenue": 282085,
            "revenue_4q": null,
            "common_shares": 403892,
            "book_valuer_per_share": 31.22,
            "book_valuer_per_share_4q_avg": 32.23,
            "equity": 1260989,
            "current_ratio": 296.26,
            "debt_ratio": 25.05,
            "inventory_turnover_ratio": 0.53,
            "account_receivable_turnover_ratio": 1.32,
            "reinvestment_rate": 15.11,
            "research_to_sale_ratio": 5.09,
            "price_fair": 159.51,
            "eps_avg_yearly": 4.56,
            "eps_latest_yearly": 5.68,
            "eps_growth_yearly": 41.79
        },
        "20183": {
            "year_quarter": 20183,
            "year": 2018,
            "quarter": 3,
            "eps": 1.38,
            "eps_growth_year": 9.52,
            "eps_4q": 5.2,
            "eps_4q_growth_year": 2.29,
            "roe": 4.33,
            "roe_4q": 16.07,
            "gross_profit": 153994,
            "gross_margin": 54.53,
            "gross_margin_4q_avg": 55.36,
            "net_income": 55629,
            "net_income_4q": null,
            "revenue": 282380,
            "revenue_4q": null,
            "common_shares": 403892,
            "book_valuer_per_share": 32.33,
            "book_valuer_per_share_4q_avg": 32.48,
            "equity": 1305848,
            "current_ratio": 481.71,
            "debt_ratio": 16.7,
            "inventory_turnover_ratio": 0.57,
            "account_receivable_turnover_ratio": 1.36,
            "reinvestment_rate": 13.43,
            "research_to_sale_ratio": 5.24,
            "price_fair": 159.51,
            "eps_avg_yearly": 4.56,
            "eps_latest_yearly": 5.52,
            "eps_growth_yearly": 47.83
        },
        "20184": {
            "year_quarter": 20184,
            "year": 2018,
            "quarter": 4,
            "eps": 1.47,
            "eps_growth_year": 12.18,
            "eps_4q": 5.41,
            "eps_4q_growth_year": 11.65,
            "roe": 4.44,
            "roe_4q": 16.419999999999998,
            "gross_profit": 159401,
            "gross_margin": 59.98,
            "gross_margin_4q_avg": 56.99,
            "net_income": 58569,
            "net_income_4q": null,
            "revenue": 265739,
            "revenue_4q": null,
            "common_shares": 403892,
            "book_valuer_per_share": 33.34,
            "book_valuer_per_share_4q_avg": 32.66,
            "equity": 1330033,
            "current_ratio": 496.82,
            "debt_ratio": 16.62,
            "inventory_turnover_ratio": 0.48,
            "account_receivable_turnover_ratio": 1.36,
            "reinvestment_rate": 11.91,
            "research_to_sale_ratio": 5.15,
            "price_fair": 159.6,
            "eps_avg_yearly": 4.56,
            "eps_latest_yearly": 5.88,
            "eps_growth_yearly": 48.01
        },
        "20191": {
            "year_quarter": 20191,
            "year": 2019,
            "quarter": 1,
            "eps": 1.27,
            "eps_growth_year": 16.51,
            "eps_4q": 5.58,
            "eps_4q_growth_year": 5.7,
            "roe": 3.74,
            "roe_4q": 16.89,
            "gross_profit": 149909,
            "gross_margin": 57.01,
            "gross_margin_4q_avg": 57.17,
            "net_income": 50784,
            "net_income_4q": null,
            "revenue": 262937,
            "revenue_4q": null,
            "common_shares": 403892,
            "book_valuer_per_share": 34.77,
            "book_valuer_per_share_4q_avg": 32.92,
            "equity": 1387190,
            "current_ratio": 536.33,
            "debt_ratio": 16.03,
            "inventory_turnover_ratio": 0.52,
            "account_receivable_turnover_ratio": 1.33,
            "reinvestment_rate": 10.61,
            "research_to_sale_ratio": 5.55,
            "price_fair": 164.5,
            "eps_avg_yearly": 4.7,
            "eps_latest_yearly": 5.08,
            "eps_growth_yearly": 57.45
        },
        "20192": {
            "year_quarter": 20192,
            "year": 2019,
            "quarter": 2,
            "eps": 1.54,
            "eps_growth_year": 8.45,
            "eps_4q": 5.4,
            "eps_4q_growth_year": 6.48,
            "roe": 4.59,
            "roe_4q": 17.1,
            "gross_profit": 170779,
            "gross_margin": 59.51,
            "gross_margin_4q_avg": 57.76,
            "net_income": 61369,
            "net_income_4q": null,
            "revenue": 286968,
            "revenue_4q": null,
            "common_shares": 403892,
            "book_valuer_per_share": 32.29,
            "book_valuer_per_share_4q_avg": 33.18,
            "equity": 1288201,
            "current_ratio": 273.17,
            "debt_ratio": 28.41,
            "inventory_turnover_ratio": 0.53,
            "account_receivable_turnover_ratio": 1.41,
            "reinvestment_rate": 7.98,
            "research_to_sale_ratio": 5.07,
            "price_fair": 168.88,
            "eps_avg_yearly": 4.83,
            "eps_latest_yearly": 6.16,
            "eps_growth_yearly": 51.15
        },
        "20193": {
            "year_quarter": 20193,
            "year": 2019,
            "quarter": 3,
            "eps": 1.33,
            "eps_growth_year": -3.62,
            "eps_4q": 5.4,
            "eps_4q_growth_year": 3.99,
            "roe": 4.25,
            "roe_4q": 17.02,
            "gross_profit": 161287,
            "gross_margin": 57.86,
            "gross_margin_4q_avg": 58.59,
            "net_income": 55624,
            "net_income_4q": null,
            "revenue": 278737,
            "revenue_4q": null,
            "common_shares": 423837,
            "book_valuer_per_share": 31.73,
            "book_valuer_per_share_4q_avg": 33.03,
            "equity": 1329148,
            "current_ratio": 404.32,
            "debt_ratio": 20.36,
            "inventory_turnover_ratio": 0.54,
            "account_receivable_turnover_ratio": 1.44,
            "reinvestment_rate": 4.15,
            "research_to_sale_ratio": 4.48,
            "price_fair": 171.94,
            "eps_avg_yearly": 4.91,
            "eps_latest_yearly": 5.32,
            "eps_growth_yearly": 49.18
        },
        "20194": {
            "year_quarter": 20194,
            "year": 2019,
            "quarter": 4,
            "eps": 1.1,
            "eps_growth_year": -24.84,
            "eps_4q": 5.11,
            "eps_4q_growth_year": -5.47,
            "roe": 3.44,
            "roe_4q": 16.02,
            "gross_profit": 156870,
            "gross_margin": 55.79,
            "gross_margin_4q_avg": 57.54,
            "net_income": 46217,
            "net_income_4q": null,
            "revenue": 281166,
            "revenue_4q": null,
            "common_shares": 423837,
            "book_valuer_per_share": 32.51,
            "book_valuer_per_share_4q_avg": 32.83,
            "equity": 1361648,
            "current_ratio": 412.33,
            "debt_ratio": 19.37,
            "inventory_turnover_ratio": 0.61,
            "account_receivable_turnover_ratio": 1.51,
            "reinvestment_rate": 0.83,
            "research_to_sale_ratio": 5.37,
            "price_fair": 174.56,
            "eps_avg_yearly": 4.99,
            "eps_latest_yearly": 4.4,
            "eps_growth_yearly": 49.45
        },
        "20201": {
            "year_quarter": 20201,
            "year": 2020,
            "quarter": 1,
            "eps": 0.58,
            "eps_growth_year": -54.33,
            "eps_4q": 4.48,
            "eps_4q_growth_year": -19.77,
            "roe": 1.77,
            "roe_4q": 14.05,
            "gross_profit": 111563,
            "gross_margin": 53.17,
            "gross_margin_4q_avg": 56.58,
            "net_income": 24231,
            "net_income_4q": null,
            "revenue": 209804,
            "revenue_4q": null,
            "common_shares": 423837,
            "book_valuer_per_share": 32.93,
            "book_valuer_per_share_4q_avg": 32.37,
            "equity": 1379535,
            "current_ratio": 416.87,
            "debt_ratio": 17.36,
            "inventory_turnover_ratio": 0.52,
            "account_receivable_turnover_ratio": 1.18,
            "reinvestment_rate": -0.26,
            "research_to_sale_ratio": 6.63,
            "price_fair": 158.63,
            "eps_avg_yearly": 4.82,
            "eps_latest_yearly": 2.32,
            "eps_growth_yearly": 22.95
        },
        "20202": {
            "year_quarter": 20202,
            "year": 2020,
            "quarter": 2,
            "eps": 1.55,
            "eps_growth_year": 0.65,
            "eps_4q": 4.56,
            "eps_4q_growth_year": -15.64,
            "roe": 4.9,
            "roe_4q": 14.36,
            "gross_profit": 147378,
            "gross_margin": 59.49,
            "gross_margin_4q_avg": 56.58,
            "net_income": 64862,
            "net_income_4q": null,
            "revenue": 247742,
            "revenue_4q": null,
            "common_shares": 423837,
            "book_valuer_per_share": 30.32,
            "book_valuer_per_share_4q_avg": 31.87,
            "equity": 1269939,
            "current_ratio": 271.22,
            "debt_ratio": 34.83,
            "inventory_turnover_ratio": 0.52,
            "account_receivable_turnover_ratio": 1.54,
            "reinvestment_rate": 38.81,
            "research_to_sale_ratio": 6.31,
            "price_fair": 175.96,
            "eps_avg_yearly": 5.03,
            "eps_latest_yearly": 6.2,
            "eps_growth_yearly": 75.98
        },
        "20203": {
            "year_quarter": 20203,
            "year": 2020,
            "quarter": 3,
            "eps": 1.89,
            "eps_growth_year": 42.11,
            "eps_4q": 5.12,
            "eps_4q_growth_year": -5.3,
            "roe": 6.03,
            "roe_4q": 16.14,
            "gross_profit": 169436,
            "gross_margin": 60.51,
            "gross_margin_4q_avg": 57.24,
            "net_income": 79043,
            "net_income_4q": null,
            "revenue": 280012,
            "revenue_4q": null,
            "common_shares": 423837,
            "book_valuer_per_share": 32.27,
            "book_valuer_per_share_4q_avg": 32.01,
            "equity": 1351781,
            "current_ratio": 393.04,
            "debt_ratio": 28.39,
            "inventory_turnover_ratio": 0.56,
            "account_receivable_turnover_ratio": 1.77,
            "reinvestment_rate": 37.14,
            "research_to_sale_ratio": 4.74,
            "price_fair": 185.59,
            "eps_avg_yearly": 5.3,
            "eps_latest_yearly": 7.56,
            "eps_growth_yearly": 78.25
        },
        "20204": {
            "year_quarter": 20204,
            "year": 2020,
            "quarter": 4,
            "eps": 1.47,
            "eps_growth_year": 33.54,
            "eps_4q": 5.49,
            "eps_4q_growth_year": 7.41,
            "roe": 4.46,
            "roe_4q": 17.16,
            "gross_profit": 157726,
            "gross_margin": 58.6,
            "gross_margin_4q_avg": 57.94,
            "net_income": 61733,
            "net_income_4q": null,
            "revenue": 269147,
            "revenue_4q": null,
            "common_shares": 423837,
            "book_valuer_per_share": 33.84,
            "book_valuer_per_share_4q_avg": 32.34,
            "equity": 1417373,
            "current_ratio": 481.11,
            "debt_ratio": 26.18,
            "inventory_turnover_ratio": 0.62,
            "account_receivable_turnover_ratio": 1.63,
            "reinvestment_rate": 27.13,
            "research_to_sale_ratio": 4.5,
            "price_fair": 184.19,
            "eps_avg_yearly": 5.26,
            "eps_latest_yearly": 5.88,
            "eps_growth_yearly": 46.11
        },
        "20211": {
            "year_quarter": 20211,
            "year": 2021,
            "quarter": 1,
            "eps": 1.18,
            "eps_growth_year": 103.45,
            "eps_4q": 6.09,
            "eps_4q_growth_year": 36.04,
            "roe": 3.43,
            "roe_4q": 18.82,
            "gross_profit": 151455,
            "gross_margin": 58.64,
            "gross_margin_4q_avg": 59.31,
            "net_income": 49383,
            "net_income_4q": null,
            "revenue": 258273,
            "revenue_4q": null,
            "common_shares": 423837,
            "book_valuer_per_share": 34.84,
            "book_valuer_per_share_4q_avg": 32.82,
            "equity": 1459276,
            "current_ratio": 501.67,
            "debt_ratio": 25.99,
            "inventory_turnover_ratio": 0.64,
            "account_receivable_turnover_ratio": 1.47,
            "reinvestment_rate": 27.45,
            "research_to_sale_ratio": 5.15,
            "price_fair": 188.56,
            "eps_avg_yearly": 5.39,
            "eps_latest_yearly": 4.72,
            "eps_growth_yearly": 55.75
        },
        "20212": {
            "year_quarter": 20212,
            "year": 2021,
            "quarter": 2,
            "eps": 1.76,
            "eps_growth_year": 13.55,
            "eps_4q": 6.3,
            "eps_4q_growth_year": 38.14,
            "roe": 4.93,
            "roe_4q": 18.85,
            "gross_profit": 183495,
            "gross_margin": 59.34,
            "gross_margin_4q_avg": 59.27,
            "net_income": 73631,
            "net_income_4q": null,
            "revenue": 309207,
            "revenue_4q": null,
            "common_shares": 423837,
            "book_valuer_per_share": 36.45,
            "book_valuer_per_share_4q_avg": 34.35,
            "equity": 1526820,
            "current_ratio": 523.73,
            "debt_ratio": 25.44,
            "inventory_turnover_ratio": 0.73,
            "account_receivable_turnover_ratio": 1.64,
            "reinvestment_rate": 27.22,
            "research_to_sale_ratio": 4.33,
            "price_fair": 189,
            "eps_avg_yearly": 5.4,
            "eps_latest_yearly": 7.04,
            "eps_growth_yearly": 30.17
        },
        "20213": {
            "year_quarter": 20213,
            "year": 2021,
            "quarter": 3,
            "eps": 2.05,
            "eps_growth_year": 8.47,
            "eps_4q": 6.24,
            "eps_4q_growth_year": 21.94,
            "roe": 6.07,
            "roe_4q": 18.89,
            "gross_profit": 203543,
            "gross_margin": 59.39,
            "gross_margin_4q_avg": 58.99,
            "net_income": 90534,
            "net_income_4q": null,
            "revenue": 342698,
            "revenue_4q": null,
            "common_shares": 444779,
            "book_valuer_per_share": 33.02,
            "book_valuer_per_share_4q_avg": 34.54,
            "equity": 1456718,
            "current_ratio": 415.56,
            "debt_ratio": 27.87,
            "inventory_turnover_ratio": 0.71,
            "account_receivable_turnover_ratio": 1.6,
            "reinvestment_rate": 27.48,
            "research_to_sale_ratio": 4.66,
            "price_fair": 195.91,
            "eps_avg_yearly": 5.6,
            "eps_latest_yearly": 8.2,
            "eps_growth_yearly": 40.87
        },
        "20214": {
            "year_quarter": 20214,
            "year": 2021,
            "quarter": 4,
            "eps": 1.41,
            "eps_growth_year": -4.02,
            "eps_4q": 6.26,
            "eps_4q_growth_year": 13.99,
            "roe": 4.18,
            "roe_4q": 18.61,
            "gross_profit": 185468,
            "gross_margin": 51.18,
            "gross_margin_4q_avg": 57.14,
            "net_income": 62388,
            "net_income_4q": null,
            "revenue": 362363,
            "revenue_4q": null,
            "common_shares": 444779,
            "book_valuer_per_share": 34.58,
            "book_valuer_per_share_4q_avg": 34.72,
            "equity": 1525505,
            "current_ratio": 426.34,
            "debt_ratio": 27.05,
            "inventory_turnover_ratio": 0.83,
            "account_receivable_turnover_ratio": 1.53,
            "reinvestment_rate": 28.63,
            "research_to_sale_ratio": 4.89,
            "price_fair": 196.79,
            "eps_avg_yearly": 5.62,
            "eps_latest_yearly": 5.64,
            "eps_growth_yearly": 32.07
        },
        "20221": {
            "year_quarter": 20221,
            "year": 2022,
            "quarter": 1,
            "eps": 1.38,
            "eps_growth_year": 16.95,
            "eps_4q": 6.49,
            "eps_4q_growth_year": 6.55,
            "roe": 3.9,
            "roe_4q": 19.08,
            "gross_profit": 160368,
            "gross_margin": 54.42,
            "gross_margin_4q_avg": 56.08,
            "net_income": 61353,
            "net_income_4q": null,
            "revenue": 294679,
            "revenue_4q": null,
            "common_shares": 444779,
            "book_valuer_per_share": 36.45,
            "book_valuer_per_share_4q_avg": 35.13,
            "equity": 1617570,
            "current_ratio": 444.55,
            "debt_ratio": 26.18,
            "inventory_turnover_ratio": 0.61,
            "account_receivable_turnover_ratio": 1.19,
            "reinvestment_rate": 29.2,
            "research_to_sale_ratio": 5.17,
            "price_fair": 199.33,
            "eps_avg_yearly": 5.7,
            "eps_latest_yearly": 5.52,
            "eps_growth_yearly": 35.74
        },
        "20222": {
            "year_quarter": 20222,
            "year": 2022,
            "quarter": 2,
            "eps": 2.26,
            "eps_growth_year": 28.41,
            "eps_4q": 6.38,
            "eps_4q_growth_year": 1.35,
            "roe": 6.36,
            "roe_4q": 20.509999999999998,
            "gross_profit": 200666,
            "gross_margin": 59.44,
            "gross_margin_4q_avg": 56.11,
            "net_income": 100159,
            "net_income_4q": null,
            "revenue": 337571,
            "revenue_4q": null,
            "common_shares": 444779,
            "book_valuer_per_share": 34.5,
            "book_valuer_per_share_4q_avg": 34.64,
            "equity": 1530933,
            "current_ratio": 278.75,
            "debt_ratio": 33.82,
            "inventory_turnover_ratio": 0.56,
            "account_receivable_turnover_ratio": 1.27,
            "reinvestment_rate": 26.59,
            "research_to_sale_ratio": 4.48,
            "price_fair": 206.68,
            "eps_avg_yearly": 5.91,
            "eps_latest_yearly": 9.04,
            "eps_growth_yearly": 44.11
        },
        "20223": {
            "year_quarter": 20223,
            "year": 2022,
            "quarter": 3,
            "eps": 1.96,
            "eps_growth_year": -4.39,
            "eps_4q": 6.5,
            "eps_4q_growth_year": 4.17,
            "roe": 6.07,
            "roe_4q": 20.509999999999998,
            "gross_profit": 220718,
            "gross_margin": 48.77,
            "gross_margin_4q_avg": 53.45,
            "net_income": 96367,
            "net_income_4q": null,
            "revenue": 452583,
            "revenue_4q": null,
            "common_shares": 493595,
            "book_valuer_per_share": 33.37,
            "book_valuer_per_share_4q_avg": 34.73,
            "equity": 1644102,
            "current_ratio": 382.71,
            "debt_ratio": 26.81,
            "inventory_turnover_ratio": 0.89,
            "account_receivable_turnover_ratio": 1.44,
            "reinvestment_rate": 26.4,
            "research_to_sale_ratio": 3.93,
            "price_fair": 211.75,
            "eps_avg_yearly": 6.05,
            "eps_latest_yearly": 7.84,
            "eps_growth_yearly": 41.49
        },
        "20224": {
            "year_quarter": 20224,
            "year": 2022,
            "quarter": 4,
            "eps": 1.35,
            "eps_growth_year": -4.48,
            "eps_4q": 6.59,
            "eps_4q_growth_year": 5.27,
            "roe": 3.98,
            "roe_4q": 20.31,
            "gross_profit": 186957,
            "gross_margin": 53.69,
            "gross_margin_4q_avg": 54.08,
            "net_income": 66554,
            "net_income_4q": null,
            "revenue": 348203,
            "revenue_4q": null,
            "common_shares": 493595,
            "book_valuer_per_share": 34.56,
            "book_valuer_per_share_4q_avg": 34.72,
            "equity": 1702595,
            "current_ratio": 437.12,
            "debt_ratio": 24.74,
            "inventory_turnover_ratio": 0.63,
            "account_receivable_turnover_ratio": 1.15,
            "reinvestment_rate": 26.06,
            "research_to_sale_ratio": 3.67,
            "price_fair": 210.7,
            "eps_avg_yearly": 6.02,
            "eps_latest_yearly": 5.4,
            "eps_growth_yearly": 32.08
        },
        "20231": {
            "year_quarter": 20231,
            "year": 2023,
            "quarter": 1,
            "eps": 1.07,
            "eps_growth_year": -22.46,
            "eps_4q": 6.4,
            "eps_4q_growth_year": -1.33,
            "roe": 3.05,
            "roe_4q": 19.46,
            "gross_profit": 161272,
            "gross_margin": 48.24,
            "gross_margin_4q_avg": 52.54,
            "net_income": 52900,
            "net_income_4q": null,
            "revenue": 334308,
            "revenue_4q": null,
            "common_shares": 493595,
            "book_valuer_per_share": 35.74,
            "book_valuer_per_share_4q_avg": 34.54,
            "equity": 1764322,
            "current_ratio": 485.5,
            "debt_ratio": 22.44,
            "inventory_turnover_ratio": 0.7,
            "account_receivable_turnover_ratio": 1.31,
            "reinvestment_rate": 26.3,
            "research_to_sale_ratio": 4.31,
            "price_fair": 208.95,
            "eps_avg_yearly": 5.97,
            "eps_latest_yearly": 4.28,
            "eps_growth_yearly": 30.3
        },
        "20232": {
            "year_quarter": 20232,
            "year": 2023,
            "quarter": 2,
            "eps": 1.38,
            "eps_growth_year": -38.94,
            "eps_4q": 5.18,
            "eps_4q_growth_year": -18.84,
            "roe": 4.01,
            "roe_4q": 17.11,
            "gross_profit": 185401,
            "gross_margin": 55.48,
            "gross_margin_4q_avg": 51.55,
            "net_income": 68025,
            "net_income_4q": null,
            "revenue": 334188,
            "revenue_4q": null,
            "common_shares": 493595,
            "book_valuer_per_share": 33.04,
            "book_valuer_per_share_4q_avg": 34.18,
            "equity": 1631053,
            "current_ratio": 305.33,
            "debt_ratio": 29.72,
            "inventory_turnover_ratio": 0.62,
            "account_receivable_turnover_ratio": 1.29,
            "reinvestment_rate": 27.03,
            "research_to_sale_ratio": 4.84,
            "price_fair": 207.55,
            "eps_avg_yearly": 5.93,
            "eps_latest_yearly": 5.52,
            "eps_growth_yearly": 32.23
        },
        "20233": {
            "year_quarter": 20233,
            "year": 2023,
            "quarter": 3,
            "eps": 1.59,
            "eps_growth_year": -18.88,
            "eps_4q": 5.01,
            "eps_4q_growth_year": -22.93,
            "roe": 5.17,
            "roe_4q": 16.21,
            "gross_profit": 201163,
            "gross_margin": 56.91,
            "gross_margin_4q_avg": 53.58,
            "net_income": 87046,
            "net_income_4q": null,
            "revenue": 353491,
            "revenue_4q": null,
            "common_shares": 547890,
            "book_valuer_per_share": 31.63,
            "book_valuer_per_share_4q_avg": 33.74,
            "equity": 1733271,
            "current_ratio": 553.23,
            "debt_ratio": 20.4,
            "inventory_turnover_ratio": 0.63,
            "account_receivable_turnover_ratio": 1.32,
            "reinvestment_rate": 27.08,
            "research_to_sale_ratio": 6.53,
            "price_fair": 209.83,
            "eps_avg_yearly": 6,
            "eps_latest_yearly": 6.36,
            "eps_growth_yearly": 39.44
        }
    },
    "months": {
        "2013-12": {
            "month": "2013-12",
            "price": "105.39",
            "revenue": 70069
        },
        "2014-01": {
            "month": "2014-01",
            "price": "110.39",
            "revenue": 60342
        },
        "2014-02": {
            "month": "2014-02",
            "price": "115.13",
            "revenue": 58380
        },
        "2014-03": {
            "month": "2014-03",
            "price": "123.32",
            "revenue": 75542
        },
        "2014-04": {
            "month": "2014-04",
            "price": "137.47",
            "revenue": 80424
        },
        "2014-05": {
            "month": "2014-05",
            "price": "131.81",
            "revenue": 80584
        },
        "2014-06": {
            "month": "2014-06",
            "price": "140.15",
            "revenue": 73971
        },
        "2014-07": {
            "month": "2014-07",
            "price": "141.37",
            "revenue": 78638
        },
        "2014-08": {
            "month": "2014-08",
            "price": "131.02",
            "revenue": 79512
        },
        "2014-09": {
            "month": "2014-09",
            "price": "137.05",
            "revenue": 75944
        },
        "2014-10": {
            "month": "2014-10",
            "price": "121.82",
            "revenue": 89671
        },
        "2014-11": {
            "month": "2014-11",
            "price": "115.50",
            "revenue": 72445
        },
        "2014-12": {
            "month": "2014-12",
            "price": "135.40",
            "revenue": 88108
        },
        "2015-01": {
            "month": "2015-01",
            "price": "140.28",
            "revenue": 71163
        },
        "2015-02": {
            "month": "2015-02",
            "price": "157.77",
            "revenue": 50856
        },
        "2015-03": {
            "month": "2015-03",
            "price": "150.00",
            "revenue": 68625
        },
        "2015-04": {
            "month": "2015-04",
            "price": "138.40",
            "revenue": 74303
        },
        "2015-05": {
            "month": "2015-05",
            "price": "128.30",
            "revenue": 71691
        },
        "2015-06": {
            "month": "2015-06",
            "price": "120.86",
            "revenue": 72230
        },
        "2015-07": {
            "month": "2015-07",
            "price": "122.77",
            "revenue": 68958
        },
        "2015-08": {
            "month": "2015-08",
            "price": "94.08",
            "revenue": 75698
        },
        "2015-09": {
            "month": "2015-09",
            "price": "80.92",
            "revenue": 65192
        },
        "2015-10": {
            "month": "2015-10",
            "price": "83.14",
            "revenue": 66585
        },
        "2015-11": {
            "month": "2015-11",
            "price": "76.19",
            "revenue": 66476
        },
        "2015-12": {
            "month": "2015-12",
            "price": "77.52",
            "revenue": 72268
        },
        "2016-01": {
            "month": "2016-01",
            "price": "65.95",
            "revenue": 65418
        },
        "2016-02": {
            "month": "2016-02",
            "price": "68.38",
            "revenue": 41852
        },
        "2016-03": {
            "month": "2016-03",
            "price": "69.46",
            "revenue": 81907
        },
        "2016-04": {
            "month": "2016-04",
            "price": "68.65",
            "revenue": 69348
        },
        "2016-05": {
            "month": "2016-05",
            "price": "67.18",
            "revenue": 68403
        },
        "2016-06": {
            "month": "2016-06",
            "price": "72.43",
            "revenue": 76567
        },
        "2016-07": {
            "month": "2016-07",
            "price": "76.60",
            "revenue": 70100
        },
        "2016-08": {
            "month": "2016-08",
            "price": "86.88",
            "revenue": 73088
        },
        "2016-09": {
            "month": "2016-09",
            "price": "89.75",
            "revenue": 70634
        },
        "2016-10": {
            "month": "2016-10",
            "price": "82.94",
            "revenue": 70509
        },
        "2016-11": {
            "month": "2016-11",
            "price": "81.43",
            "revenue": 84006
        },
        "2016-12": {
            "month": "2016-12",
            "price": "85.51",
            "revenue": 90778
        },
        "2017-01": {
            "month": "2017-01",
            "price": "86.93",
            "revenue": 61352
        },
        "2017-02": {
            "month": "2017-02",
            "price": "82.41",
            "revenue": 73895
        },
        "2017-03": {
            "month": "2017-03",
            "price": "82.31",
            "revenue": 101714
        },
        "2017-04": {
            "month": "2017-04",
            "price": "91.76",
            "revenue": 76124
        },
        "2017-05": {
            "month": "2017-05",
            "price": "87.47",
            "revenue": 93148
        },
        "2017-06": {
            "month": "2017-06",
            "price": "87.50",
            "revenue": 99846
        },
        "2017-07": {
            "month": "2017-07",
            "price": "86.74",
            "revenue": 82586
        },
        "2017-08": {
            "month": "2017-08",
            "price": "88.61",
            "revenue": 93234
        },
        "2017-09": {
            "month": "2017-09",
            "price": "85.26",
            "revenue": 95357
        },
        "2017-10": {
            "month": "2017-10",
            "price": "86.44",
            "revenue": 87588
        },
        "2017-11": {
            "month": "2017-11",
            "price": "83.22",
            "revenue": 101381
        },
        "2017-12": {
            "month": "2017-12",
            "price": "87.32",
            "revenue": 93052
        },
        "2018-01": {
            "month": "2018-01",
            "price": "93.33",
            "revenue": 99241
        },
        "2018-02": {
            "month": "2018-02",
            "price": "102.90",
            "revenue": 58975
        },
        "2018-03": {
            "month": "2018-03",
            "price": "100.53",
            "revenue": 106254
        },
        "2018-04": {
            "month": "2018-04",
            "price": "103.44",
            "revenue": 88953
        },
        "2018-05": {
            "month": "2018-05",
            "price": "97.70",
            "revenue": 104087
        },
        "2018-06": {
            "month": "2018-06",
            "price": "94.38",
            "revenue": 89472
        },
        "2018-07": {
            "month": "2018-07",
            "price": "85.76",
            "revenue": 92951
        },
        "2018-08": {
            "month": "2018-08",
            "price": "83.55",
            "revenue": 96478
        },
        "2018-09": {
            "month": "2018-09",
            "price": "81.25",
            "revenue": 92444
        },
        "2018-10": {
            "month": "2018-10",
            "price": "76.02",
            "revenue": 91361
        },
        "2018-11": {
            "month": "2018-11",
            "price": "73.05",
            "revenue": 98828
        },
        "2018-12": {
            "month": "2018-12",
            "price": "77.15",
            "revenue": 74995
        },
        "2019-01": {
            "month": "2019-01",
            "price": "76.87",
            "revenue": 85479
        },
        "2019-02": {
            "month": "2019-02",
            "price": "81.43",
            "revenue": 76773
        },
        "2019-03": {
            "month": "2019-03",
            "price": "85.00",
            "revenue": 100686
        },
        "2019-04": {
            "month": "2019-04",
            "price": "85.76",
            "revenue": 84596
        },
        "2019-05": {
            "month": "2019-05",
            "price": "85.25",
            "revenue": 100936
        },
        "2019-06": {
            "month": "2019-06",
            "price": "83.38",
            "revenue": 101436
        },
        "2019-07": {
            "month": "2019-07",
            "price": "88.57",
            "revenue": 100341
        },
        "2019-08": {
            "month": "2019-08",
            "price": "90.60",
            "revenue": 87531
        },
        "2019-09": {
            "month": "2019-09",
            "price": "84.32",
            "revenue": 89103
        },
        "2019-10": {
            "month": "2019-10",
            "price": "83.89",
            "revenue": 89858
        },
        "2019-11": {
            "month": "2019-11",
            "price": "85.69",
            "revenue": 91658
        },
        "2019-12": {
            "month": "2019-12",
            "price": "86.19",
            "revenue": 97633
        },
        "2020-01": {
            "month": "2020-01",
            "price": "86.71",
            "revenue": 59826
        },
        "2020-02": {
            "month": "2020-02",
            "price": "81.20",
            "revenue": 70458
        },
        "2020-03": {
            "month": "2020-03",
            "price": "70.11",
            "revenue": 79483
        },
        "2020-04": {
            "month": "2020-04",
            "price": "67.69",
            "revenue": 87304
        },
        "2020-05": {
            "month": "2020-05",
            "price": "70.82",
            "revenue": 82844
        },
        "2020-06": {
            "month": "2020-06",
            "price": "71.38",
            "revenue": 80384
        },
        "2020-07": {
            "month": "2020-07",
            "price": "69.94",
            "revenue": 102445
        },
        "2020-08": {
            "month": "2020-08",
            "price": "70.40",
            "revenue": 77790
        },
        "2020-09": {
            "month": "2020-09",
            "price": "71.76",
            "revenue": 97370
        },
        "2020-10": {
            "month": "2020-10",
            "price": "71.52",
            "revenue": 78452
        },
        "2020-11": {
            "month": "2020-11",
            "price": "74.24",
            "revenue": 86685
        },
        "2020-12": {
            "month": "2020-12",
            "price": "74.63",
            "revenue": 105020
        },
        "2021-01": {
            "month": "2021-01",
            "price": "78.04",
            "revenue": 88680
        },
        "2021-02": {
            "month": "2021-02",
            "price": "80.44",
            "revenue": 51865
        },
        "2021-03": {
            "month": "2021-03",
            "price": "85.23",
            "revenue": 117603
        },
        "2021-04": {
            "month": "2021-04",
            "price": "90.97",
            "revenue": 114851
        },
        "2021-05": {
            "month": "2021-05",
            "price": "82.58",
            "revenue": 91221
        },
        "2021-06": {
            "month": "2021-06",
            "price": "86.11",
            "revenue": 102917
        },
        "2021-07": {
            "month": "2021-07",
            "price": "89.16",
            "revenue": 103354
        },
        "2021-08": {
            "month": "2021-08",
            "price": "87.22",
            "revenue": 126286
        },
        "2021-09": {
            "month": "2021-09",
            "price": "86.71",
            "revenue": 114160
        },
        "2021-10": {
            "month": "2021-10",
            "price": "86.85",
            "revenue": 105414
        },
        "2021-11": {
            "month": "2021-11",
            "price": "88.08",
            "revenue": 125873
        },
        "2021-12": {
            "month": "2021-12",
            "price": "87.67",
            "revenue": 132850
        },
        "2022-01": {
            "month": "2022-01",
            "price": "91.46",
            "revenue": 103877
        },
        "2022-02": {
            "month": "2022-02",
            "price": "92.80",
            "revenue": 93638
        },
        "2022-03": {
            "month": "2022-03",
            "price": "93.03",
            "revenue": 97972
        },
        "2022-04": {
            "month": "2022-04",
            "price": "93.60",
            "revenue": 71468
        },
        "2022-05": {
            "month": "2022-05",
            "price": "88.02",
            "revenue": 109432
        },
        "2022-06": {
            "month": "2022-06",
            "price": "87.40",
            "revenue": 156206
        },
        "2022-07": {
            "month": "2022-07",
            "price": "84.62",
            "revenue": 144501
        },
        "2022-08": {
            "month": "2022-08",
            "price": "88.13",
            "revenue": 144911
        },
        "2022-09": {
            "month": "2022-09",
            "price": "87.86",
            "revenue": 165248
        },
        "2022-10": {
            "month": "2022-10",
            "price": "88.08",
            "revenue": 134440
        },
        "2022-11": {
            "month": "2022-11",
            "price": "86.82",
            "revenue": 108903
        },
        "2022-12": {
            "month": "2022-12",
            "price": "84.85",
            "revenue": 104238
        },
        "2023-01": {
            "month": "2023-01",
            "price": "84.42",
            "revenue": 106748
        },
        "2023-02": {
            "month": "2023-02",
            "price": "86.62",
            "revenue": 99745
        },
        "2023-03": {
            "month": "2023-03",
            "price": "91.14",
            "revenue": 123960
        },
        "2023-04": {
            "month": "2023-04",
            "price": "93.55",
            "revenue": 112517
        },
        "2023-05": {
            "month": "2023-05",
            "price": "97.54",
            "revenue": 110211
        },
        "2023-06": {
            "month": "2023-06",
            "price": "105.21",
            "revenue": 114655
        },
        "2023-07": {
            "month": "2023-07",
            "price": "106.48",
            "revenue": 80774
        },
        "2023-08": {
            "month": "2023-08",
            "price": "96.10",
            "revenue": 125933
        },
        "2023-09": {
            "month": "2023-09",
            "price": "88.94",
            "revenue": 148065
        },
        "2023-10": {
            "month": "2023-10",
            "price": "88.70",
            "revenue": 113150
        },
        "2023-11": {
            "month": "2023-11",
            "price": "87.56",
            "revenue": 110952
        }
    }
}
