{
    "summary": {
        "stock_name": "長佳",
        "stock_id": "4550",
        "category": "電機機械",
        "main_business": "機電工程承攬<br>運動場館委辦營運管理",
        "website_url": "http://www.changjia.com.tw",
        "ceo": "吳陽明",
        "pe_ratio": 9,
        "report_year_from": 2012,
        "report_year_to": 2023,
        "age": 11,
        "eps_negative_percentage": 0,
        "eps_growth_avg": {
            "last_all": 17.64,
            "last_2y": 14.47,
            "last_4y": 26.28,
            "last_8y": null,
            "last_12y": null,
            "last_16y": null,
            "last_20y": null,
            "at_2006_last_3y": null,
            "at_2007_last_3y": null,
            "at_2008_last_3y": null,
            "at_2009_last_3y": null,
            "at_2010_last_3y": null,
            "at_2011_last_3y": null,
            "at_2012_last_3y": null,
            "at_2013_last_3y": null,
            "at_2014_last_3y": null,
            "at_2015_last_3y": null,
            "at_2016_last_3y": null,
            "at_2017_last_3y": null,
            "at_2018_last_3y": 2.59,
            "at_2019_last_3y": 33.51,
            "at_2020_last_3y": 7.37,
            "at_2021_last_3y": 7.86,
            "at_2022_last_3y": 32.69,
            "at_2023_last_3y": 32.69,
            "at_2006_last_all": null,
            "at_2007_last_all": null,
            "at_2008_last_all": null,
            "at_2009_last_all": null,
            "at_2010_last_all": null,
            "at_2011_last_all": null,
            "at_2012_last_all": null,
            "at_2013_last_all": null,
            "at_2014_last_all": null,
            "at_2015_last_all": null,
            "at_2016_last_all": 24.68,
            "at_2017_last_all": 3.22,
            "at_2018_last_all": 2.59,
            "at_2019_last_all": 19.54,
            "at_2020_last_all": 13.14,
            "at_2021_last_all": 5.87,
            "at_2022_last_all": 17.64,
            "at_2023_last_all": 17.64
        },
        "latest_eps": 2.96,
        "latest_price": 27.85,
        "latest_roe": 12.94,
        "latest_gross_margin": 10.69,
        "latest_equity": 899866,
        "latest_revenue": 418809,
        "latest_gross_profit": 44781,
        "latest_net_income": 12958,
        "latest_debt_ratio": 48.09,
        "latest_current_ratio": 153.6,
        "latest_account_receivable_turnover_ratio": 1.81,
        "latest_inventory_turnover_ratio": null,
        "latest_reinvestment_rate": 1.9,
        "latest_research_to_sale_ratio": null
    },
    "eps_dividends": {
        "2001": {
            "cash": 0,
            "stock": 0,
            "eps": 0
        },
        "2002": {
            "cash": 0,
            "stock": 0,
            "eps": 0
        },
        "2003": {
            "cash": 0,
            "stock": 0,
            "eps": 0
        },
        "2004": {
            "cash": 0,
            "stock": 0,
            "eps": 0
        },
        "2005": {
            "cash": 0,
            "stock": 0,
            "eps": 0
        },
        "2006": {
            "cash": 0,
            "stock": 0,
            "eps": 0
        },
        "2007": {
            "cash": 0,
            "stock": 0,
            "eps": 0
        },
        "2008": {
            "cash": 0,
            "stock": 0,
            "eps": 0
        },
        "2009": {
            "cash": 0,
            "stock": 0,
            "eps": 0
        },
        "2010": {
            "cash": 0,
            "stock": 0,
            "eps": 0
        },
        "2011": {
            "cash": 0,
            "stock": 0,
            "eps": 0
        },
        "2012": {
            "cash": 0,
            "stock": 0,
            "eps": 0
        },
        "2013": {
            "cash": 0,
            "stock": 0,
            "eps": 0
        },
        "2014": {
            "cash": 2,
            "stock": 0,
            "eps": 2.09
        },
        "2015": {
            "cash": 1,
            "stock": 0,
            "eps": 1.33
        },
        "2016": {
            "cash": 1,
            "stock": 0,
            "eps": 2.47
        },
        "2017": {
            "cash": 2,
            "stock": 0,
            "eps": 1.49
        },
        "2018": {
            "cash": 1,
            "stock": 0,
            "eps": 1.5
        },
        "2019": {
            "cash": 1,
            "stock": 0,
            "eps": 2.81
        },
        "2020": {
            "cash": 2,
            "stock": 0,
            "eps": 2.28
        },
        "2021": {
            "cash": 2,
            "stock": 0,
            "eps": 1.42
        },
        "2022": {
            "cash": 1,
            "stock": 0,
            "eps": 2.84
        },
        "2023": {
            "cash": 2,
            "stock": 0,
            "eps": 0.34
        }
    },
    "dividends": {
        "2014-08-29": {
            "cash": 1.5,
            "stock": 0
        },
        "2015-10-16": {
            "cash": 1.25,
            "stock": 0
        },
        "2016-10-05": {
            "cash": 1.3,
            "stock": 0
        },
        "2017-08-17": {
            "cash": 1.99,
            "stock": 0
        },
        "2018-08-17": {
            "cash": 1.3,
            "stock": 0
        },
        "2019-08-07": {
            "cash": 1.25,
            "stock": 0
        },
        "2020-09-08": {
            "cash": 1.5,
            "stock": 0.2
        },
        "2021-09-22": {
            "cash": 1.68,
            "stock": 0
        },
        "2022-08-05": {
            "cash": 1.15,
            "stock": 0
        },
        "2023-03-23": {
            "cash": 1.9,
            "stock": 0
        }
    },
    "prices": {
        "200101": "無",
        "200102": "無",
        "200103": "無",
        "200104": "無",
        "200105": "無",
        "200106": "無",
        "200107": "無",
        "200108": "無",
        "200109": "無",
        "200110": "無",
        "200111": "無",
        "200112": "無",
        "200201": "無",
        "200202": "無",
        "200203": "無",
        "200204": "無",
        "200205": "無",
        "200206": "無",
        "200207": "無",
        "200208": "無",
        "200209": "無",
        "200210": "無",
        "200211": "無",
        "200212": "無",
        "200301": "無",
        "200302": "無",
        "200303": "無",
        "200304": "無",
        "200305": "無",
        "200306": "無",
        "200307": "無",
        "200308": "無",
        "200309": "無",
        "200310": "無",
        "200311": "無",
        "200312": "無",
        "200401": "無",
        "200402": "無",
        "200403": "無",
        "200404": "無",
        "200405": "無",
        "200406": "無",
        "200407": "無",
        "200408": "無",
        "200409": "無",
        "200410": "無",
        "200411": "無",
        "200412": "無",
        "200501": "無",
        "200502": "無",
        "200503": "無",
        "200504": "無",
        "200505": "無",
        "200506": "無",
        "200507": "無",
        "200508": "無",
        "200509": "無",
        "200510": "無",
        "200511": "無",
        "200512": "無",
        "200601": "無",
        "200602": "無",
        "200603": "無",
        "200604": "無",
        "200605": "無",
        "200606": "無",
        "200607": "無",
        "200608": "無",
        "200609": "無",
        "200610": "無",
        "200611": "無",
        "200612": "無",
        "200701": "無",
        "200702": "無",
        "200703": "無",
        "200704": "無",
        "200705": "無",
        "200706": "無",
        "200707": "無",
        "200708": "無",
        "200709": "無",
        "200710": "無",
        "200711": "無",
        "200712": "無",
        "200801": "無",
        "200802": "無",
        "200803": "無",
        "200804": "無",
        "200805": "無",
        "200806": "無",
        "200807": "無",
        "200808": "無",
        "200809": "無",
        "200810": "無",
        "200811": "無",
        "200812": "無",
        "200901": "無",
        "200902": "無",
        "200903": "無",
        "200904": "無",
        "200905": "無",
        "200906": "無",
        "200907": "無",
        "200908": "無",
        "200909": "無",
        "200910": "無",
        "200911": "無",
        "200912": "無",
        "201001": "無",
        "201002": "無",
        "201003": "無",
        "201004": "無",
        "201005": "無",
        "201006": "無",
        "201007": "無",
        "201008": "無",
        "201009": "無",
        "201010": "無",
        "201011": "無",
        "201012": "無",
        "201101": "無",
        "201102": "無",
        "201103": "無",
        "201104": "無",
        "201105": "無",
        "201106": "無",
        "201107": "無",
        "201108": "無",
        "201109": "無",
        "201110": "無",
        "201111": "無",
        "201112": "無",
        "201201": "無",
        "201202": "無",
        "201203": "無",
        "201204": "無",
        "201205": "無",
        "201206": "無",
        "201207": "無",
        "201208": "無",
        "201209": "無",
        "201210": "無",
        "201211": "無",
        "201212": "無",
        "201301": "無",
        "201302": "無",
        "201303": "無",
        "201304": "無",
        "201305": "無",
        "201306": "無",
        "201307": "無",
        "201308": "無",
        "201309": "無",
        "201310": "無",
        "201311": "32.70",
        "201312": "34.86",
        "201401": "36.74",
        "201402": "36.29",
        "201403": "36.69",
        "201404": "35.32",
        "201405": "34.42",
        "201406": "32.06",
        "201407": "29.81",
        "201408": "30.06",
        "201409": "32.51",
        "201410": "29.28",
        "201411": "30.81",
        "201412": "32.06",
        "201501": "32.16",
        "201502": "34.31",
        "201503": "27.24",
        "201504": "26.30",
        "201505": "24.09",
        "201506": "20.37",
        "201507": "20.14",
        "201508": "19.48",
        "201509": "22.96",
        "201510": "23.06",
        "201511": "23.31",
        "201512": "20.68",
        "201601": "18.95",
        "201602": "19.52",
        "201603": "20.87",
        "201604": "21.43",
        "201605": "20.58",
        "201606": "21.26",
        "201607": "22.58",
        "201608": "24.22",
        "201609": "23.51",
        "201610": "22.87",
        "201611": "22.75",
        "201612": "23.11",
        "201701": "23.00",
        "201702": "22.99",
        "201703": "22.85",
        "201704": "22.81",
        "201705": "21.69",
        "201706": "21.43",
        "201707": "21.54",
        "201708": "18.98",
        "201709": "19.33",
        "201710": "18.77",
        "201711": "19.02",
        "201712": "18.83",
        "201801": "18.52",
        "201802": "17.95",
        "201803": "19.50",
        "201804": "19.30",
        "201805": "18.46",
        "201806": "18.80",
        "201807": "18.27",
        "201808": "17.50",
        "201809": "16.86",
        "201810": "16.38",
        "201811": "16.25",
        "201812": "16.75",
        "201901": "16.84",
        "201902": "16.60",
        "201903": "16.43",
        "201904": "17.56",
        "201905": "18.07",
        "201906": "18.30",
        "201907": "18.10",
        "201908": "20.48",
        "201909": "22.61",
        "201910": "24.39",
        "201911": "26.90",
        "201912": "27.32",
        "202001": "30.14",
        "202002": "29.77",
        "202003": "24.97",
        "202004": "24.63",
        "202005": "25.94",
        "202006": "26.28",
        "202007": "25.61",
        "202008": "22.12",
        "202009": "22.32",
        "202010": "22.36",
        "202011": "22.25",
        "202012": "22.75",
        "202101": "22.94",
        "202102": "22.86",
        "202103": "24.98",
        "202104": "26.30",
        "202105": "23.74",
        "202106": "23.83",
        "202107": "24.52",
        "202108": "24.04",
        "202109": "22.94",
        "202110": "22.67",
        "202111": "23.10",
        "202112": "23.00",
        "202201": "22.83",
        "202202": "22.88",
        "202203": "22.75",
        "202204": "22.85",
        "202205": "22.24",
        "202206": "21.77",
        "202207": "21.05",
        "202208": "21.89",
        "202209": "22.29",
        "202210": "21.51",
        "202211": "22.80",
        "202212": "23.59",
        "202301": "23.66",
        "202302": "25.46",
        "202303": "29.67",
        "202304": "32.14",
        "202305": "30.96"
    },
    "quarters": {
        "20011": {
            "year_quarter": 20011,
            "year": 2001,
            "quarter": 1,
            "eps": null,
            "eps_growth_year": null,
            "eps_4q": null,
            "eps_4q_growth_year": null,
            "roe": null,
            "roe_4q": 0,
            "gross_profit": null,
            "gross_margin": null,
            "gross_margin_4q_avg": 0,
            "net_income": null,
            "revenue": null,
            "common_shares": null,
            "book_valuer_per_share": null,
            "book_valuer_per_share_4q_avg": 0,
            "equity": null,
            "current_ratio": null,
            "debt_ratio": null,
            "inventory_turnover_ratio": null,
            "account_receivable_turnover_ratio": null,
            "reinvestment_rate": null,
            "research_to_sale_ratio": null,
            "price_fair": 0,
            "eps_avg_yearly": 0,
            "eps_latest_yearly": 0,
            "eps_growth_yearly": 0
        },
        "20012": {
            "year_quarter": 20012,
            "year": 2001,
            "quarter": 2,
            "eps": null,
            "eps_growth_year": null,
            "eps_4q": null,
            "eps_4q_growth_year": null,
            "roe": null,
            "roe_4q": 0,
            "gross_profit": null,
            "gross_margin": null,
            "gross_margin_4q_avg": 0,
            "net_income": null,
            "revenue": null,
            "common_shares": null,
            "book_valuer_per_share": null,
            "book_valuer_per_share_4q_avg": 0,
            "equity": null,
            "current_ratio": null,
            "debt_ratio": null,
            "inventory_turnover_ratio": null,
            "account_receivable_turnover_ratio": null,
            "reinvestment_rate": null,
            "research_to_sale_ratio": null,
            "price_fair": 0,
            "eps_avg_yearly": 0,
            "eps_latest_yearly": 0,
            "eps_growth_yearly": 0
        },
        "20013": {
            "year_quarter": 20013,
            "year": 2001,
            "quarter": 3,
            "eps": null,
            "eps_growth_year": null,
            "eps_4q": null,
            "eps_4q_growth_year": null,
            "roe": null,
            "roe_4q": 0,
            "gross_profit": null,
            "gross_margin": null,
            "gross_margin_4q_avg": 0,
            "net_income": null,
            "revenue": null,
            "common_shares": null,
            "book_valuer_per_share": null,
            "book_valuer_per_share_4q_avg": 0,
            "equity": null,
            "current_ratio": null,
            "debt_ratio": null,
            "inventory_turnover_ratio": null,
            "account_receivable_turnover_ratio": null,
            "reinvestment_rate": null,
            "research_to_sale_ratio": null,
            "price_fair": 0,
            "eps_avg_yearly": 0,
            "eps_latest_yearly": 0,
            "eps_growth_yearly": 0
        },
        "20014": {
            "year_quarter": 20014,
            "year": 2001,
            "quarter": 4,
            "eps": null,
            "eps_growth_year": null,
            "eps_4q": null,
            "eps_4q_growth_year": null,
            "roe": null,
            "roe_4q": 0,
            "gross_profit": null,
            "gross_margin": null,
            "gross_margin_4q_avg": 0,
            "net_income": null,
            "revenue": null,
            "common_shares": null,
            "book_valuer_per_share": null,
            "book_valuer_per_share_4q_avg": 0,
            "equity": null,
            "current_ratio": null,
            "debt_ratio": null,
            "inventory_turnover_ratio": null,
            "account_receivable_turnover_ratio": null,
            "reinvestment_rate": null,
            "research_to_sale_ratio": null,
            "price_fair": 0,
            "eps_avg_yearly": 0,
            "eps_latest_yearly": 0,
            "eps_growth_yearly": 0
        },
        "20021": {
            "year_quarter": 20021,
            "year": 2002,
            "quarter": 1,
            "eps": null,
            "eps_growth_year": null,
            "eps_4q": null,
            "eps_4q_growth_year": null,
            "roe": null,
            "roe_4q": 0,
            "gross_profit": null,
            "gross_margin": null,
            "gross_margin_4q_avg": 0,
            "net_income": null,
            "revenue": null,
            "common_shares": null,
            "book_valuer_per_share": null,
            "book_valuer_per_share_4q_avg": 0,
            "equity": null,
            "current_ratio": null,
            "debt_ratio": null,
            "inventory_turnover_ratio": null,
            "account_receivable_turnover_ratio": null,
            "reinvestment_rate": null,
            "research_to_sale_ratio": null,
            "price_fair": 0,
            "eps_avg_yearly": 0,
            "eps_latest_yearly": 0,
            "eps_growth_yearly": 0
        },
        "20022": {
            "year_quarter": 20022,
            "year": 2002,
            "quarter": 2,
            "eps": null,
            "eps_growth_year": null,
            "eps_4q": null,
            "eps_4q_growth_year": null,
            "roe": null,
            "roe_4q": 0,
            "gross_profit": null,
            "gross_margin": null,
            "gross_margin_4q_avg": 0,
            "net_income": null,
            "revenue": null,
            "common_shares": null,
            "book_valuer_per_share": null,
            "book_valuer_per_share_4q_avg": 0,
            "equity": null,
            "current_ratio": null,
            "debt_ratio": null,
            "inventory_turnover_ratio": null,
            "account_receivable_turnover_ratio": null,
            "reinvestment_rate": null,
            "research_to_sale_ratio": null,
            "price_fair": 0,
            "eps_avg_yearly": 0,
            "eps_latest_yearly": 0,
            "eps_growth_yearly": 0
        },
        "20023": {
            "year_quarter": 20023,
            "year": 2002,
            "quarter": 3,
            "eps": null,
            "eps_growth_year": null,
            "eps_4q": null,
            "eps_4q_growth_year": null,
            "roe": null,
            "roe_4q": 0,
            "gross_profit": null,
            "gross_margin": null,
            "gross_margin_4q_avg": 0,
            "net_income": null,
            "revenue": null,
            "common_shares": null,
            "book_valuer_per_share": null,
            "book_valuer_per_share_4q_avg": 0,
            "equity": null,
            "current_ratio": null,
            "debt_ratio": null,
            "inventory_turnover_ratio": null,
            "account_receivable_turnover_ratio": null,
            "reinvestment_rate": null,
            "research_to_sale_ratio": null,
            "price_fair": 0,
            "eps_avg_yearly": 0,
            "eps_latest_yearly": 0,
            "eps_growth_yearly": 0
        },
        "20024": {
            "year_quarter": 20024,
            "year": 2002,
            "quarter": 4,
            "eps": null,
            "eps_growth_year": null,
            "eps_4q": null,
            "eps_4q_growth_year": null,
            "roe": null,
            "roe_4q": 0,
            "gross_profit": null,
            "gross_margin": null,
            "gross_margin_4q_avg": 0,
            "net_income": null,
            "revenue": null,
            "common_shares": null,
            "book_valuer_per_share": null,
            "book_valuer_per_share_4q_avg": 0,
            "equity": null,
            "current_ratio": null,
            "debt_ratio": null,
            "inventory_turnover_ratio": null,
            "account_receivable_turnover_ratio": null,
            "reinvestment_rate": null,
            "research_to_sale_ratio": null,
            "price_fair": 0,
            "eps_avg_yearly": 0,
            "eps_latest_yearly": 0,
            "eps_growth_yearly": 0
        },
        "20031": {
            "year_quarter": 20031,
            "year": 2003,
            "quarter": 1,
            "eps": null,
            "eps_growth_year": null,
            "eps_4q": null,
            "eps_4q_growth_year": null,
            "roe": null,
            "roe_4q": 0,
            "gross_profit": null,
            "gross_margin": null,
            "gross_margin_4q_avg": 0,
            "net_income": null,
            "revenue": null,
            "common_shares": null,
            "book_valuer_per_share": null,
            "book_valuer_per_share_4q_avg": 0,
            "equity": null,
            "current_ratio": null,
            "debt_ratio": null,
            "inventory_turnover_ratio": null,
            "account_receivable_turnover_ratio": null,
            "reinvestment_rate": null,
            "research_to_sale_ratio": null,
            "price_fair": 0,
            "eps_avg_yearly": 0,
            "eps_latest_yearly": 0,
            "eps_growth_yearly": 0
        },
        "20032": {
            "year_quarter": 20032,
            "year": 2003,
            "quarter": 2,
            "eps": null,
            "eps_growth_year": null,
            "eps_4q": null,
            "eps_4q_growth_year": null,
            "roe": null,
            "roe_4q": 0,
            "gross_profit": null,
            "gross_margin": null,
            "gross_margin_4q_avg": 0,
            "net_income": null,
            "revenue": null,
            "common_shares": null,
            "book_valuer_per_share": null,
            "book_valuer_per_share_4q_avg": 0,
            "equity": null,
            "current_ratio": null,
            "debt_ratio": null,
            "inventory_turnover_ratio": null,
            "account_receivable_turnover_ratio": null,
            "reinvestment_rate": null,
            "research_to_sale_ratio": null,
            "price_fair": 0,
            "eps_avg_yearly": 0,
            "eps_latest_yearly": 0,
            "eps_growth_yearly": 0
        },
        "20033": {
            "year_quarter": 20033,
            "year": 2003,
            "quarter": 3,
            "eps": null,
            "eps_growth_year": null,
            "eps_4q": null,
            "eps_4q_growth_year": null,
            "roe": null,
            "roe_4q": 0,
            "gross_profit": null,
            "gross_margin": null,
            "gross_margin_4q_avg": 0,
            "net_income": null,
            "revenue": null,
            "common_shares": null,
            "book_valuer_per_share": null,
            "book_valuer_per_share_4q_avg": 0,
            "equity": null,
            "current_ratio": null,
            "debt_ratio": null,
            "inventory_turnover_ratio": null,
            "account_receivable_turnover_ratio": null,
            "reinvestment_rate": null,
            "research_to_sale_ratio": null,
            "price_fair": 0,
            "eps_avg_yearly": 0,
            "eps_latest_yearly": 0,
            "eps_growth_yearly": 0
        },
        "20034": {
            "year_quarter": 20034,
            "year": 2003,
            "quarter": 4,
            "eps": null,
            "eps_growth_year": null,
            "eps_4q": null,
            "eps_4q_growth_year": null,
            "roe": null,
            "roe_4q": 0,
            "gross_profit": null,
            "gross_margin": null,
            "gross_margin_4q_avg": 0,
            "net_income": null,
            "revenue": null,
            "common_shares": null,
            "book_valuer_per_share": null,
            "book_valuer_per_share_4q_avg": 0,
            "equity": null,
            "current_ratio": null,
            "debt_ratio": null,
            "inventory_turnover_ratio": null,
            "account_receivable_turnover_ratio": null,
            "reinvestment_rate": null,
            "research_to_sale_ratio": null,
            "price_fair": 0,
            "eps_avg_yearly": 0,
            "eps_latest_yearly": 0,
            "eps_growth_yearly": 0
        },
        "20041": {
            "year_quarter": 20041,
            "year": 2004,
            "quarter": 1,
            "eps": null,
            "eps_growth_year": null,
            "eps_4q": null,
            "eps_4q_growth_year": null,
            "roe": null,
            "roe_4q": 0,
            "gross_profit": null,
            "gross_margin": null,
            "gross_margin_4q_avg": 0,
            "net_income": null,
            "revenue": null,
            "common_shares": null,
            "book_valuer_per_share": null,
            "book_valuer_per_share_4q_avg": 0,
            "equity": null,
            "current_ratio": null,
            "debt_ratio": null,
            "inventory_turnover_ratio": null,
            "account_receivable_turnover_ratio": null,
            "reinvestment_rate": null,
            "research_to_sale_ratio": null,
            "price_fair": 0,
            "eps_avg_yearly": 0,
            "eps_latest_yearly": 0,
            "eps_growth_yearly": 0
        },
        "20042": {
            "year_quarter": 20042,
            "year": 2004,
            "quarter": 2,
            "eps": null,
            "eps_growth_year": null,
            "eps_4q": null,
            "eps_4q_growth_year": null,
            "roe": null,
            "roe_4q": 0,
            "gross_profit": null,
            "gross_margin": null,
            "gross_margin_4q_avg": 0,
            "net_income": null,
            "revenue": null,
            "common_shares": null,
            "book_valuer_per_share": null,
            "book_valuer_per_share_4q_avg": 0,
            "equity": null,
            "current_ratio": null,
            "debt_ratio": null,
            "inventory_turnover_ratio": null,
            "account_receivable_turnover_ratio": null,
            "reinvestment_rate": null,
            "research_to_sale_ratio": null,
            "price_fair": 0,
            "eps_avg_yearly": 0,
            "eps_latest_yearly": 0,
            "eps_growth_yearly": 0
        },
        "20043": {
            "year_quarter": 20043,
            "year": 2004,
            "quarter": 3,
            "eps": null,
            "eps_growth_year": null,
            "eps_4q": null,
            "eps_4q_growth_year": null,
            "roe": null,
            "roe_4q": 0,
            "gross_profit": null,
            "gross_margin": null,
            "gross_margin_4q_avg": 0,
            "net_income": null,
            "revenue": null,
            "common_shares": null,
            "book_valuer_per_share": null,
            "book_valuer_per_share_4q_avg": 0,
            "equity": null,
            "current_ratio": null,
            "debt_ratio": null,
            "inventory_turnover_ratio": null,
            "account_receivable_turnover_ratio": null,
            "reinvestment_rate": null,
            "research_to_sale_ratio": null,
            "price_fair": 0,
            "eps_avg_yearly": 0,
            "eps_latest_yearly": 0,
            "eps_growth_yearly": 0
        },
        "20044": {
            "year_quarter": 20044,
            "year": 2004,
            "quarter": 4,
            "eps": null,
            "eps_growth_year": null,
            "eps_4q": null,
            "eps_4q_growth_year": null,
            "roe": null,
            "roe_4q": 0,
            "gross_profit": null,
            "gross_margin": null,
            "gross_margin_4q_avg": 0,
            "net_income": null,
            "revenue": null,
            "common_shares": null,
            "book_valuer_per_share": null,
            "book_valuer_per_share_4q_avg": 0,
            "equity": null,
            "current_ratio": null,
            "debt_ratio": null,
            "inventory_turnover_ratio": null,
            "account_receivable_turnover_ratio": null,
            "reinvestment_rate": null,
            "research_to_sale_ratio": null,
            "price_fair": 0,
            "eps_avg_yearly": 0,
            "eps_latest_yearly": 0,
            "eps_growth_yearly": 0
        },
        "20051": {
            "year_quarter": 20051,
            "year": 2005,
            "quarter": 1,
            "eps": null,
            "eps_growth_year": null,
            "eps_4q": null,
            "eps_4q_growth_year": null,
            "roe": null,
            "roe_4q": 0,
            "gross_profit": null,
            "gross_margin": null,
            "gross_margin_4q_avg": 0,
            "net_income": null,
            "revenue": null,
            "common_shares": null,
            "book_valuer_per_share": null,
            "book_valuer_per_share_4q_avg": 0,
            "equity": null,
            "current_ratio": null,
            "debt_ratio": null,
            "inventory_turnover_ratio": null,
            "account_receivable_turnover_ratio": null,
            "reinvestment_rate": null,
            "research_to_sale_ratio": null,
            "price_fair": 0,
            "eps_avg_yearly": 0,
            "eps_latest_yearly": 0,
            "eps_growth_yearly": 0
        },
        "20052": {
            "year_quarter": 20052,
            "year": 2005,
            "quarter": 2,
            "eps": null,
            "eps_growth_year": null,
            "eps_4q": null,
            "eps_4q_growth_year": null,
            "roe": null,
            "roe_4q": 0,
            "gross_profit": null,
            "gross_margin": null,
            "gross_margin_4q_avg": 0,
            "net_income": null,
            "revenue": null,
            "common_shares": null,
            "book_valuer_per_share": null,
            "book_valuer_per_share_4q_avg": 0,
            "equity": null,
            "current_ratio": null,
            "debt_ratio": null,
            "inventory_turnover_ratio": null,
            "account_receivable_turnover_ratio": null,
            "reinvestment_rate": null,
            "research_to_sale_ratio": null,
            "price_fair": 0,
            "eps_avg_yearly": 0,
            "eps_latest_yearly": 0,
            "eps_growth_yearly": 0
        },
        "20053": {
            "year_quarter": 20053,
            "year": 2005,
            "quarter": 3,
            "eps": null,
            "eps_growth_year": null,
            "eps_4q": null,
            "eps_4q_growth_year": null,
            "roe": null,
            "roe_4q": 0,
            "gross_profit": null,
            "gross_margin": null,
            "gross_margin_4q_avg": 0,
            "net_income": null,
            "revenue": null,
            "common_shares": null,
            "book_valuer_per_share": null,
            "book_valuer_per_share_4q_avg": 0,
            "equity": null,
            "current_ratio": null,
            "debt_ratio": null,
            "inventory_turnover_ratio": null,
            "account_receivable_turnover_ratio": null,
            "reinvestment_rate": null,
            "research_to_sale_ratio": null,
            "price_fair": 0,
            "eps_avg_yearly": 0,
            "eps_latest_yearly": 0,
            "eps_growth_yearly": 0
        },
        "20054": {
            "year_quarter": 20054,
            "year": 2005,
            "quarter": 4,
            "eps": null,
            "eps_growth_year": null,
            "eps_4q": null,
            "eps_4q_growth_year": null,
            "roe": null,
            "roe_4q": 0,
            "gross_profit": null,
            "gross_margin": null,
            "gross_margin_4q_avg": 0,
            "net_income": null,
            "revenue": null,
            "common_shares": null,
            "book_valuer_per_share": null,
            "book_valuer_per_share_4q_avg": 0,
            "equity": null,
            "current_ratio": null,
            "debt_ratio": null,
            "inventory_turnover_ratio": null,
            "account_receivable_turnover_ratio": null,
            "reinvestment_rate": null,
            "research_to_sale_ratio": null,
            "price_fair": 0,
            "eps_avg_yearly": 0,
            "eps_latest_yearly": 0,
            "eps_growth_yearly": 0
        },
        "20061": {
            "year_quarter": 20061,
            "year": 2006,
            "quarter": 1,
            "eps": null,
            "eps_growth_year": null,
            "eps_4q": null,
            "eps_4q_growth_year": null,
            "roe": null,
            "roe_4q": 0,
            "gross_profit": null,
            "gross_margin": null,
            "gross_margin_4q_avg": 0,
            "net_income": null,
            "revenue": null,
            "common_shares": null,
            "book_valuer_per_share": null,
            "book_valuer_per_share_4q_avg": 0,
            "equity": null,
            "current_ratio": null,
            "debt_ratio": null,
            "inventory_turnover_ratio": null,
            "account_receivable_turnover_ratio": null,
            "reinvestment_rate": null,
            "research_to_sale_ratio": null,
            "price_fair": 0,
            "eps_avg_yearly": 0,
            "eps_latest_yearly": 0,
            "eps_growth_yearly": 0
        },
        "20062": {
            "year_quarter": 20062,
            "year": 2006,
            "quarter": 2,
            "eps": null,
            "eps_growth_year": null,
            "eps_4q": null,
            "eps_4q_growth_year": null,
            "roe": null,
            "roe_4q": 0,
            "gross_profit": null,
            "gross_margin": null,
            "gross_margin_4q_avg": 0,
            "net_income": null,
            "revenue": null,
            "common_shares": null,
            "book_valuer_per_share": null,
            "book_valuer_per_share_4q_avg": 0,
            "equity": null,
            "current_ratio": null,
            "debt_ratio": null,
            "inventory_turnover_ratio": null,
            "account_receivable_turnover_ratio": null,
            "reinvestment_rate": null,
            "research_to_sale_ratio": null,
            "price_fair": 0,
            "eps_avg_yearly": 0,
            "eps_latest_yearly": 0,
            "eps_growth_yearly": 0
        },
        "20063": {
            "year_quarter": 20063,
            "year": 2006,
            "quarter": 3,
            "eps": null,
            "eps_growth_year": null,
            "eps_4q": null,
            "eps_4q_growth_year": null,
            "roe": null,
            "roe_4q": 0,
            "gross_profit": null,
            "gross_margin": null,
            "gross_margin_4q_avg": 0,
            "net_income": null,
            "revenue": null,
            "common_shares": null,
            "book_valuer_per_share": null,
            "book_valuer_per_share_4q_avg": 0,
            "equity": null,
            "current_ratio": null,
            "debt_ratio": null,
            "inventory_turnover_ratio": null,
            "account_receivable_turnover_ratio": null,
            "reinvestment_rate": null,
            "research_to_sale_ratio": null,
            "price_fair": 0,
            "eps_avg_yearly": 0,
            "eps_latest_yearly": 0,
            "eps_growth_yearly": 0
        },
        "20064": {
            "year_quarter": 20064,
            "year": 2006,
            "quarter": 4,
            "eps": null,
            "eps_growth_year": null,
            "eps_4q": null,
            "eps_4q_growth_year": null,
            "roe": null,
            "roe_4q": 0,
            "gross_profit": null,
            "gross_margin": null,
            "gross_margin_4q_avg": 0,
            "net_income": null,
            "revenue": null,
            "common_shares": null,
            "book_valuer_per_share": null,
            "book_valuer_per_share_4q_avg": 0,
            "equity": null,
            "current_ratio": null,
            "debt_ratio": null,
            "inventory_turnover_ratio": null,
            "account_receivable_turnover_ratio": null,
            "reinvestment_rate": null,
            "research_to_sale_ratio": null,
            "price_fair": 0,
            "eps_avg_yearly": 0,
            "eps_latest_yearly": 0,
            "eps_growth_yearly": 0
        },
        "20071": {
            "year_quarter": 20071,
            "year": 2007,
            "quarter": 1,
            "eps": null,
            "eps_growth_year": null,
            "eps_4q": null,
            "eps_4q_growth_year": null,
            "roe": null,
            "roe_4q": 0,
            "gross_profit": null,
            "gross_margin": null,
            "gross_margin_4q_avg": 0,
            "net_income": null,
            "revenue": null,
            "common_shares": null,
            "book_valuer_per_share": null,
            "book_valuer_per_share_4q_avg": 0,
            "equity": null,
            "current_ratio": null,
            "debt_ratio": null,
            "inventory_turnover_ratio": null,
            "account_receivable_turnover_ratio": null,
            "reinvestment_rate": null,
            "research_to_sale_ratio": null,
            "price_fair": 0,
            "eps_avg_yearly": 0,
            "eps_latest_yearly": 0,
            "eps_growth_yearly": 0
        },
        "20072": {
            "year_quarter": 20072,
            "year": 2007,
            "quarter": 2,
            "eps": null,
            "eps_growth_year": null,
            "eps_4q": null,
            "eps_4q_growth_year": null,
            "roe": null,
            "roe_4q": 0,
            "gross_profit": null,
            "gross_margin": null,
            "gross_margin_4q_avg": 0,
            "net_income": null,
            "revenue": null,
            "common_shares": null,
            "book_valuer_per_share": null,
            "book_valuer_per_share_4q_avg": 0,
            "equity": null,
            "current_ratio": null,
            "debt_ratio": null,
            "inventory_turnover_ratio": null,
            "account_receivable_turnover_ratio": null,
            "reinvestment_rate": null,
            "research_to_sale_ratio": null,
            "price_fair": 0,
            "eps_avg_yearly": 0,
            "eps_latest_yearly": 0,
            "eps_growth_yearly": 0
        },
        "20073": {
            "year_quarter": 20073,
            "year": 2007,
            "quarter": 3,
            "eps": null,
            "eps_growth_year": null,
            "eps_4q": null,
            "eps_4q_growth_year": null,
            "roe": null,
            "roe_4q": 0,
            "gross_profit": null,
            "gross_margin": null,
            "gross_margin_4q_avg": 0,
            "net_income": null,
            "revenue": null,
            "common_shares": null,
            "book_valuer_per_share": null,
            "book_valuer_per_share_4q_avg": 0,
            "equity": null,
            "current_ratio": null,
            "debt_ratio": null,
            "inventory_turnover_ratio": null,
            "account_receivable_turnover_ratio": null,
            "reinvestment_rate": null,
            "research_to_sale_ratio": null,
            "price_fair": 0,
            "eps_avg_yearly": 0,
            "eps_latest_yearly": 0,
            "eps_growth_yearly": 0
        },
        "20074": {
            "year_quarter": 20074,
            "year": 2007,
            "quarter": 4,
            "eps": null,
            "eps_growth_year": null,
            "eps_4q": null,
            "eps_4q_growth_year": null,
            "roe": null,
            "roe_4q": 0,
            "gross_profit": null,
            "gross_margin": null,
            "gross_margin_4q_avg": 0,
            "net_income": null,
            "revenue": null,
            "common_shares": null,
            "book_valuer_per_share": null,
            "book_valuer_per_share_4q_avg": 0,
            "equity": null,
            "current_ratio": null,
            "debt_ratio": null,
            "inventory_turnover_ratio": null,
            "account_receivable_turnover_ratio": null,
            "reinvestment_rate": null,
            "research_to_sale_ratio": null,
            "price_fair": 0,
            "eps_avg_yearly": 0,
            "eps_latest_yearly": 0,
            "eps_growth_yearly": 0
        },
        "20081": {
            "year_quarter": 20081,
            "year": 2008,
            "quarter": 1,
            "eps": null,
            "eps_growth_year": null,
            "eps_4q": null,
            "eps_4q_growth_year": null,
            "roe": null,
            "roe_4q": 0,
            "gross_profit": null,
            "gross_margin": null,
            "gross_margin_4q_avg": 0,
            "net_income": null,
            "revenue": null,
            "common_shares": null,
            "book_valuer_per_share": null,
            "book_valuer_per_share_4q_avg": 0,
            "equity": null,
            "current_ratio": null,
            "debt_ratio": null,
            "inventory_turnover_ratio": null,
            "account_receivable_turnover_ratio": null,
            "reinvestment_rate": null,
            "research_to_sale_ratio": null,
            "price_fair": 0,
            "eps_avg_yearly": 0,
            "eps_latest_yearly": 0,
            "eps_growth_yearly": 0
        },
        "20082": {
            "year_quarter": 20082,
            "year": 2008,
            "quarter": 2,
            "eps": null,
            "eps_growth_year": null,
            "eps_4q": null,
            "eps_4q_growth_year": null,
            "roe": null,
            "roe_4q": 0,
            "gross_profit": null,
            "gross_margin": null,
            "gross_margin_4q_avg": 0,
            "net_income": null,
            "revenue": null,
            "common_shares": null,
            "book_valuer_per_share": null,
            "book_valuer_per_share_4q_avg": 0,
            "equity": null,
            "current_ratio": null,
            "debt_ratio": null,
            "inventory_turnover_ratio": null,
            "account_receivable_turnover_ratio": null,
            "reinvestment_rate": null,
            "research_to_sale_ratio": null,
            "price_fair": 0,
            "eps_avg_yearly": 0,
            "eps_latest_yearly": 0,
            "eps_growth_yearly": 0
        },
        "20083": {
            "year_quarter": 20083,
            "year": 2008,
            "quarter": 3,
            "eps": null,
            "eps_growth_year": null,
            "eps_4q": null,
            "eps_4q_growth_year": null,
            "roe": null,
            "roe_4q": 0,
            "gross_profit": null,
            "gross_margin": null,
            "gross_margin_4q_avg": 0,
            "net_income": null,
            "revenue": null,
            "common_shares": null,
            "book_valuer_per_share": null,
            "book_valuer_per_share_4q_avg": 0,
            "equity": null,
            "current_ratio": null,
            "debt_ratio": null,
            "inventory_turnover_ratio": null,
            "account_receivable_turnover_ratio": null,
            "reinvestment_rate": null,
            "research_to_sale_ratio": null,
            "price_fair": 0,
            "eps_avg_yearly": 0,
            "eps_latest_yearly": 0,
            "eps_growth_yearly": 0
        },
        "20084": {
            "year_quarter": 20084,
            "year": 2008,
            "quarter": 4,
            "eps": null,
            "eps_growth_year": null,
            "eps_4q": null,
            "eps_4q_growth_year": null,
            "roe": null,
            "roe_4q": 0,
            "gross_profit": null,
            "gross_margin": null,
            "gross_margin_4q_avg": 0,
            "net_income": null,
            "revenue": null,
            "common_shares": null,
            "book_valuer_per_share": null,
            "book_valuer_per_share_4q_avg": 0,
            "equity": null,
            "current_ratio": null,
            "debt_ratio": null,
            "inventory_turnover_ratio": null,
            "account_receivable_turnover_ratio": null,
            "reinvestment_rate": null,
            "research_to_sale_ratio": null,
            "price_fair": 0,
            "eps_avg_yearly": 0,
            "eps_latest_yearly": 0,
            "eps_growth_yearly": 0
        },
        "20091": {
            "year_quarter": 20091,
            "year": 2009,
            "quarter": 1,
            "eps": null,
            "eps_growth_year": null,
            "eps_4q": null,
            "eps_4q_growth_year": null,
            "roe": null,
            "roe_4q": 0,
            "gross_profit": null,
            "gross_margin": null,
            "gross_margin_4q_avg": 0,
            "net_income": null,
            "revenue": null,
            "common_shares": null,
            "book_valuer_per_share": null,
            "book_valuer_per_share_4q_avg": 0,
            "equity": null,
            "current_ratio": null,
            "debt_ratio": null,
            "inventory_turnover_ratio": null,
            "account_receivable_turnover_ratio": null,
            "reinvestment_rate": null,
            "research_to_sale_ratio": null,
            "price_fair": 0,
            "eps_avg_yearly": 0,
            "eps_latest_yearly": 0,
            "eps_growth_yearly": 0
        },
        "20092": {
            "year_quarter": 20092,
            "year": 2009,
            "quarter": 2,
            "eps": null,
            "eps_growth_year": null,
            "eps_4q": null,
            "eps_4q_growth_year": null,
            "roe": null,
            "roe_4q": 0,
            "gross_profit": null,
            "gross_margin": null,
            "gross_margin_4q_avg": 0,
            "net_income": null,
            "revenue": null,
            "common_shares": null,
            "book_valuer_per_share": null,
            "book_valuer_per_share_4q_avg": 0,
            "equity": null,
            "current_ratio": null,
            "debt_ratio": null,
            "inventory_turnover_ratio": null,
            "account_receivable_turnover_ratio": null,
            "reinvestment_rate": null,
            "research_to_sale_ratio": null,
            "price_fair": 0,
            "eps_avg_yearly": 0,
            "eps_latest_yearly": 0,
            "eps_growth_yearly": 0
        },
        "20093": {
            "year_quarter": 20093,
            "year": 2009,
            "quarter": 3,
            "eps": null,
            "eps_growth_year": null,
            "eps_4q": null,
            "eps_4q_growth_year": null,
            "roe": null,
            "roe_4q": 0,
            "gross_profit": null,
            "gross_margin": null,
            "gross_margin_4q_avg": 0,
            "net_income": null,
            "revenue": null,
            "common_shares": null,
            "book_valuer_per_share": null,
            "book_valuer_per_share_4q_avg": 0,
            "equity": null,
            "current_ratio": null,
            "debt_ratio": null,
            "inventory_turnover_ratio": null,
            "account_receivable_turnover_ratio": null,
            "reinvestment_rate": null,
            "research_to_sale_ratio": null,
            "price_fair": 0,
            "eps_avg_yearly": 0,
            "eps_latest_yearly": 0,
            "eps_growth_yearly": 0
        },
        "20094": {
            "year_quarter": 20094,
            "year": 2009,
            "quarter": 4,
            "eps": null,
            "eps_growth_year": null,
            "eps_4q": null,
            "eps_4q_growth_year": null,
            "roe": null,
            "roe_4q": 0,
            "gross_profit": null,
            "gross_margin": null,
            "gross_margin_4q_avg": 0,
            "net_income": null,
            "revenue": null,
            "common_shares": null,
            "book_valuer_per_share": null,
            "book_valuer_per_share_4q_avg": 0,
            "equity": null,
            "current_ratio": null,
            "debt_ratio": null,
            "inventory_turnover_ratio": null,
            "account_receivable_turnover_ratio": null,
            "reinvestment_rate": null,
            "research_to_sale_ratio": null,
            "price_fair": 0,
            "eps_avg_yearly": 0,
            "eps_latest_yearly": 0,
            "eps_growth_yearly": 0
        },
        "20101": {
            "year_quarter": 20101,
            "year": 2010,
            "quarter": 1,
            "eps": null,
            "eps_growth_year": null,
            "eps_4q": null,
            "eps_4q_growth_year": null,
            "roe": null,
            "roe_4q": 0,
            "gross_profit": null,
            "gross_margin": null,
            "gross_margin_4q_avg": 0,
            "net_income": null,
            "revenue": null,
            "common_shares": null,
            "book_valuer_per_share": null,
            "book_valuer_per_share_4q_avg": 0,
            "equity": null,
            "current_ratio": null,
            "debt_ratio": null,
            "inventory_turnover_ratio": null,
            "account_receivable_turnover_ratio": null,
            "reinvestment_rate": null,
            "research_to_sale_ratio": null,
            "price_fair": 0,
            "eps_avg_yearly": 0,
            "eps_latest_yearly": 0,
            "eps_growth_yearly": 0
        },
        "20102": {
            "year_quarter": 20102,
            "year": 2010,
            "quarter": 2,
            "eps": null,
            "eps_growth_year": null,
            "eps_4q": null,
            "eps_4q_growth_year": null,
            "roe": null,
            "roe_4q": 0,
            "gross_profit": null,
            "gross_margin": null,
            "gross_margin_4q_avg": 0,
            "net_income": null,
            "revenue": null,
            "common_shares": null,
            "book_valuer_per_share": null,
            "book_valuer_per_share_4q_avg": 0,
            "equity": null,
            "current_ratio": null,
            "debt_ratio": null,
            "inventory_turnover_ratio": null,
            "account_receivable_turnover_ratio": null,
            "reinvestment_rate": null,
            "research_to_sale_ratio": null,
            "price_fair": 0,
            "eps_avg_yearly": 0,
            "eps_latest_yearly": 0,
            "eps_growth_yearly": 0
        },
        "20103": {
            "year_quarter": 20103,
            "year": 2010,
            "quarter": 3,
            "eps": null,
            "eps_growth_year": null,
            "eps_4q": null,
            "eps_4q_growth_year": null,
            "roe": null,
            "roe_4q": 0,
            "gross_profit": null,
            "gross_margin": null,
            "gross_margin_4q_avg": 0,
            "net_income": null,
            "revenue": null,
            "common_shares": null,
            "book_valuer_per_share": null,
            "book_valuer_per_share_4q_avg": 0,
            "equity": null,
            "current_ratio": null,
            "debt_ratio": null,
            "inventory_turnover_ratio": null,
            "account_receivable_turnover_ratio": null,
            "reinvestment_rate": null,
            "research_to_sale_ratio": null,
            "price_fair": 0,
            "eps_avg_yearly": 0,
            "eps_latest_yearly": 0,
            "eps_growth_yearly": 0
        },
        "20104": {
            "year_quarter": 20104,
            "year": 2010,
            "quarter": 4,
            "eps": null,
            "eps_growth_year": null,
            "eps_4q": null,
            "eps_4q_growth_year": null,
            "roe": null,
            "roe_4q": 0,
            "gross_profit": null,
            "gross_margin": null,
            "gross_margin_4q_avg": 0,
            "net_income": null,
            "revenue": null,
            "common_shares": null,
            "book_valuer_per_share": null,
            "book_valuer_per_share_4q_avg": 0,
            "equity": null,
            "current_ratio": null,
            "debt_ratio": null,
            "inventory_turnover_ratio": null,
            "account_receivable_turnover_ratio": null,
            "reinvestment_rate": null,
            "research_to_sale_ratio": null,
            "price_fair": 0,
            "eps_avg_yearly": 0,
            "eps_latest_yearly": 0,
            "eps_growth_yearly": 0
        },
        "20111": {
            "year_quarter": 20111,
            "year": 2011,
            "quarter": 1,
            "eps": null,
            "eps_growth_year": null,
            "eps_4q": null,
            "eps_4q_growth_year": null,
            "roe": null,
            "roe_4q": 0,
            "gross_profit": null,
            "gross_margin": null,
            "gross_margin_4q_avg": 0,
            "net_income": null,
            "revenue": null,
            "common_shares": null,
            "book_valuer_per_share": null,
            "book_valuer_per_share_4q_avg": 0,
            "equity": null,
            "current_ratio": null,
            "debt_ratio": null,
            "inventory_turnover_ratio": null,
            "account_receivable_turnover_ratio": null,
            "reinvestment_rate": null,
            "research_to_sale_ratio": null,
            "price_fair": 0,
            "eps_avg_yearly": 0,
            "eps_latest_yearly": 0,
            "eps_growth_yearly": 0
        },
        "20112": {
            "year_quarter": 20112,
            "year": 2011,
            "quarter": 2,
            "eps": null,
            "eps_growth_year": null,
            "eps_4q": null,
            "eps_4q_growth_year": null,
            "roe": null,
            "roe_4q": 0,
            "gross_profit": null,
            "gross_margin": null,
            "gross_margin_4q_avg": 0,
            "net_income": null,
            "revenue": null,
            "common_shares": null,
            "book_valuer_per_share": null,
            "book_valuer_per_share_4q_avg": 0,
            "equity": null,
            "current_ratio": null,
            "debt_ratio": null,
            "inventory_turnover_ratio": null,
            "account_receivable_turnover_ratio": null,
            "reinvestment_rate": null,
            "research_to_sale_ratio": null,
            "price_fair": 0,
            "eps_avg_yearly": 0,
            "eps_latest_yearly": 0,
            "eps_growth_yearly": 0
        },
        "20113": {
            "year_quarter": 20113,
            "year": 2011,
            "quarter": 3,
            "eps": null,
            "eps_growth_year": null,
            "eps_4q": null,
            "eps_4q_growth_year": null,
            "roe": null,
            "roe_4q": 0,
            "gross_profit": null,
            "gross_margin": null,
            "gross_margin_4q_avg": 0,
            "net_income": null,
            "revenue": null,
            "common_shares": null,
            "book_valuer_per_share": null,
            "book_valuer_per_share_4q_avg": 0,
            "equity": null,
            "current_ratio": null,
            "debt_ratio": null,
            "inventory_turnover_ratio": null,
            "account_receivable_turnover_ratio": null,
            "reinvestment_rate": null,
            "research_to_sale_ratio": null,
            "price_fair": 0,
            "eps_avg_yearly": 0,
            "eps_latest_yearly": 0,
            "eps_growth_yearly": 0
        },
        "20114": {
            "year_quarter": 20114,
            "year": 2011,
            "quarter": 4,
            "eps": null,
            "eps_growth_year": null,
            "eps_4q": null,
            "eps_4q_growth_year": null,
            "roe": null,
            "roe_4q": 0,
            "gross_profit": null,
            "gross_margin": null,
            "gross_margin_4q_avg": 0,
            "net_income": null,
            "revenue": null,
            "common_shares": 202305,
            "book_valuer_per_share": 17.79,
            "book_valuer_per_share_4q_avg": 4.45,
            "equity": 359821,
            "current_ratio": 146.72,
            "debt_ratio": 55.63,
            "inventory_turnover_ratio": null,
            "account_receivable_turnover_ratio": null,
            "reinvestment_rate": null,
            "research_to_sale_ratio": null,
            "price_fair": 0,
            "eps_avg_yearly": 0,
            "eps_latest_yearly": 0,
            "eps_growth_yearly": 0
        },
        "20121": {
            "year_quarter": 20121,
            "year": 2012,
            "quarter": 1,
            "eps": null,
            "eps_growth_year": null,
            "eps_4q": null,
            "eps_4q_growth_year": null,
            "roe": null,
            "roe_4q": 0,
            "gross_profit": null,
            "gross_margin": null,
            "gross_margin_4q_avg": 0,
            "net_income": null,
            "revenue": null,
            "common_shares": null,
            "book_valuer_per_share": null,
            "book_valuer_per_share_4q_avg": 4.45,
            "equity": null,
            "current_ratio": null,
            "debt_ratio": null,
            "inventory_turnover_ratio": null,
            "account_receivable_turnover_ratio": null,
            "reinvestment_rate": null,
            "research_to_sale_ratio": null,
            "price_fair": 0,
            "eps_avg_yearly": 0,
            "eps_latest_yearly": 0,
            "eps_growth_yearly": 0
        },
        "20122": {
            "year_quarter": 20122,
            "year": 2012,
            "quarter": 2,
            "eps": null,
            "eps_growth_year": null,
            "eps_4q": null,
            "eps_4q_growth_year": null,
            "roe": null,
            "roe_4q": 0,
            "gross_profit": null,
            "gross_margin": null,
            "gross_margin_4q_avg": 0,
            "net_income": null,
            "revenue": null,
            "common_shares": null,
            "book_valuer_per_share": null,
            "book_valuer_per_share_4q_avg": 4.45,
            "equity": null,
            "current_ratio": null,
            "debt_ratio": null,
            "inventory_turnover_ratio": null,
            "account_receivable_turnover_ratio": null,
            "reinvestment_rate": null,
            "research_to_sale_ratio": null,
            "price_fair": 0,
            "eps_avg_yearly": 0,
            "eps_latest_yearly": 0,
            "eps_growth_yearly": 0
        },
        "20123": {
            "year_quarter": 20123,
            "year": 2012,
            "quarter": 3,
            "eps": null,
            "eps_growth_year": null,
            "eps_4q": null,
            "eps_4q_growth_year": null,
            "roe": null,
            "roe_4q": 0,
            "gross_profit": null,
            "gross_margin": null,
            "gross_margin_4q_avg": 0,
            "net_income": null,
            "revenue": null,
            "common_shares": null,
            "book_valuer_per_share": null,
            "book_valuer_per_share_4q_avg": 4.45,
            "equity": null,
            "current_ratio": null,
            "debt_ratio": null,
            "inventory_turnover_ratio": null,
            "account_receivable_turnover_ratio": null,
            "reinvestment_rate": null,
            "research_to_sale_ratio": null,
            "price_fair": 0,
            "eps_avg_yearly": 0,
            "eps_latest_yearly": 0,
            "eps_growth_yearly": 0
        },
        "20124": {
            "year_quarter": 20124,
            "year": 2012,
            "quarter": 4,
            "eps": null,
            "eps_growth_year": null,
            "eps_4q": null,
            "eps_4q_growth_year": null,
            "roe": null,
            "roe_4q": 0,
            "gross_profit": null,
            "gross_margin": null,
            "gross_margin_4q_avg": 0,
            "net_income": null,
            "revenue": null,
            "common_shares": 242766,
            "book_valuer_per_share": 17.9,
            "book_valuer_per_share_4q_avg": 4.48,
            "equity": 516283,
            "current_ratio": 188.11,
            "debt_ratio": 44.24,
            "inventory_turnover_ratio": null,
            "account_receivable_turnover_ratio": null,
            "reinvestment_rate": null,
            "research_to_sale_ratio": null,
            "price_fair": 0,
            "eps_avg_yearly": 0,
            "eps_latest_yearly": 0,
            "eps_growth_yearly": 0
        },
        "20131": {
            "year_quarter": 20131,
            "year": 2013,
            "quarter": 1,
            "eps": null,
            "eps_growth_year": null,
            "eps_4q": null,
            "eps_4q_growth_year": null,
            "roe": null,
            "roe_4q": 0,
            "gross_profit": null,
            "gross_margin": null,
            "gross_margin_4q_avg": 0,
            "net_income": null,
            "revenue": null,
            "common_shares": null,
            "book_valuer_per_share": null,
            "book_valuer_per_share_4q_avg": 4.48,
            "equity": null,
            "current_ratio": null,
            "debt_ratio": null,
            "inventory_turnover_ratio": null,
            "account_receivable_turnover_ratio": null,
            "reinvestment_rate": null,
            "research_to_sale_ratio": null,
            "price_fair": 0,
            "eps_avg_yearly": 0,
            "eps_latest_yearly": 0,
            "eps_growth_yearly": 0
        },
        "20132": {
            "year_quarter": 20132,
            "year": 2013,
            "quarter": 2,
            "eps": null,
            "eps_growth_year": null,
            "eps_4q": null,
            "eps_4q_growth_year": null,
            "roe": null,
            "roe_4q": 0,
            "gross_profit": null,
            "gross_margin": null,
            "gross_margin_4q_avg": 0,
            "net_income": null,
            "revenue": null,
            "common_shares": 242766,
            "book_valuer_per_share": null,
            "book_valuer_per_share_4q_avg": 4.48,
            "equity": 422243,
            "current_ratio": null,
            "debt_ratio": null,
            "inventory_turnover_ratio": null,
            "account_receivable_turnover_ratio": null,
            "reinvestment_rate": null,
            "research_to_sale_ratio": null,
            "price_fair": 0,
            "eps_avg_yearly": 0,
            "eps_latest_yearly": 0,
            "eps_growth_yearly": 0
        },
        "20133": {
            "year_quarter": 20133,
            "year": 2013,
            "quarter": 3,
            "eps": null,
            "eps_growth_year": null,
            "eps_4q": null,
            "eps_4q_growth_year": null,
            "roe": null,
            "roe_4q": 0,
            "gross_profit": 72277,
            "gross_margin": null,
            "gross_margin_4q_avg": 0,
            "net_income": 49051,
            "revenue": 328229,
            "common_shares": 299943,
            "book_valuer_per_share": null,
            "book_valuer_per_share_4q_avg": 4.48,
            "equity": 527089,
            "current_ratio": null,
            "debt_ratio": null,
            "inventory_turnover_ratio": null,
            "account_receivable_turnover_ratio": null,
            "reinvestment_rate": null,
            "research_to_sale_ratio": null,
            "price_fair": 0,
            "eps_avg_yearly": 0,
            "eps_latest_yearly": 0,
            "eps_growth_yearly": 0
        },
        "20134": {
            "year_quarter": 20134,
            "year": 2013,
            "quarter": 4,
            "eps": null,
            "eps_growth_year": null,
            "eps_4q": null,
            "eps_4q_growth_year": null,
            "roe": null,
            "roe_4q": 0,
            "gross_profit": 47247,
            "gross_margin": null,
            "gross_margin_4q_avg": 0,
            "net_income": 23283,
            "revenue": 295744,
            "common_shares": 299943,
            "book_valuer_per_share": 18.36,
            "book_valuer_per_share_4q_avg": 4.59,
            "equity": 550679,
            "current_ratio": 208.22,
            "debt_ratio": 37.88,
            "inventory_turnover_ratio": null,
            "account_receivable_turnover_ratio": null,
            "reinvestment_rate": null,
            "research_to_sale_ratio": null,
            "price_fair": 0,
            "eps_avg_yearly": 0,
            "eps_latest_yearly": 0,
            "eps_growth_yearly": 0
        },
        "20141": {
            "year_quarter": 20141,
            "year": 2014,
            "quarter": 1,
            "eps": null,
            "eps_growth_year": null,
            "eps_4q": null,
            "eps_4q_growth_year": null,
            "roe": null,
            "roe_4q": 0,
            "gross_profit": 18003,
            "gross_margin": null,
            "gross_margin_4q_avg": 0,
            "net_income": 4599,
            "revenue": 238457,
            "common_shares": 299943,
            "book_valuer_per_share": 18.55,
            "book_valuer_per_share_4q_avg": 9.23,
            "equity": 556299,
            "current_ratio": 210.97,
            "debt_ratio": 37.57,
            "inventory_turnover_ratio": null,
            "account_receivable_turnover_ratio": null,
            "reinvestment_rate": null,
            "research_to_sale_ratio": null,
            "price_fair": 0,
            "eps_avg_yearly": 0,
            "eps_latest_yearly": 0,
            "eps_growth_yearly": 0
        },
        "20142": {
            "year_quarter": 20142,
            "year": 2014,
            "quarter": 2,
            "eps": 0.55,
            "eps_growth_year": null,
            "eps_4q": 0.55,
            "eps_4q_growth_year": null,
            "roe": 3.05,
            "roe_4q": 3.05,
            "gross_profit": 28109,
            "gross_margin": 11.25,
            "gross_margin_4q_avg": 2.81,
            "net_income": 16545,
            "revenue": 249881,
            "common_shares": 299943,
            "book_valuer_per_share": 17.63,
            "book_valuer_per_share_4q_avg": 13.64,
            "equity": 528677,
            "current_ratio": 175.06,
            "debt_ratio": 44.86,
            "inventory_turnover_ratio": 1.3,
            "account_receivable_turnover_ratio": 1.48,
            "reinvestment_rate": null,
            "research_to_sale_ratio": null,
            "price_fair": 0,
            "eps_avg_yearly": 0,
            "eps_latest_yearly": 0,
            "eps_growth_yearly": 0
        },
        "20143": {
            "year_quarter": 20143,
            "year": 2014,
            "quarter": 3,
            "eps": 0.57,
            "eps_growth_year": null,
            "eps_4q": 1.12,
            "eps_4q_growth_year": null,
            "roe": 3.15,
            "roe_4q": 6.199999999999999,
            "gross_profit": 29101,
            "gross_margin": 10.53,
            "gross_margin_4q_avg": 5.45,
            "net_income": 16947,
            "revenue": 276309,
            "common_shares": 299943,
            "book_valuer_per_share": 18.21,
            "book_valuer_per_share_4q_avg": 18.19,
            "equity": 546116,
            "current_ratio": 183.49,
            "debt_ratio": 42.69,
            "inventory_turnover_ratio": 1.28,
            "account_receivable_turnover_ratio": 0.92,
            "reinvestment_rate": null,
            "research_to_sale_ratio": null,
            "price_fair": 55.96,
            "eps_avg_yearly": 2.28,
            "eps_latest_yearly": 2.28,
            "eps_growth_yearly": 14.55
        },
        "20144": {
            "year_quarter": 20144,
            "year": 2014,
            "quarter": 4,
            "eps": 0.97,
            "eps_growth_year": null,
            "eps_4q": 2.09,
            "eps_4q_growth_year": null,
            "roe": 5.18,
            "roe_4q": 11.379999999999999,
            "gross_profit": 25768,
            "gross_margin": 7.17,
            "gross_margin_4q_avg": 7.24,
            "net_income": 29050,
            "revenue": 359507,
            "common_shares": 299943,
            "book_valuer_per_share": 19.18,
            "book_valuer_per_share_4q_avg": 18.39,
            "equity": 575410,
            "current_ratio": 161.9,
            "debt_ratio": 49.51,
            "inventory_turnover_ratio": 1.1,
            "account_receivable_turnover_ratio": 1.26,
            "reinvestment_rate": null,
            "research_to_sale_ratio": null,
            "price_fair": 107.8,
            "eps_avg_yearly": 3.08,
            "eps_latest_yearly": 3.88,
            "eps_growth_yearly": 147.62
        },
        "20151": {
            "year_quarter": 20151,
            "year": 2015,
            "quarter": 1,
            "eps": 0.31,
            "eps_growth_year": null,
            "eps_4q": 2.18,
            "eps_4q_growth_year": null,
            "roe": 1.49,
            "roe_4q": 12.870000000000001,
            "gross_profit": 26714,
            "gross_margin": 10.81,
            "gross_margin_4q_avg": 9.94,
            "net_income": 9217,
            "revenue": 247193,
            "common_shares": 329353,
            "book_valuer_per_share": 20.12,
            "book_valuer_per_share_4q_avg": 18.79,
            "equity": 662705,
            "current_ratio": 182.02,
            "debt_ratio": 44.78,
            "inventory_turnover_ratio": 0.54,
            "account_receivable_turnover_ratio": 0.91,
            "reinvestment_rate": null,
            "research_to_sale_ratio": null,
            "price_fair": 43.65,
            "eps_avg_yearly": 2.47,
            "eps_latest_yearly": 1.24,
            "eps_growth_yearly": 7.69
        },
        "20152": {
            "year_quarter": 20152,
            "year": 2015,
            "quarter": 2,
            "eps": 0.68,
            "eps_growth_year": 23.28,
            "eps_4q": 2.36,
            "eps_4q_growth_year": 328.04,
            "roe": 3.45,
            "roe_4q": 13.270000000000001,
            "gross_profit": 43242,
            "gross_margin": 14.64,
            "gross_margin_4q_avg": 10.79,
            "net_income": 22550,
            "revenue": 295453,
            "common_shares": 329353,
            "book_valuer_per_share": 19.54,
            "book_valuer_per_share_4q_avg": 19.26,
            "equity": 643669,
            "current_ratio": 162,
            "debt_ratio": 51.81,
            "inventory_turnover_ratio": 0.5,
            "account_receivable_turnover_ratio": 1.06,
            "reinvestment_rate": null,
            "research_to_sale_ratio": null,
            "price_fair": 88.55,
            "eps_avg_yearly": 2.53,
            "eps_latest_yearly": 2.72,
            "eps_growth_yearly": 125.13
        },
        "20153": {
            "year_quarter": 20153,
            "year": 2015,
            "quarter": 3,
            "eps": 0.22,
            "eps_growth_year": -61.4,
            "eps_4q": 2.07,
            "eps_4q_growth_year": 85.49,
            "roe": 1.14,
            "roe_4q": 11.26,
            "gross_profit": 17193,
            "gross_margin": 5.45,
            "gross_margin_4q_avg": 9.52,
            "net_income": 7399,
            "revenue": 315346,
            "common_shares": 329353,
            "book_valuer_per_share": 19.81,
            "book_valuer_per_share_4q_avg": 19.66,
            "equity": 652386,
            "current_ratio": 152.78,
            "debt_ratio": 51.97,
            "inventory_turnover_ratio": 0.54,
            "account_receivable_turnover_ratio": 1.06,
            "reinvestment_rate": null,
            "research_to_sale_ratio": null,
            "price_fair": 77,
            "eps_avg_yearly": 2.2,
            "eps_latest_yearly": 0.88,
            "eps_growth_yearly": 45.98
        },
        "20154": {
            "year_quarter": 20154,
            "year": 2015,
            "quarter": 4,
            "eps": 0.12,
            "eps_growth_year": -87.42,
            "eps_4q": 1.35,
            "eps_4q_growth_year": -35.48,
            "roe": 0.61,
            "roe_4q": 6.69,
            "gross_profit": 16293,
            "gross_margin": 4.21,
            "gross_margin_4q_avg": 8.78,
            "net_income": 3901,
            "revenue": 387343,
            "common_shares": 329353,
            "book_valuer_per_share": 19.72,
            "book_valuer_per_share_4q_avg": 19.8,
            "equity": 631386,
            "current_ratio": 144.91,
            "debt_ratio": 57.25,
            "inventory_turnover_ratio": 0.67,
            "account_receivable_turnover_ratio": 1.16,
            "reinvestment_rate": null,
            "research_to_sale_ratio": null,
            "price_fair": 34.47,
            "eps_avg_yearly": 1.91,
            "eps_latest_yearly": 0.48,
            "eps_growth_yearly": 8.02
        },
        "20161": {
            "year_quarter": 20161,
            "year": 2016,
            "quarter": 1,
            "eps": 0.57,
            "eps_growth_year": 83.87,
            "eps_4q": 1.64,
            "eps_4q_growth_year": -24.77,
            "roe": 2.9,
            "roe_4q": 8.1,
            "gross_profit": 20902,
            "gross_margin": 6.2,
            "gross_margin_4q_avg": 7.63,
            "net_income": 18624,
            "revenue": 337379,
            "common_shares": 320123,
            "book_valuer_per_share": 20.42,
            "book_valuer_per_share_4q_avg": 19.87,
            "equity": 653663,
            "current_ratio": 182.83,
            "debt_ratio": 58.76,
            "inventory_turnover_ratio": 0.56,
            "account_receivable_turnover_ratio": 0.79,
            "reinvestment_rate": null,
            "research_to_sale_ratio": null,
            "price_fair": 68.8,
            "eps_avg_yearly": 1.97,
            "eps_latest_yearly": 2.28,
            "eps_growth_yearly": 221.16
        },
        "20162": {
            "year_quarter": 20162,
            "year": 2016,
            "quarter": 2,
            "eps": 1.26,
            "eps_growth_year": 85.29,
            "eps_4q": 2.2,
            "eps_4q_growth_year": -6.84,
            "roe": 6.2,
            "roe_4q": 10.85,
            "gross_profit": 26035,
            "gross_margin": 6.7,
            "gross_margin_4q_avg": 5.64,
            "net_income": 40492,
            "revenue": 388504,
            "common_shares": 320123,
            "book_valuer_per_share": 20.36,
            "book_valuer_per_share_4q_avg": 20.08,
            "equity": 651759,
            "current_ratio": 161.53,
            "debt_ratio": 63.17,
            "inventory_turnover_ratio": 0.62,
            "account_receivable_turnover_ratio": 0.79,
            "reinvestment_rate": null,
            "research_to_sale_ratio": null,
            "price_fair": 82.25,
            "eps_avg_yearly": 2.35,
            "eps_latest_yearly": 5.04,
            "eps_growth_yearly": 254.04
        },
        "20163": {
            "year_quarter": 20163,
            "year": 2016,
            "quarter": 3,
            "eps": 0.54,
            "eps_growth_year": 145.45,
            "eps_4q": 2.43,
            "eps_4q_growth_year": 17.25,
            "roe": 2.62,
            "roe_4q": 12.33,
            "gross_profit": 34726,
            "gross_margin": 7.54,
            "gross_margin_4q_avg": 6.16,
            "net_income": 17585,
            "revenue": 460712,
            "common_shares": 331911,
            "book_valuer_per_share": 20.82,
            "book_valuer_per_share_4q_avg": 20.33,
            "equity": 690895,
            "current_ratio": 159.05,
            "debt_ratio": 62.1,
            "inventory_turnover_ratio": 0.7,
            "account_receivable_turnover_ratio": 1.04,
            "reinvestment_rate": null,
            "research_to_sale_ratio": null,
            "price_fair": 81.51,
            "eps_avg_yearly": 2.33,
            "eps_latest_yearly": 2.16,
            "eps_growth_yearly": 200.41
        },
        "20164": {
            "year_quarter": 20164,
            "year": 2016,
            "quarter": 4,
            "eps": 0.1,
            "eps_growth_year": -18.59,
            "eps_4q": 2.36,
            "eps_4q_growth_year": 75.25,
            "roe": 0.48,
            "roe_4q": 12.200000000000001,
            "gross_profit": 4124,
            "gross_margin": 0.9,
            "gross_margin_4q_avg": 5.34,
            "net_income": 3369,
            "revenue": 458751,
            "common_shares": 339607,
            "book_valuer_per_share": 20.83,
            "book_valuer_per_share_4q_avg": 20.61,
            "equity": 707567,
            "current_ratio": 158.6,
            "debt_ratio": 60.87,
            "inventory_turnover_ratio": 0.73,
            "account_receivable_turnover_ratio": 1.21,
            "reinvestment_rate": null,
            "research_to_sale_ratio": null,
            "price_fair": 74.76,
            "eps_avg_yearly": 2.14,
            "eps_latest_yearly": 0.4,
            "eps_growth_yearly": 147.78
        },
        "20171": {
            "year_quarter": 20171,
            "year": 2017,
            "quarter": 1,
            "eps": -0.47,
            "eps_growth_year": -182.46,
            "eps_4q": 1.32,
            "eps_4q_growth_year": -19.19,
            "roe": -2.28,
            "roe_4q": 7.0200000000000005,
            "gross_profit": -4399,
            "gross_margin": -1.71,
            "gross_margin_4q_avg": 3.36,
            "net_income": -15995,
            "revenue": 256558,
            "common_shares": 343115,
            "book_valuer_per_share": 20.3,
            "book_valuer_per_share_4q_avg": 20.58,
            "equity": 696690,
            "current_ratio": 142.1,
            "debt_ratio": 57.94,
            "inventory_turnover_ratio": null,
            "account_receivable_turnover_ratio": 0.68,
            "reinvestment_rate": null,
            "research_to_sale_ratio": null,
            "price_fair": 74.76,
            "eps_avg_yearly": 2.14,
            "eps_latest_yearly": 0.4,
            "eps_growth_yearly": 147.78
        },
        "20172": {
            "year_quarter": 20172,
            "year": 2017,
            "quarter": 2,
            "eps": 0.69,
            "eps_growth_year": -45.24,
            "eps_4q": 0.83,
            "eps_4q_growth_year": -62.2,
            "roe": 3.5,
            "roe_4q": 4.32,
            "gross_profit": 35621,
            "gross_margin": 8.99,
            "gross_margin_4q_avg": 3.93,
            "net_income": 23660,
            "revenue": 396136,
            "common_shares": 344162,
            "book_valuer_per_share": 19.03,
            "book_valuer_per_share_4q_avg": 20.25,
            "equity": 654844,
            "current_ratio": 132.02,
            "debt_ratio": 62.24,
            "inventory_turnover_ratio": null,
            "account_receivable_turnover_ratio": 0.83,
            "reinvestment_rate": 46.27,
            "research_to_sale_ratio": null,
            "price_fair": 74.76,
            "eps_avg_yearly": 2.14,
            "eps_latest_yearly": 0.4,
            "eps_growth_yearly": 147.78
        },
        "20173": {
            "year_quarter": 20173,
            "year": 2017,
            "quarter": 3,
            "eps": 0.49,
            "eps_growth_year": -9.26,
            "eps_4q": 0.81,
            "eps_4q_growth_year": -66.69,
            "roe": 2.54,
            "roe_4q": 4.24,
            "gross_profit": 29498,
            "gross_margin": 6.64,
            "gross_margin_4q_avg": 3.71,
            "net_income": 16839,
            "revenue": 444358,
            "common_shares": 344564,
            "book_valuer_per_share": 19.53,
            "book_valuer_per_share_4q_avg": 19.92,
            "equity": 672785,
            "current_ratio": 132.33,
            "debt_ratio": 60.22,
            "inventory_turnover_ratio": null,
            "account_receivable_turnover_ratio": 0.83,
            "reinvestment_rate": 68.35,
            "research_to_sale_ratio": null,
            "price_fair": 74.2,
            "eps_avg_yearly": 2.12,
            "eps_latest_yearly": 1.96,
            "eps_growth_yearly": 123.81
        },
        "20174": {
            "year_quarter": 20174,
            "year": 2017,
            "quarter": 4,
            "eps": 0.78,
            "eps_growth_year": 687.76,
            "eps_4q": 1.49,
            "eps_4q_growth_year": -36.69,
            "roe": 3.93,
            "roe_4q": 7.690000000000001,
            "gross_profit": 33741,
            "gross_margin": 9.86,
            "gross_margin_4q_avg": 5.95,
            "net_income": 26927,
            "revenue": 342064,
            "common_shares": 344564,
            "book_valuer_per_share": 20.25,
            "book_valuer_per_share_4q_avg": 19.78,
            "equity": 697860,
            "current_ratio": 130.42,
            "debt_ratio": 58.73,
            "inventory_turnover_ratio": null,
            "account_receivable_turnover_ratio": 0.63,
            "reinvestment_rate": 75.06,
            "research_to_sale_ratio": null,
            "price_fair": 77.12,
            "eps_avg_yearly": 2.2,
            "eps_latest_yearly": 3.12,
            "eps_growth_yearly": 133.22
        },
        "20181": {
            "year_quarter": 20181,
            "year": 2018,
            "quarter": 1,
            "eps": -0.3,
            "eps_growth_year": null,
            "eps_4q": 1.62,
            "eps_4q_growth_year": 22.53,
            "roe": -1.51,
            "roe_4q": 8.46,
            "gross_profit": -3175,
            "gross_margin": -0.93,
            "gross_margin_4q_avg": 6.14,
            "net_income": -10500,
            "revenue": 341648,
            "common_shares": 350713,
            "book_valuer_per_share": 19.86,
            "book_valuer_per_share_4q_avg": 19.67,
            "equity": 696603,
            "current_ratio": 133.39,
            "debt_ratio": 57.29,
            "inventory_turnover_ratio": null,
            "account_receivable_turnover_ratio": 0.83,
            "reinvestment_rate": 80.33,
            "research_to_sale_ratio": null,
            "price_fair": 77.12,
            "eps_avg_yearly": 2.2,
            "eps_latest_yearly": 3.12,
            "eps_growth_yearly": 133.22
        },
        "20182": {
            "year_quarter": 20182,
            "year": 2018,
            "quarter": 2,
            "eps": 0.72,
            "eps_growth_year": 4.35,
            "eps_4q": 1.66,
            "eps_4q_growth_year": 99.64,
            "roe": 3.67,
            "roe_4q": 8.629999999999999,
            "gross_profit": 43559,
            "gross_margin": 13.88,
            "gross_margin_4q_avg": 7.36,
            "net_income": 25214,
            "revenue": 313861,
            "common_shares": 352265,
            "book_valuer_per_share": 19.26,
            "book_valuer_per_share_4q_avg": 19.73,
            "equity": 678578,
            "current_ratio": 118.73,
            "debt_ratio": 58.28,
            "inventory_turnover_ratio": null,
            "account_receivable_turnover_ratio": 1.56,
            "reinvestment_rate": 109.44,
            "research_to_sale_ratio": null,
            "price_fair": 77.12,
            "eps_avg_yearly": 2.2,
            "eps_latest_yearly": 3.12,
            "eps_growth_yearly": 133.22
        },
        "20183": {
            "year_quarter": 20183,
            "year": 2018,
            "quarter": 3,
            "eps": 0.37,
            "eps_growth_year": -24.49,
            "eps_4q": 1.55,
            "eps_4q_growth_year": 92.11,
            "roe": 1.91,
            "roe_4q": 8,
            "gross_profit": 19645,
            "gross_margin": 6.87,
            "gross_margin_4q_avg": 7.42,
            "net_income": 13103,
            "revenue": 286042,
            "common_shares": 352265,
            "book_valuer_per_share": 19.64,
            "book_valuer_per_share_4q_avg": 19.75,
            "equity": 691878,
            "current_ratio": 123.51,
            "debt_ratio": 56.38,
            "inventory_turnover_ratio": null,
            "account_receivable_turnover_ratio": 1.93,
            "reinvestment_rate": 110.97,
            "research_to_sale_ratio": null,
            "price_fair": 74.78,
            "eps_avg_yearly": 2.14,
            "eps_latest_yearly": 1.48,
            "eps_growth_yearly": 115.8
        },
        "20184": {
            "year_quarter": 20184,
            "year": 2018,
            "quarter": 4,
            "eps": 0.71,
            "eps_growth_year": -8.51,
            "eps_4q": 1.5,
            "eps_4q_growth_year": 0.72,
            "roe": 3.58,
            "roe_4q": 7.65,
            "gross_profit": 36516,
            "gross_margin": 13.95,
            "gross_margin_4q_avg": 8.44,
            "net_income": 25226,
            "revenue": 261773,
            "common_shares": 352821,
            "book_valuer_per_share": 20.38,
            "book_valuer_per_share_4q_avg": 19.79,
            "equity": 718884,
            "current_ratio": 126.31,
            "debt_ratio": 54.25,
            "inventory_turnover_ratio": null,
            "account_receivable_turnover_ratio": 1.78,
            "reinvestment_rate": 102.96,
            "research_to_sale_ratio": null,
            "price_fair": 71.75,
            "eps_avg_yearly": 2.05,
            "eps_latest_yearly": 2.84,
            "eps_growth_yearly": 123.04
        },
        "20191": {
            "year_quarter": 20191,
            "year": 2019,
            "quarter": 1,
            "eps": 0.32,
            "eps_growth_year": null,
            "eps_4q": 2.02,
            "eps_4q_growth_year": 24.6,
            "roe": 1.55,
            "roe_4q": 10.71,
            "gross_profit": 17233,
            "gross_margin": 8.74,
            "gross_margin_4q_avg": 10.86,
            "net_income": 11482,
            "revenue": 197123,
            "common_shares": 370968,
            "book_valuer_per_share": 20.5,
            "book_valuer_per_share_4q_avg": 19.95,
            "equity": 760654,
            "current_ratio": 139.15,
            "debt_ratio": 47.86,
            "inventory_turnover_ratio": null,
            "account_receivable_turnover_ratio": 1.78,
            "reinvestment_rate": 111.26,
            "research_to_sale_ratio": null,
            "price_fair": 71.87,
            "eps_avg_yearly": 2.05,
            "eps_latest_yearly": 1.28,
            "eps_growth_yearly": 127.41
        },
        "20192": {
            "year_quarter": 20192,
            "year": 2019,
            "quarter": 2,
            "eps": 1.52,
            "eps_growth_year": 111.11,
            "eps_4q": 2.84,
            "eps_4q_growth_year": 71.22,
            "roe": 7.27,
            "roe_4q": 14.31,
            "gross_profit": 78103,
            "gross_margin": 28.42,
            "gross_margin_4q_avg": 14.5,
            "net_income": 55636,
            "revenue": 274786,
            "common_shares": 370968,
            "book_valuer_per_share": 20.75,
            "book_valuer_per_share_4q_avg": 20.32,
            "equity": 769741,
            "current_ratio": 139.61,
            "debt_ratio": 47.45,
            "inventory_turnover_ratio": null,
            "account_receivable_turnover_ratio": 5.92,
            "reinvestment_rate": 109.79,
            "research_to_sale_ratio": null,
            "price_fair": 81.67,
            "eps_avg_yearly": 2.33,
            "eps_latest_yearly": 6.08,
            "eps_growth_yearly": 212.63
        },
        "20193": {
            "year_quarter": 20193,
            "year": 2019,
            "quarter": 3,
            "eps": 0.73,
            "eps_growth_year": 97.3,
            "eps_4q": 3.22,
            "eps_4q_growth_year": 106.98,
            "roe": 3.45,
            "roe_4q": 15.85,
            "gross_profit": 44631,
            "gross_margin": 18.83,
            "gross_margin_4q_avg": 17.49,
            "net_income": 26982,
            "revenue": 236973,
            "common_shares": 370968,
            "book_valuer_per_share": 21.44,
            "book_valuer_per_share_4q_avg": 20.77,
            "equity": 795380,
            "current_ratio": 145.82,
            "debt_ratio": 45.09,
            "inventory_turnover_ratio": null,
            "account_receivable_turnover_ratio": 1.81,
            "reinvestment_rate": 101.43,
            "research_to_sale_ratio": null,
            "price_fair": 87.62,
            "eps_avg_yearly": 2.5,
            "eps_latest_yearly": 2.92,
            "eps_growth_yearly": 217.85
        },
        "20194": {
            "year_quarter": 20194,
            "year": 2019,
            "quarter": 4,
            "eps": 0.24,
            "eps_growth_year": -66.27,
            "eps_4q": 2.78,
            "eps_4q_growth_year": 84.77,
            "roe": 1.12,
            "roe_4q": 13.39,
            "gross_profit": 73245,
            "gross_margin": 16.46,
            "gross_margin_4q_avg": 18.11,
            "net_income": 8946,
            "revenue": 444865,
            "common_shares": 370968,
            "book_valuer_per_share": 21.62,
            "book_valuer_per_share_4q_avg": 21.08,
            "equity": 802129,
            "current_ratio": 132.28,
            "debt_ratio": 51.99,
            "inventory_turnover_ratio": null,
            "account_receivable_turnover_ratio": 2.19,
            "reinvestment_rate": 88.53,
            "research_to_sale_ratio": null,
            "price_fair": 89.02,
            "eps_avg_yearly": 2.54,
            "eps_latest_yearly": 0.96,
            "eps_growth_yearly": 210.63
        },
        "20201": {
            "year_quarter": 20201,
            "year": 2020,
            "quarter": 1,
            "eps": 0.24,
            "eps_growth_year": -25,
            "eps_4q": 2.7,
            "eps_4q_growth_year": 33.72,
            "roe": 1.09,
            "roe_4q": 12.93,
            "gross_profit": 32390,
            "gross_margin": 14.47,
            "gross_margin_4q_avg": 19.55,
            "net_income": 8757,
            "revenue": 223918,
            "common_shares": 370968,
            "book_valuer_per_share": 21.83,
            "book_valuer_per_share_4q_avg": 21.41,
            "equity": 809639,
            "current_ratio": 138.42,
            "debt_ratio": 48.64,
            "inventory_turnover_ratio": null,
            "account_receivable_turnover_ratio": 1.58,
            "reinvestment_rate": 116.42,
            "research_to_sale_ratio": null,
            "price_fair": 85.17,
            "eps_avg_yearly": 2.43,
            "eps_latest_yearly": 0.96,
            "eps_growth_yearly": 85.63
        },
        "20202": {
            "year_quarter": 20202,
            "year": 2020,
            "quarter": 2,
            "eps": 0.15,
            "eps_growth_year": -90.13,
            "eps_4q": 1.33,
            "eps_4q_growth_year": -53.3,
            "roe": 0.71,
            "roe_4q": 6.37,
            "gross_profit": 18100,
            "gross_margin": 5.93,
            "gross_margin_4q_avg": 13.92,
            "net_income": 5545,
            "revenue": 305252,
            "common_shares": 370968,
            "book_valuer_per_share": 20.51,
            "book_valuer_per_share_4q_avg": 21.35,
            "equity": 760698,
            "current_ratio": 127.12,
            "debt_ratio": 54.57,
            "inventory_turnover_ratio": null,
            "account_receivable_turnover_ratio": 2.97,
            "reinvestment_rate": 120.2,
            "research_to_sale_ratio": null,
            "price_fair": 72.22,
            "eps_avg_yearly": 2.06,
            "eps_latest_yearly": 0.6,
            "eps_growth_yearly": 32.78
        },
        "20203": {
            "year_quarter": 20203,
            "year": 2020,
            "quarter": 3,
            "eps": 0.73,
            "eps_growth_year": 0,
            "eps_4q": 1.34,
            "eps_4q_growth_year": -58.19,
            "roe": 3.57,
            "roe_4q": 6.489999999999999,
            "gross_profit": 49985,
            "gross_margin": 13.28,
            "gross_margin_4q_avg": 12.54,
            "net_income": 27645,
            "revenue": 376315,
            "common_shares": 378387,
            "book_valuer_per_share": 20.84,
            "book_valuer_per_share_4q_avg": 21.2,
            "equity": 788429,
            "current_ratio": 139.77,
            "debt_ratio": 48.41,
            "inventory_turnover_ratio": null,
            "account_receivable_turnover_ratio": 4.29,
            "reinvestment_rate": 105.5,
            "research_to_sale_ratio": null,
            "price_fair": 74.43,
            "eps_avg_yearly": 2.13,
            "eps_latest_yearly": 2.92,
            "eps_growth_yearly": 180.71
        },
        "20204": {
            "year_quarter": 20204,
            "year": 2020,
            "quarter": 4,
            "eps": 1.16,
            "eps_growth_year": 380.5,
            "eps_4q": 2.27,
            "eps_4q_growth_year": -18.38,
            "roe": 5.41,
            "roe_4q": 10.780000000000001,
            "gross_profit": 63740,
            "gross_margin": 14.95,
            "gross_margin_4q_avg": 12.16,
            "net_income": 43845,
            "revenue": 426266,
            "common_shares": 378387,
            "book_valuer_per_share": 22,
            "book_valuer_per_share_4q_avg": 21.3,
            "equity": 832411,
            "current_ratio": 133.97,
            "debt_ratio": 53.47,
            "inventory_turnover_ratio": null,
            "account_receivable_turnover_ratio": 3.18,
            "reinvestment_rate": 81.99,
            "research_to_sale_ratio": null,
            "price_fair": 86.8,
            "eps_avg_yearly": 2.48,
            "eps_latest_yearly": 4.64,
            "eps_growth_yearly": 227.51
        },
        "20211": {
            "year_quarter": 20211,
            "year": 2021,
            "quarter": 1,
            "eps": 0.12,
            "eps_growth_year": -50,
            "eps_4q": 2.15,
            "eps_4q_growth_year": -20.37,
            "roe": 0.53,
            "roe_4q": 10.219999999999999,
            "gross_profit": 30052,
            "gross_margin": 11.38,
            "gross_margin_4q_avg": 11.39,
            "net_income": 4451,
            "revenue": 264145,
            "common_shares": 378387,
            "book_valuer_per_share": 22.1,
            "book_valuer_per_share_4q_avg": 21.36,
            "equity": 836309,
            "current_ratio": 140.43,
            "debt_ratio": 50.53,
            "inventory_turnover_ratio": null,
            "account_receivable_turnover_ratio": 1.33,
            "reinvestment_rate": 61.73,
            "research_to_sale_ratio": null,
            "price_fair": 81.42,
            "eps_avg_yearly": 2.33,
            "eps_latest_yearly": 0.48,
            "eps_growth_yearly": 182.42
        },
        "20212": {
            "year_quarter": 20212,
            "year": 2021,
            "quarter": 2,
            "eps": 0.26,
            "eps_growth_year": 73.33,
            "eps_4q": 2.26,
            "eps_4q_growth_year": 70.48,
            "roe": 1.2,
            "roe_4q": 10.71,
            "gross_profit": 21241,
            "gross_margin": 5.42,
            "gross_margin_4q_avg": 11.26,
            "net_income": 9693,
            "revenue": 391608,
            "common_shares": 378387,
            "book_valuer_per_share": 20.68,
            "book_valuer_per_share_4q_avg": 21.41,
            "equity": 782500,
            "current_ratio": 127.45,
            "debt_ratio": 57.11,
            "inventory_turnover_ratio": null,
            "account_receivable_turnover_ratio": 1.66,
            "reinvestment_rate": 51.21,
            "research_to_sale_ratio": null,
            "price_fair": 78.2,
            "eps_avg_yearly": 2.23,
            "eps_latest_yearly": 1.04,
            "eps_growth_yearly": 202.72
        },
        "20213": {
            "year_quarter": 20213,
            "year": 2021,
            "quarter": 3,
            "eps": 0.32,
            "eps_growth_year": -56.16,
            "eps_4q": 1.86,
            "eps_4q_growth_year": 37.98,
            "roe": 1.55,
            "roe_4q": 8.690000000000001,
            "gross_profit": 34766,
            "gross_margin": 9.73,
            "gross_margin_4q_avg": 10.37,
            "net_income": 12235,
            "revenue": 357434,
            "common_shares": 378387,
            "book_valuer_per_share": 21,
            "book_valuer_per_share_4q_avg": 21.45,
            "equity": 794479,
            "current_ratio": 130.8,
            "debt_ratio": 56.56,
            "inventory_turnover_ratio": null,
            "account_receivable_turnover_ratio": 1.29,
            "reinvestment_rate": 38.65,
            "research_to_sale_ratio": null,
            "price_fair": 76.5,
            "eps_avg_yearly": 2.19,
            "eps_latest_yearly": 1.28,
            "eps_growth_yearly": 217.6
        },
        "20214": {
            "year_quarter": 20214,
            "year": 2021,
            "quarter": 4,
            "eps": 0.72,
            "eps_growth_year": -38.14,
            "eps_4q": 1.41,
            "eps_4q_growth_year": -37.64,
            "roe": 3.35,
            "roe_4q": 6.630000000000001,
            "gross_profit": 48528,
            "gross_margin": 11.91,
            "gross_margin_4q_avg": 9.61,
            "net_income": 27122,
            "revenue": 407400,
            "common_shares": 378387,
            "book_valuer_per_share": 21.74,
            "book_valuer_per_share_4q_avg": 21.38,
            "equity": 822595,
            "current_ratio": 131,
            "debt_ratio": 56.13,
            "inventory_turnover_ratio": null,
            "account_receivable_turnover_ratio": 1.42,
            "reinvestment_rate": 29.48,
            "research_to_sale_ratio": null,
            "price_fair": 75.9,
            "eps_avg_yearly": 2.17,
            "eps_latest_yearly": 2.88,
            "eps_growth_yearly": 236.4
        },
        "20221": {
            "year_quarter": 20221,
            "year": 2022,
            "quarter": 1,
            "eps": 0.21,
            "eps_growth_year": 75,
            "eps_4q": 1.5,
            "eps_4q_growth_year": -30.22,
            "roe": 0.94,
            "roe_4q": 7.04,
            "gross_profit": 26932,
            "gross_margin": 9.9,
            "gross_margin_4q_avg": 9.24,
            "net_income": 7812,
            "revenue": 272127,
            "common_shares": 378387,
            "book_valuer_per_share": 22.05,
            "book_valuer_per_share_4q_avg": 21.37,
            "equity": 834175,
            "current_ratio": 136.05,
            "debt_ratio": 53.79,
            "inventory_turnover_ratio": null,
            "account_receivable_turnover_ratio": 0.87,
            "reinvestment_rate": 29.44,
            "research_to_sale_ratio": null,
            "price_fair": 72.8,
            "eps_avg_yearly": 2.08,
            "eps_latest_yearly": 0.84,
            "eps_growth_yearly": 201.75
        },
        "20222": {
            "year_quarter": 20222,
            "year": 2022,
            "quarter": 2,
            "eps": 0.85,
            "eps_growth_year": 226.92,
            "eps_4q": 2.09,
            "eps_4q_growth_year": -7.49,
            "roe": 3.87,
            "roe_4q": 9.71,
            "gross_profit": 60165,
            "gross_margin": 16.61,
            "gross_margin_4q_avg": 12.04,
            "net_income": 32048,
            "revenue": 362199,
            "common_shares": 378387,
            "book_valuer_per_share": 21.74,
            "book_valuer_per_share_4q_avg": 21.63,
            "equity": 822739,
            "current_ratio": 135.65,
            "debt_ratio": 52.5,
            "inventory_turnover_ratio": null,
            "account_receivable_turnover_ratio": 1.34,
            "reinvestment_rate": 2.48,
            "research_to_sale_ratio": null,
            "price_fair": 75.69,
            "eps_avg_yearly": 2.16,
            "eps_latest_yearly": 3.4,
            "eps_growth_yearly": 265.34
        },
        "20223": {
            "year_quarter": 20223,
            "year": 2022,
            "quarter": 3,
            "eps": 0.92,
            "eps_growth_year": 187.5,
            "eps_4q": 2.69,
            "eps_4q_growth_year": 44.74,
            "roe": 4.13,
            "roe_4q": 12.29,
            "gross_profit": 71637,
            "gross_margin": 21.01,
            "gross_margin_4q_avg": 14.86,
            "net_income": 34663,
            "revenue": 340920,
            "common_shares": 378387,
            "book_valuer_per_share": 22.65,
            "book_valuer_per_share_4q_avg": 22.05,
            "equity": 856919,
            "current_ratio": 144.07,
            "debt_ratio": 50.36,
            "inventory_turnover_ratio": null,
            "account_receivable_turnover_ratio": 1.56,
            "reinvestment_rate": 2.28,
            "research_to_sale_ratio": null,
            "price_fair": 80.5,
            "eps_avg_yearly": 2.3,
            "eps_latest_yearly": 3.68,
            "eps_growth_yearly": 279.55
        },
        "20224": {
            "year_quarter": 20224,
            "year": 2022,
            "quarter": 4,
            "eps": 0.86,
            "eps_growth_year": 19.87,
            "eps_4q": 2.83,
            "eps_4q_growth_year": 100.06,
            "roe": 3.73,
            "roe_4q": 12.67,
            "gross_profit": 75810,
            "gross_margin": 19.94,
            "gross_margin_4q_avg": 16.87,
            "net_income": 32511,
            "revenue": 380106,
            "common_shares": 378387,
            "book_valuer_per_share": 23.4,
            "book_valuer_per_share_4q_avg": 22.46,
            "equity": 885368,
            "current_ratio": 150.11,
            "debt_ratio": 48.99,
            "inventory_turnover_ratio": null,
            "account_receivable_turnover_ratio": 1.46,
            "reinvestment_rate": 2.16,
            "research_to_sale_ratio": null,
            "price_fair": 81.81,
            "eps_avg_yearly": 2.34,
            "eps_latest_yearly": 3.44,
            "eps_growth_yearly": 254.94
        },
        "20231": {
            "year_quarter": 20231,
            "year": 2023,
            "quarter": 1,
            "eps": 0.34,
            "eps_growth_year": 61.9,
            "eps_4q": 2.96,
            "eps_4q_growth_year": 97.28,
            "roe": 1.45,
            "roe_4q": 13.18,
            "gross_profit": 44781,
            "gross_margin": 10.69,
            "gross_margin_4q_avg": 17.06,
            "net_income": 12958,
            "revenue": 418809,
            "common_shares": 378387,
            "book_valuer_per_share": 23.78,
            "book_valuer_per_share_4q_avg": 22.89,
            "equity": 899866,
            "current_ratio": 153.6,
            "debt_ratio": 48.09,
            "inventory_turnover_ratio": null,
            "account_receivable_turnover_ratio": 1.81,
            "reinvestment_rate": 1.9,
            "research_to_sale_ratio": null,
            "price_fair": 81.99,
            "eps_avg_yearly": 2.34,
            "eps_latest_yearly": 1.36,
            "eps_growth_yearly": 253.56
        }
    },
    "months": {
        "2013-11": {
            "month": "2013-11",
            "price": "32.70",
            "revenue": 175265
        },
        "2013-12": {
            "month": "2013-12",
            "price": "34.86",
            "revenue": 37053
        },
        "2014-01": {
            "month": "2014-01",
            "price": "36.74",
            "revenue": 64603
        },
        "2014-02": {
            "month": "2014-02",
            "price": "36.29",
            "revenue": 69924
        },
        "2014-03": {
            "month": "2014-03",
            "price": "36.69",
            "revenue": 108051
        },
        "2014-04": {
            "month": "2014-04",
            "price": "35.32",
            "revenue": 97711
        },
        "2014-05": {
            "month": "2014-05",
            "price": "34.42",
            "revenue": 63781
        },
        "2014-06": {
            "month": "2014-06",
            "price": "32.06",
            "revenue": 88389
        },
        "2014-07": {
            "month": "2014-07",
            "price": "29.81",
            "revenue": 67416
        },
        "2014-08": {
            "month": "2014-08",
            "price": "30.06",
            "revenue": 95289
        },
        "2014-09": {
            "month": "2014-09",
            "price": "32.51",
            "revenue": 113604
        },
        "2014-10": {
            "month": "2014-10",
            "price": "29.28",
            "revenue": 152259
        },
        "2014-11": {
            "month": "2014-11",
            "price": "30.81",
            "revenue": 114477
        },
        "2014-12": {
            "month": "2014-12",
            "price": "32.06",
            "revenue": 92771
        },
        "2015-01": {
            "month": "2015-01",
            "price": "32.16",
            "revenue": 84196
        },
        "2015-02": {
            "month": "2015-02",
            "price": "34.31",
            "revenue": 72165
        },
        "2015-03": {
            "month": "2015-03",
            "price": "27.24",
            "revenue": 90832
        },
        "2015-04": {
            "month": "2015-04",
            "price": "26.30",
            "revenue": 89773
        },
        "2015-05": {
            "month": "2015-05",
            "price": "24.09",
            "revenue": 90539
        },
        "2015-06": {
            "month": "2015-06",
            "price": "20.37",
            "revenue": 115141
        },
        "2015-07": {
            "month": "2015-07",
            "price": "20.14",
            "revenue": 109142
        },
        "2015-08": {
            "month": "2015-08",
            "price": "19.48",
            "revenue": 99130
        },
        "2015-09": {
            "month": "2015-09",
            "price": "22.96",
            "revenue": 107073
        },
        "2015-10": {
            "month": "2015-10",
            "price": "23.06",
            "revenue": 85788
        },
        "2015-11": {
            "month": "2015-11",
            "price": "23.31",
            "revenue": 70082
        },
        "2015-12": {
            "month": "2015-12",
            "price": "20.68",
            "revenue": 231366
        },
        "2016-01": {
            "month": "2016-01",
            "price": "18.95",
            "revenue": 93616
        },
        "2016-02": {
            "month": "2016-02",
            "price": "19.52",
            "revenue": 86058
        },
        "2016-03": {
            "month": "2016-03",
            "price": "20.87",
            "revenue": 159839
        },
        "2016-04": {
            "month": "2016-04",
            "price": "21.43",
            "revenue": 105855
        },
        "2016-05": {
            "month": "2016-05",
            "price": "20.58",
            "revenue": 140044
        },
        "2016-06": {
            "month": "2016-06",
            "price": "21.26",
            "revenue": 142605
        },
        "2016-07": {
            "month": "2016-07",
            "price": "22.58",
            "revenue": 181698
        },
        "2016-08": {
            "month": "2016-08",
            "price": "24.22",
            "revenue": 105122
        },
        "2016-09": {
            "month": "2016-09",
            "price": "23.51",
            "revenue": 173893
        },
        "2016-10": {
            "month": "2016-10",
            "price": "22.87",
            "revenue": 134115
        },
        "2016-11": {
            "month": "2016-11",
            "price": "22.75",
            "revenue": 163545
        },
        "2016-12": {
            "month": "2016-12",
            "price": "23.11",
            "revenue": 161087
        },
        "2017-01": {
            "month": "2017-01",
            "price": "23.00",
            "revenue": 71225
        },
        "2017-02": {
            "month": "2017-02",
            "price": "22.99",
            "revenue": 74878
        },
        "2017-03": {
            "month": "2017-03",
            "price": "22.85",
            "revenue": 110455
        },
        "2017-04": {
            "month": "2017-04",
            "price": "22.81",
            "revenue": 120413
        },
        "2017-05": {
            "month": "2017-05",
            "price": "21.69",
            "revenue": 127900
        },
        "2017-06": {
            "month": "2017-06",
            "price": "21.43",
            "revenue": 147823
        },
        "2017-07": {
            "month": "2017-07",
            "price": "21.54",
            "revenue": 140672
        },
        "2017-08": {
            "month": "2017-08",
            "price": "18.98",
            "revenue": 195857
        },
        "2017-09": {
            "month": "2017-09",
            "price": "19.33",
            "revenue": 107829
        },
        "2017-10": {
            "month": "2017-10",
            "price": "18.77",
            "revenue": 103960
        },
        "2017-11": {
            "month": "2017-11",
            "price": "19.02",
            "revenue": 102807
        },
        "2017-12": {
            "month": "2017-12",
            "price": "18.83",
            "revenue": 135296
        },
        "2018-01": {
            "month": "2018-01",
            "price": "18.52",
            "revenue": 97163
        },
        "2018-02": {
            "month": "2018-02",
            "price": "17.95",
            "revenue": 162541
        },
        "2018-03": {
            "month": "2018-03",
            "price": "19.50",
            "revenue": 81944
        },
        "2018-04": {
            "month": "2018-04",
            "price": "19.30",
            "revenue": 87547
        },
        "2018-05": {
            "month": "2018-05",
            "price": "18.46",
            "revenue": 123697
        },
        "2018-06": {
            "month": "2018-06",
            "price": "18.80",
            "revenue": 101621
        },
        "2018-07": {
            "month": "2018-07",
            "price": "18.27",
            "revenue": 75535
        },
        "2018-08": {
            "month": "2018-08",
            "price": "17.50",
            "revenue": 112962
        },
        "2018-09": {
            "month": "2018-09",
            "price": "16.86",
            "revenue": 97545
        },
        "2018-10": {
            "month": "2018-10",
            "price": "16.38",
            "revenue": 74430
        },
        "2018-11": {
            "month": "2018-11",
            "price": "16.25",
            "revenue": 90560
        },
        "2018-12": {
            "month": "2018-12",
            "price": "16.75",
            "revenue": 96842
        },
        "2019-01": {
            "month": "2019-01",
            "price": "16.84",
            "revenue": 64700
        },
        "2019-02": {
            "month": "2019-02",
            "price": "16.60",
            "revenue": 57752
        },
        "2019-03": {
            "month": "2019-03",
            "price": "16.43",
            "revenue": 74672
        },
        "2019-04": {
            "month": "2019-04",
            "price": "17.56",
            "revenue": 126315
        },
        "2019-05": {
            "month": "2019-05",
            "price": "18.07",
            "revenue": 52342
        },
        "2019-06": {
            "month": "2019-06",
            "price": "18.30",
            "revenue": 96109
        },
        "2019-07": {
            "month": "2019-07",
            "price": "18.10",
            "revenue": 76047
        },
        "2019-08": {
            "month": "2019-08",
            "price": "20.48",
            "revenue": 60121
        },
        "2019-09": {
            "month": "2019-09",
            "price": "22.61",
            "revenue": 100825
        },
        "2019-10": {
            "month": "2019-10",
            "price": "24.39",
            "revenue": 124687
        },
        "2019-11": {
            "month": "2019-11",
            "price": "26.90",
            "revenue": 127464
        },
        "2019-12": {
            "month": "2019-12",
            "price": "27.32",
            "revenue": 192767
        },
        "2020-01": {
            "month": "2020-01",
            "price": "30.14",
            "revenue": 66103
        },
        "2020-02": {
            "month": "2020-02",
            "price": "29.77",
            "revenue": 73095
        },
        "2020-03": {
            "month": "2020-03",
            "price": "24.97",
            "revenue": 84720
        },
        "2020-04": {
            "month": "2020-04",
            "price": "24.63",
            "revenue": 113517
        },
        "2020-05": {
            "month": "2020-05",
            "price": "25.94",
            "revenue": 97928
        },
        "2020-06": {
            "month": "2020-06",
            "price": "26.28",
            "revenue": 93808
        },
        "2020-07": {
            "month": "2020-07",
            "price": "25.61",
            "revenue": 107288
        },
        "2020-08": {
            "month": "2020-08",
            "price": "22.12",
            "revenue": 134561
        },
        "2020-09": {
            "month": "2020-09",
            "price": "22.32",
            "revenue": 134524
        },
        "2020-10": {
            "month": "2020-10",
            "price": "22.36",
            "revenue": 129394
        },
        "2020-11": {
            "month": "2020-11",
            "price": "22.25",
            "revenue": 140108
        },
        "2020-12": {
            "month": "2020-12",
            "price": "22.75",
            "revenue": 156728
        },
        "2021-01": {
            "month": "2021-01",
            "price": "22.94",
            "revenue": 120374
        },
        "2021-02": {
            "month": "2021-02",
            "price": "22.86",
            "revenue": 64530
        },
        "2021-03": {
            "month": "2021-03",
            "price": "24.98",
            "revenue": 79240
        },
        "2021-04": {
            "month": "2021-04",
            "price": "26.30",
            "revenue": 130965
        },
        "2021-05": {
            "month": "2021-05",
            "price": "23.74",
            "revenue": 145342
        },
        "2021-06": {
            "month": "2021-06",
            "price": "23.83",
            "revenue": 115302
        },
        "2021-07": {
            "month": "2021-07",
            "price": "24.52",
            "revenue": 96713
        },
        "2021-08": {
            "month": "2021-08",
            "price": "24.04",
            "revenue": 126321
        },
        "2021-09": {
            "month": "2021-09",
            "price": "22.94",
            "revenue": 134399
        },
        "2021-10": {
            "month": "2021-10",
            "price": "22.67",
            "revenue": 79846
        },
        "2021-11": {
            "month": "2021-11",
            "price": "23.10",
            "revenue": 175864
        },
        "2021-12": {
            "month": "2021-12",
            "price": "23.00",
            "revenue": 151632
        },
        "2022-01": {
            "month": "2022-01",
            "price": "22.83",
            "revenue": 102802
        },
        "2022-02": {
            "month": "2022-02",
            "price": "22.88",
            "revenue": 63834
        },
        "2022-03": {
            "month": "2022-03",
            "price": "22.75",
            "revenue": 105491
        },
        "2022-04": {
            "month": "2022-04",
            "price": "22.85",
            "revenue": 115628
        },
        "2022-05": {
            "month": "2022-05",
            "price": "22.24",
            "revenue": 111387
        },
        "2022-06": {
            "month": "2022-06",
            "price": "21.77",
            "revenue": 135184
        },
        "2022-07": {
            "month": "2022-07",
            "price": "21.05",
            "revenue": 82434
        },
        "2022-08": {
            "month": "2022-08",
            "price": "21.89",
            "revenue": 127599
        },
        "2022-09": {
            "month": "2022-09",
            "price": "22.29",
            "revenue": 130886
        },
        "2022-10": {
            "month": "2022-10",
            "price": "21.51",
            "revenue": 129023
        },
        "2022-11": {
            "month": "2022-11",
            "price": "22.80",
            "revenue": 120438
        },
        "2022-12": {
            "month": "2022-12",
            "price": "23.59",
            "revenue": 130645
        },
        "2023-01": {
            "month": "2023-01",
            "price": "23.66",
            "revenue": 112258
        },
        "2023-02": {
            "month": "2023-02",
            "price": "25.46",
            "revenue": 166938
        },
        "2023-03": {
            "month": "2023-03",
            "price": "29.67",
            "revenue": 139613
        },
        "2023-04": {
            "month": "2023-04",
            "price": "32.14",
            "revenue": 113248
        }
    }
}
