{
    "summary": {
        "stock_name": "智伸科",
        "stock_id": "4551",
        "category": "汽車",
        "main_business": "精密金屬零件之機械加工、製造及買賣",
        "website_url": "http://www.global.com.tw",
        "ceo": "林恩道",
        "pe_ratio": 12,
        "report_year_from": 2011,
        "report_year_to": 2023,
        "age": 12,
        "eps_negative_percentage": 0,
        "eps_growth_avg": {
            "last_all": 31.51,
            "last_2y": 20.58,
            "last_4y": 13.9,
            "last_8y": null,
            "last_12y": null,
            "last_16y": null,
            "last_20y": null,
            "at_2006_last_3y": null,
            "at_2007_last_3y": null,
            "at_2008_last_3y": null,
            "at_2009_last_3y": null,
            "at_2010_last_3y": null,
            "at_2011_last_3y": null,
            "at_2012_last_3y": null,
            "at_2013_last_3y": null,
            "at_2014_last_3y": null,
            "at_2015_last_3y": null,
            "at_2016_last_3y": null,
            "at_2017_last_3y": null,
            "at_2018_last_3y": 41.47,
            "at_2019_last_3y": 22.58,
            "at_2020_last_3y": 4.53,
            "at_2021_last_3y": 13.22,
            "at_2022_last_3y": 21.55,
            "at_2023_last_3y": 21.55,
            "at_2006_last_all": null,
            "at_2007_last_all": null,
            "at_2008_last_all": null,
            "at_2009_last_all": null,
            "at_2010_last_all": null,
            "at_2011_last_all": null,
            "at_2012_last_all": null,
            "at_2013_last_all": null,
            "at_2014_last_all": null,
            "at_2015_last_all": null,
            "at_2016_last_all": 79.76,
            "at_2017_last_all": 60.85,
            "at_2018_last_all": 41.47,
            "at_2019_last_all": 38.06,
            "at_2020_last_all": 29.61,
            "at_2021_last_all": 33.63,
            "at_2022_last_all": 31.51,
            "at_2023_last_all": 31.51
        },
        "latest_eps": 10.76,
        "latest_price": 132.5,
        "latest_roe": 16.66,
        "latest_gross_margin": 22.24,
        "latest_equity": 7678567,
        "latest_revenue": 1861454,
        "latest_gross_profit": 414081,
        "latest_net_income": 158971,
        "latest_debt_ratio": 42.19,
        "latest_current_ratio": 151.09,
        "latest_account_receivable_turnover_ratio": 0.67,
        "latest_inventory_turnover_ratio": 0.78,
        "latest_reinvestment_rate": 34.68,
        "latest_research_to_sale_ratio": 3.31
    },
    "eps_dividends": {
        "2001": {
            "cash": 0,
            "stock": 0,
            "eps": 0
        },
        "2002": {
            "cash": 0,
            "stock": 0,
            "eps": 0
        },
        "2003": {
            "cash": 0,
            "stock": 0,
            "eps": 0
        },
        "2004": {
            "cash": 0,
            "stock": 0,
            "eps": 0
        },
        "2005": {
            "cash": 0,
            "stock": 0,
            "eps": 0
        },
        "2006": {
            "cash": 0,
            "stock": 0,
            "eps": 0
        },
        "2007": {
            "cash": 0,
            "stock": 0,
            "eps": 0
        },
        "2008": {
            "cash": 0,
            "stock": 0,
            "eps": 0
        },
        "2009": {
            "cash": 0,
            "stock": 0,
            "eps": 0
        },
        "2010": {
            "cash": 0,
            "stock": 0,
            "eps": 0
        },
        "2011": {
            "cash": 0,
            "stock": 0,
            "eps": 0
        },
        "2012": {
            "cash": 0,
            "stock": 0,
            "eps": 0
        },
        "2013": {
            "cash": 0,
            "stock": 0,
            "eps": 0
        },
        "2014": {
            "cash": 0,
            "stock": 0,
            "eps": 1.12
        },
        "2015": {
            "cash": 4,
            "stock": 0,
            "eps": 3.73
        },
        "2016": {
            "cash": 3,
            "stock": 0,
            "eps": 5.95
        },
        "2017": {
            "cash": 5,
            "stock": 0,
            "eps": 7.32
        },
        "2018": {
            "cash": 6,
            "stock": 0,
            "eps": 6.1
        },
        "2019": {
            "cash": 3,
            "stock": 0,
            "eps": 7.59
        },
        "2020": {
            "cash": 3,
            "stock": 0,
            "eps": 6.63
        },
        "2021": {
            "cash": 4,
            "stock": 0,
            "eps": 10.46
        },
        "2022": {
            "cash": 5,
            "stock": 0,
            "eps": 12.2
        },
        "2023": {
            "cash": 6,
            "stock": 0,
            "eps": 1.38
        }
    },
    "dividends": {
        "2015-07-30": {
            "cash": 3.85,
            "stock": 0
        },
        "2016-10-07": {
            "cash": 3.25,
            "stock": 0
        },
        "2017-07-28": {
            "cash": 4.6,
            "stock": 0
        },
        "2018-09-06": {
            "cash": 6.35,
            "stock": 0
        },
        "2019-08-23": {
            "cash": 3.1,
            "stock": 0
        },
        "2020-11-10": {
            "cash": 2.5,
            "stock": 0
        },
        "2021-08-25": {
            "cash": 4,
            "stock": 0
        },
        "2022-08-26": {
            "cash": 5,
            "stock": 0
        },
        "2023-03-27": {
            "cash": 6,
            "stock": 0
        }
    },
    "prices": {
        "200101": "無",
        "200102": "無",
        "200103": "無",
        "200104": "無",
        "200105": "無",
        "200106": "無",
        "200107": "無",
        "200108": "無",
        "200109": "無",
        "200110": "無",
        "200111": "無",
        "200112": "無",
        "200201": "無",
        "200202": "無",
        "200203": "無",
        "200204": "無",
        "200205": "無",
        "200206": "無",
        "200207": "無",
        "200208": "無",
        "200209": "無",
        "200210": "無",
        "200211": "無",
        "200212": "無",
        "200301": "無",
        "200302": "無",
        "200303": "無",
        "200304": "無",
        "200305": "無",
        "200306": "無",
        "200307": "無",
        "200308": "無",
        "200309": "無",
        "200310": "無",
        "200311": "無",
        "200312": "無",
        "200401": "無",
        "200402": "無",
        "200403": "無",
        "200404": "無",
        "200405": "無",
        "200406": "無",
        "200407": "無",
        "200408": "無",
        "200409": "無",
        "200410": "無",
        "200411": "無",
        "200412": "無",
        "200501": "無",
        "200502": "無",
        "200503": "無",
        "200504": "無",
        "200505": "無",
        "200506": "無",
        "200507": "無",
        "200508": "無",
        "200509": "無",
        "200510": "無",
        "200511": "無",
        "200512": "無",
        "200601": "無",
        "200602": "無",
        "200603": "無",
        "200604": "無",
        "200605": "無",
        "200606": "無",
        "200607": "無",
        "200608": "無",
        "200609": "無",
        "200610": "無",
        "200611": "無",
        "200612": "無",
        "200701": "無",
        "200702": "無",
        "200703": "無",
        "200704": "無",
        "200705": "無",
        "200706": "無",
        "200707": "無",
        "200708": "無",
        "200709": "無",
        "200710": "無",
        "200711": "無",
        "200712": "無",
        "200801": "無",
        "200802": "無",
        "200803": "無",
        "200804": "無",
        "200805": "無",
        "200806": "無",
        "200807": "無",
        "200808": "無",
        "200809": "無",
        "200810": "無",
        "200811": "無",
        "200812": "無",
        "200901": "無",
        "200902": "無",
        "200903": "無",
        "200904": "無",
        "200905": "無",
        "200906": "無",
        "200907": "無",
        "200908": "無",
        "200909": "無",
        "200910": "無",
        "200911": "無",
        "200912": "無",
        "201001": "無",
        "201002": "無",
        "201003": "無",
        "201004": "無",
        "201005": "無",
        "201006": "無",
        "201007": "無",
        "201008": "無",
        "201009": "無",
        "201010": "無",
        "201011": "無",
        "201012": "無",
        "201101": "無",
        "201102": "無",
        "201103": "無",
        "201104": "無",
        "201105": "無",
        "201106": "無",
        "201107": "無",
        "201108": "無",
        "201109": "無",
        "201110": "無",
        "201111": "無",
        "201112": "無",
        "201201": "無",
        "201202": "無",
        "201203": "無",
        "201204": "無",
        "201205": "無",
        "201206": "無",
        "201207": "無",
        "201208": "無",
        "201209": "無",
        "201210": "無",
        "201211": "無",
        "201212": "無",
        "201301": "無",
        "201302": "無",
        "201303": "無",
        "201304": "無",
        "201305": "無",
        "201306": "無",
        "201307": "無",
        "201308": "無",
        "201309": "無",
        "201310": "無",
        "201311": "無",
        "201312": "無",
        "201401": "82.06",
        "201402": "77.70",
        "201403": "73.06",
        "201404": "77.26",
        "201405": "77.12",
        "201406": "77.83",
        "201407": "75.09",
        "201408": "73.37",
        "201409": "72.65",
        "201410": "70.27",
        "201411": "69.94",
        "201412": "67.81",
        "201501": "71.37",
        "201502": "78.05",
        "201503": "76.28",
        "201504": "79.72",
        "201505": "81.66",
        "201506": "84.55",
        "201507": "79.44",
        "201508": "57.03",
        "201509": "57.26",
        "201510": "65.70",
        "201511": "71.42",
        "201512": "71.61",
        "201601": "67.12",
        "201602": "75.48",
        "201603": "82.19",
        "201604": "95.38",
        "201605": "95.31",
        "201606": "110.79",
        "201607": "118.05",
        "201608": "127.67",
        "201609": "150.13",
        "201610": "149.40",
        "201611": "129.32",
        "201612": "131.30",
        "201701": "132.25",
        "201702": "143.57",
        "201703": "137.20",
        "201704": "131.89",
        "201705": "146.88",
        "201706": "146.52",
        "201707": "161.69",
        "201708": "168.24",
        "201709": "185.82",
        "201710": "185.97",
        "201711": "166.91",
        "201712": "165.02",
        "201801": "172.93",
        "201802": "167.96",
        "201803": "171.04",
        "201804": "181.14",
        "201805": "167.66",
        "201806": "156.92",
        "201807": "138.23",
        "201808": "108.00",
        "201809": "84.95",
        "201810": "75.60",
        "201811": "89.28",
        "201812": "106.19",
        "201901": "119.79",
        "201902": "126.62",
        "201903": "119.45",
        "201904": "120.92",
        "201905": "104.49",
        "201906": "114.32",
        "201907": "124.52",
        "201908": "134.29",
        "201909": "153.16",
        "201910": "177.95",
        "201911": "176.74",
        "201912": "175.98",
        "202001": "179.17",
        "202002": "168.58",
        "202003": "119.44",
        "202004": "127.62",
        "202005": "138.30",
        "202006": "164.50",
        "202007": "174.17",
        "202008": "183.93",
        "202009": "183.09",
        "202010": "175.47",
        "202011": "188.05",
        "202012": "178.50",
        "202101": "177.28",
        "202102": "182.12",
        "202103": "181.25",
        "202104": "184.47",
        "202105": "167.62",
        "202106": "179.07",
        "202107": "183.02",
        "202108": "162.61",
        "202109": "162.42",
        "202110": "160.55",
        "202111": "178.25",
        "202112": "178.05",
        "202201": "164.53",
        "202202": "163.03",
        "202203": "149.96",
        "202204": "137.95",
        "202205": "137.50",
        "202206": "153.88",
        "202207": "163.86",
        "202208": "159.37",
        "202209": "165.67",
        "202210": "152.38",
        "202211": "155.75",
        "202212": "151.75",
        "202301": "146.00",
        "202302": "151.86",
        "202303": "148.35",
        "202304": "140.74",
        "202305": "134.27"
    },
    "quarters": {
        "20011": {
            "year_quarter": 20011,
            "year": 2001,
            "quarter": 1,
            "eps": null,
            "eps_growth_year": null,
            "eps_4q": null,
            "eps_4q_growth_year": null,
            "roe": null,
            "roe_4q": 0,
            "gross_profit": null,
            "gross_margin": null,
            "gross_margin_4q_avg": 0,
            "net_income": null,
            "revenue": null,
            "common_shares": null,
            "book_valuer_per_share": null,
            "book_valuer_per_share_4q_avg": 0,
            "equity": null,
            "current_ratio": null,
            "debt_ratio": null,
            "inventory_turnover_ratio": null,
            "account_receivable_turnover_ratio": null,
            "reinvestment_rate": null,
            "research_to_sale_ratio": null,
            "price_fair": 0,
            "eps_avg_yearly": 0,
            "eps_latest_yearly": 0,
            "eps_growth_yearly": 0
        },
        "20012": {
            "year_quarter": 20012,
            "year": 2001,
            "quarter": 2,
            "eps": null,
            "eps_growth_year": null,
            "eps_4q": null,
            "eps_4q_growth_year": null,
            "roe": null,
            "roe_4q": 0,
            "gross_profit": null,
            "gross_margin": null,
            "gross_margin_4q_avg": 0,
            "net_income": null,
            "revenue": null,
            "common_shares": null,
            "book_valuer_per_share": null,
            "book_valuer_per_share_4q_avg": 0,
            "equity": null,
            "current_ratio": null,
            "debt_ratio": null,
            "inventory_turnover_ratio": null,
            "account_receivable_turnover_ratio": null,
            "reinvestment_rate": null,
            "research_to_sale_ratio": null,
            "price_fair": 0,
            "eps_avg_yearly": 0,
            "eps_latest_yearly": 0,
            "eps_growth_yearly": 0
        },
        "20013": {
            "year_quarter": 20013,
            "year": 2001,
            "quarter": 3,
            "eps": null,
            "eps_growth_year": null,
            "eps_4q": null,
            "eps_4q_growth_year": null,
            "roe": null,
            "roe_4q": 0,
            "gross_profit": null,
            "gross_margin": null,
            "gross_margin_4q_avg": 0,
            "net_income": null,
            "revenue": null,
            "common_shares": null,
            "book_valuer_per_share": null,
            "book_valuer_per_share_4q_avg": 0,
            "equity": null,
            "current_ratio": null,
            "debt_ratio": null,
            "inventory_turnover_ratio": null,
            "account_receivable_turnover_ratio": null,
            "reinvestment_rate": null,
            "research_to_sale_ratio": null,
            "price_fair": 0,
            "eps_avg_yearly": 0,
            "eps_latest_yearly": 0,
            "eps_growth_yearly": 0
        },
        "20014": {
            "year_quarter": 20014,
            "year": 2001,
            "quarter": 4,
            "eps": null,
            "eps_growth_year": null,
            "eps_4q": null,
            "eps_4q_growth_year": null,
            "roe": null,
            "roe_4q": 0,
            "gross_profit": null,
            "gross_margin": null,
            "gross_margin_4q_avg": 0,
            "net_income": null,
            "revenue": null,
            "common_shares": null,
            "book_valuer_per_share": null,
            "book_valuer_per_share_4q_avg": 0,
            "equity": null,
            "current_ratio": null,
            "debt_ratio": null,
            "inventory_turnover_ratio": null,
            "account_receivable_turnover_ratio": null,
            "reinvestment_rate": null,
            "research_to_sale_ratio": null,
            "price_fair": 0,
            "eps_avg_yearly": 0,
            "eps_latest_yearly": 0,
            "eps_growth_yearly": 0
        },
        "20021": {
            "year_quarter": 20021,
            "year": 2002,
            "quarter": 1,
            "eps": null,
            "eps_growth_year": null,
            "eps_4q": null,
            "eps_4q_growth_year": null,
            "roe": null,
            "roe_4q": 0,
            "gross_profit": null,
            "gross_margin": null,
            "gross_margin_4q_avg": 0,
            "net_income": null,
            "revenue": null,
            "common_shares": null,
            "book_valuer_per_share": null,
            "book_valuer_per_share_4q_avg": 0,
            "equity": null,
            "current_ratio": null,
            "debt_ratio": null,
            "inventory_turnover_ratio": null,
            "account_receivable_turnover_ratio": null,
            "reinvestment_rate": null,
            "research_to_sale_ratio": null,
            "price_fair": 0,
            "eps_avg_yearly": 0,
            "eps_latest_yearly": 0,
            "eps_growth_yearly": 0
        },
        "20022": {
            "year_quarter": 20022,
            "year": 2002,
            "quarter": 2,
            "eps": null,
            "eps_growth_year": null,
            "eps_4q": null,
            "eps_4q_growth_year": null,
            "roe": null,
            "roe_4q": 0,
            "gross_profit": null,
            "gross_margin": null,
            "gross_margin_4q_avg": 0,
            "net_income": null,
            "revenue": null,
            "common_shares": null,
            "book_valuer_per_share": null,
            "book_valuer_per_share_4q_avg": 0,
            "equity": null,
            "current_ratio": null,
            "debt_ratio": null,
            "inventory_turnover_ratio": null,
            "account_receivable_turnover_ratio": null,
            "reinvestment_rate": null,
            "research_to_sale_ratio": null,
            "price_fair": 0,
            "eps_avg_yearly": 0,
            "eps_latest_yearly": 0,
            "eps_growth_yearly": 0
        },
        "20023": {
            "year_quarter": 20023,
            "year": 2002,
            "quarter": 3,
            "eps": null,
            "eps_growth_year": null,
            "eps_4q": null,
            "eps_4q_growth_year": null,
            "roe": null,
            "roe_4q": 0,
            "gross_profit": null,
            "gross_margin": null,
            "gross_margin_4q_avg": 0,
            "net_income": null,
            "revenue": null,
            "common_shares": null,
            "book_valuer_per_share": null,
            "book_valuer_per_share_4q_avg": 0,
            "equity": null,
            "current_ratio": null,
            "debt_ratio": null,
            "inventory_turnover_ratio": null,
            "account_receivable_turnover_ratio": null,
            "reinvestment_rate": null,
            "research_to_sale_ratio": null,
            "price_fair": 0,
            "eps_avg_yearly": 0,
            "eps_latest_yearly": 0,
            "eps_growth_yearly": 0
        },
        "20024": {
            "year_quarter": 20024,
            "year": 2002,
            "quarter": 4,
            "eps": null,
            "eps_growth_year": null,
            "eps_4q": null,
            "eps_4q_growth_year": null,
            "roe": null,
            "roe_4q": 0,
            "gross_profit": null,
            "gross_margin": null,
            "gross_margin_4q_avg": 0,
            "net_income": null,
            "revenue": null,
            "common_shares": null,
            "book_valuer_per_share": null,
            "book_valuer_per_share_4q_avg": 0,
            "equity": null,
            "current_ratio": null,
            "debt_ratio": null,
            "inventory_turnover_ratio": null,
            "account_receivable_turnover_ratio": null,
            "reinvestment_rate": null,
            "research_to_sale_ratio": null,
            "price_fair": 0,
            "eps_avg_yearly": 0,
            "eps_latest_yearly": 0,
            "eps_growth_yearly": 0
        },
        "20031": {
            "year_quarter": 20031,
            "year": 2003,
            "quarter": 1,
            "eps": null,
            "eps_growth_year": null,
            "eps_4q": null,
            "eps_4q_growth_year": null,
            "roe": null,
            "roe_4q": 0,
            "gross_profit": null,
            "gross_margin": null,
            "gross_margin_4q_avg": 0,
            "net_income": null,
            "revenue": null,
            "common_shares": null,
            "book_valuer_per_share": null,
            "book_valuer_per_share_4q_avg": 0,
            "equity": null,
            "current_ratio": null,
            "debt_ratio": null,
            "inventory_turnover_ratio": null,
            "account_receivable_turnover_ratio": null,
            "reinvestment_rate": null,
            "research_to_sale_ratio": null,
            "price_fair": 0,
            "eps_avg_yearly": 0,
            "eps_latest_yearly": 0,
            "eps_growth_yearly": 0
        },
        "20032": {
            "year_quarter": 20032,
            "year": 2003,
            "quarter": 2,
            "eps": null,
            "eps_growth_year": null,
            "eps_4q": null,
            "eps_4q_growth_year": null,
            "roe": null,
            "roe_4q": 0,
            "gross_profit": null,
            "gross_margin": null,
            "gross_margin_4q_avg": 0,
            "net_income": null,
            "revenue": null,
            "common_shares": null,
            "book_valuer_per_share": null,
            "book_valuer_per_share_4q_avg": 0,
            "equity": null,
            "current_ratio": null,
            "debt_ratio": null,
            "inventory_turnover_ratio": null,
            "account_receivable_turnover_ratio": null,
            "reinvestment_rate": null,
            "research_to_sale_ratio": null,
            "price_fair": 0,
            "eps_avg_yearly": 0,
            "eps_latest_yearly": 0,
            "eps_growth_yearly": 0
        },
        "20033": {
            "year_quarter": 20033,
            "year": 2003,
            "quarter": 3,
            "eps": null,
            "eps_growth_year": null,
            "eps_4q": null,
            "eps_4q_growth_year": null,
            "roe": null,
            "roe_4q": 0,
            "gross_profit": null,
            "gross_margin": null,
            "gross_margin_4q_avg": 0,
            "net_income": null,
            "revenue": null,
            "common_shares": null,
            "book_valuer_per_share": null,
            "book_valuer_per_share_4q_avg": 0,
            "equity": null,
            "current_ratio": null,
            "debt_ratio": null,
            "inventory_turnover_ratio": null,
            "account_receivable_turnover_ratio": null,
            "reinvestment_rate": null,
            "research_to_sale_ratio": null,
            "price_fair": 0,
            "eps_avg_yearly": 0,
            "eps_latest_yearly": 0,
            "eps_growth_yearly": 0
        },
        "20034": {
            "year_quarter": 20034,
            "year": 2003,
            "quarter": 4,
            "eps": null,
            "eps_growth_year": null,
            "eps_4q": null,
            "eps_4q_growth_year": null,
            "roe": null,
            "roe_4q": 0,
            "gross_profit": null,
            "gross_margin": null,
            "gross_margin_4q_avg": 0,
            "net_income": null,
            "revenue": null,
            "common_shares": null,
            "book_valuer_per_share": null,
            "book_valuer_per_share_4q_avg": 0,
            "equity": null,
            "current_ratio": null,
            "debt_ratio": null,
            "inventory_turnover_ratio": null,
            "account_receivable_turnover_ratio": null,
            "reinvestment_rate": null,
            "research_to_sale_ratio": null,
            "price_fair": 0,
            "eps_avg_yearly": 0,
            "eps_latest_yearly": 0,
            "eps_growth_yearly": 0
        },
        "20041": {
            "year_quarter": 20041,
            "year": 2004,
            "quarter": 1,
            "eps": null,
            "eps_growth_year": null,
            "eps_4q": null,
            "eps_4q_growth_year": null,
            "roe": null,
            "roe_4q": 0,
            "gross_profit": null,
            "gross_margin": null,
            "gross_margin_4q_avg": 0,
            "net_income": null,
            "revenue": null,
            "common_shares": null,
            "book_valuer_per_share": null,
            "book_valuer_per_share_4q_avg": 0,
            "equity": null,
            "current_ratio": null,
            "debt_ratio": null,
            "inventory_turnover_ratio": null,
            "account_receivable_turnover_ratio": null,
            "reinvestment_rate": null,
            "research_to_sale_ratio": null,
            "price_fair": 0,
            "eps_avg_yearly": 0,
            "eps_latest_yearly": 0,
            "eps_growth_yearly": 0
        },
        "20042": {
            "year_quarter": 20042,
            "year": 2004,
            "quarter": 2,
            "eps": null,
            "eps_growth_year": null,
            "eps_4q": null,
            "eps_4q_growth_year": null,
            "roe": null,
            "roe_4q": 0,
            "gross_profit": null,
            "gross_margin": null,
            "gross_margin_4q_avg": 0,
            "net_income": null,
            "revenue": null,
            "common_shares": null,
            "book_valuer_per_share": null,
            "book_valuer_per_share_4q_avg": 0,
            "equity": null,
            "current_ratio": null,
            "debt_ratio": null,
            "inventory_turnover_ratio": null,
            "account_receivable_turnover_ratio": null,
            "reinvestment_rate": null,
            "research_to_sale_ratio": null,
            "price_fair": 0,
            "eps_avg_yearly": 0,
            "eps_latest_yearly": 0,
            "eps_growth_yearly": 0
        },
        "20043": {
            "year_quarter": 20043,
            "year": 2004,
            "quarter": 3,
            "eps": null,
            "eps_growth_year": null,
            "eps_4q": null,
            "eps_4q_growth_year": null,
            "roe": null,
            "roe_4q": 0,
            "gross_profit": null,
            "gross_margin": null,
            "gross_margin_4q_avg": 0,
            "net_income": null,
            "revenue": null,
            "common_shares": null,
            "book_valuer_per_share": null,
            "book_valuer_per_share_4q_avg": 0,
            "equity": null,
            "current_ratio": null,
            "debt_ratio": null,
            "inventory_turnover_ratio": null,
            "account_receivable_turnover_ratio": null,
            "reinvestment_rate": null,
            "research_to_sale_ratio": null,
            "price_fair": 0,
            "eps_avg_yearly": 0,
            "eps_latest_yearly": 0,
            "eps_growth_yearly": 0
        },
        "20044": {
            "year_quarter": 20044,
            "year": 2004,
            "quarter": 4,
            "eps": null,
            "eps_growth_year": null,
            "eps_4q": null,
            "eps_4q_growth_year": null,
            "roe": null,
            "roe_4q": 0,
            "gross_profit": null,
            "gross_margin": null,
            "gross_margin_4q_avg": 0,
            "net_income": null,
            "revenue": null,
            "common_shares": null,
            "book_valuer_per_share": null,
            "book_valuer_per_share_4q_avg": 0,
            "equity": null,
            "current_ratio": null,
            "debt_ratio": null,
            "inventory_turnover_ratio": null,
            "account_receivable_turnover_ratio": null,
            "reinvestment_rate": null,
            "research_to_sale_ratio": null,
            "price_fair": 0,
            "eps_avg_yearly": 0,
            "eps_latest_yearly": 0,
            "eps_growth_yearly": 0
        },
        "20051": {
            "year_quarter": 20051,
            "year": 2005,
            "quarter": 1,
            "eps": null,
            "eps_growth_year": null,
            "eps_4q": null,
            "eps_4q_growth_year": null,
            "roe": null,
            "roe_4q": 0,
            "gross_profit": null,
            "gross_margin": null,
            "gross_margin_4q_avg": 0,
            "net_income": null,
            "revenue": null,
            "common_shares": null,
            "book_valuer_per_share": null,
            "book_valuer_per_share_4q_avg": 0,
            "equity": null,
            "current_ratio": null,
            "debt_ratio": null,
            "inventory_turnover_ratio": null,
            "account_receivable_turnover_ratio": null,
            "reinvestment_rate": null,
            "research_to_sale_ratio": null,
            "price_fair": 0,
            "eps_avg_yearly": 0,
            "eps_latest_yearly": 0,
            "eps_growth_yearly": 0
        },
        "20052": {
            "year_quarter": 20052,
            "year": 2005,
            "quarter": 2,
            "eps": null,
            "eps_growth_year": null,
            "eps_4q": null,
            "eps_4q_growth_year": null,
            "roe": null,
            "roe_4q": 0,
            "gross_profit": null,
            "gross_margin": null,
            "gross_margin_4q_avg": 0,
            "net_income": null,
            "revenue": null,
            "common_shares": null,
            "book_valuer_per_share": null,
            "book_valuer_per_share_4q_avg": 0,
            "equity": null,
            "current_ratio": null,
            "debt_ratio": null,
            "inventory_turnover_ratio": null,
            "account_receivable_turnover_ratio": null,
            "reinvestment_rate": null,
            "research_to_sale_ratio": null,
            "price_fair": 0,
            "eps_avg_yearly": 0,
            "eps_latest_yearly": 0,
            "eps_growth_yearly": 0
        },
        "20053": {
            "year_quarter": 20053,
            "year": 2005,
            "quarter": 3,
            "eps": null,
            "eps_growth_year": null,
            "eps_4q": null,
            "eps_4q_growth_year": null,
            "roe": null,
            "roe_4q": 0,
            "gross_profit": null,
            "gross_margin": null,
            "gross_margin_4q_avg": 0,
            "net_income": null,
            "revenue": null,
            "common_shares": null,
            "book_valuer_per_share": null,
            "book_valuer_per_share_4q_avg": 0,
            "equity": null,
            "current_ratio": null,
            "debt_ratio": null,
            "inventory_turnover_ratio": null,
            "account_receivable_turnover_ratio": null,
            "reinvestment_rate": null,
            "research_to_sale_ratio": null,
            "price_fair": 0,
            "eps_avg_yearly": 0,
            "eps_latest_yearly": 0,
            "eps_growth_yearly": 0
        },
        "20054": {
            "year_quarter": 20054,
            "year": 2005,
            "quarter": 4,
            "eps": null,
            "eps_growth_year": null,
            "eps_4q": null,
            "eps_4q_growth_year": null,
            "roe": null,
            "roe_4q": 0,
            "gross_profit": null,
            "gross_margin": null,
            "gross_margin_4q_avg": 0,
            "net_income": null,
            "revenue": null,
            "common_shares": null,
            "book_valuer_per_share": null,
            "book_valuer_per_share_4q_avg": 0,
            "equity": null,
            "current_ratio": null,
            "debt_ratio": null,
            "inventory_turnover_ratio": null,
            "account_receivable_turnover_ratio": null,
            "reinvestment_rate": null,
            "research_to_sale_ratio": null,
            "price_fair": 0,
            "eps_avg_yearly": 0,
            "eps_latest_yearly": 0,
            "eps_growth_yearly": 0
        },
        "20061": {
            "year_quarter": 20061,
            "year": 2006,
            "quarter": 1,
            "eps": null,
            "eps_growth_year": null,
            "eps_4q": null,
            "eps_4q_growth_year": null,
            "roe": null,
            "roe_4q": 0,
            "gross_profit": null,
            "gross_margin": null,
            "gross_margin_4q_avg": 0,
            "net_income": null,
            "revenue": null,
            "common_shares": null,
            "book_valuer_per_share": null,
            "book_valuer_per_share_4q_avg": 0,
            "equity": null,
            "current_ratio": null,
            "debt_ratio": null,
            "inventory_turnover_ratio": null,
            "account_receivable_turnover_ratio": null,
            "reinvestment_rate": null,
            "research_to_sale_ratio": null,
            "price_fair": 0,
            "eps_avg_yearly": 0,
            "eps_latest_yearly": 0,
            "eps_growth_yearly": 0
        },
        "20062": {
            "year_quarter": 20062,
            "year": 2006,
            "quarter": 2,
            "eps": null,
            "eps_growth_year": null,
            "eps_4q": null,
            "eps_4q_growth_year": null,
            "roe": null,
            "roe_4q": 0,
            "gross_profit": null,
            "gross_margin": null,
            "gross_margin_4q_avg": 0,
            "net_income": null,
            "revenue": null,
            "common_shares": null,
            "book_valuer_per_share": null,
            "book_valuer_per_share_4q_avg": 0,
            "equity": null,
            "current_ratio": null,
            "debt_ratio": null,
            "inventory_turnover_ratio": null,
            "account_receivable_turnover_ratio": null,
            "reinvestment_rate": null,
            "research_to_sale_ratio": null,
            "price_fair": 0,
            "eps_avg_yearly": 0,
            "eps_latest_yearly": 0,
            "eps_growth_yearly": 0
        },
        "20063": {
            "year_quarter": 20063,
            "year": 2006,
            "quarter": 3,
            "eps": null,
            "eps_growth_year": null,
            "eps_4q": null,
            "eps_4q_growth_year": null,
            "roe": null,
            "roe_4q": 0,
            "gross_profit": null,
            "gross_margin": null,
            "gross_margin_4q_avg": 0,
            "net_income": null,
            "revenue": null,
            "common_shares": null,
            "book_valuer_per_share": null,
            "book_valuer_per_share_4q_avg": 0,
            "equity": null,
            "current_ratio": null,
            "debt_ratio": null,
            "inventory_turnover_ratio": null,
            "account_receivable_turnover_ratio": null,
            "reinvestment_rate": null,
            "research_to_sale_ratio": null,
            "price_fair": 0,
            "eps_avg_yearly": 0,
            "eps_latest_yearly": 0,
            "eps_growth_yearly": 0
        },
        "20064": {
            "year_quarter": 20064,
            "year": 2006,
            "quarter": 4,
            "eps": null,
            "eps_growth_year": null,
            "eps_4q": null,
            "eps_4q_growth_year": null,
            "roe": null,
            "roe_4q": 0,
            "gross_profit": null,
            "gross_margin": null,
            "gross_margin_4q_avg": 0,
            "net_income": null,
            "revenue": null,
            "common_shares": null,
            "book_valuer_per_share": null,
            "book_valuer_per_share_4q_avg": 0,
            "equity": null,
            "current_ratio": null,
            "debt_ratio": null,
            "inventory_turnover_ratio": null,
            "account_receivable_turnover_ratio": null,
            "reinvestment_rate": null,
            "research_to_sale_ratio": null,
            "price_fair": 0,
            "eps_avg_yearly": 0,
            "eps_latest_yearly": 0,
            "eps_growth_yearly": 0
        },
        "20071": {
            "year_quarter": 20071,
            "year": 2007,
            "quarter": 1,
            "eps": null,
            "eps_growth_year": null,
            "eps_4q": null,
            "eps_4q_growth_year": null,
            "roe": null,
            "roe_4q": 0,
            "gross_profit": null,
            "gross_margin": null,
            "gross_margin_4q_avg": 0,
            "net_income": null,
            "revenue": null,
            "common_shares": null,
            "book_valuer_per_share": null,
            "book_valuer_per_share_4q_avg": 0,
            "equity": null,
            "current_ratio": null,
            "debt_ratio": null,
            "inventory_turnover_ratio": null,
            "account_receivable_turnover_ratio": null,
            "reinvestment_rate": null,
            "research_to_sale_ratio": null,
            "price_fair": 0,
            "eps_avg_yearly": 0,
            "eps_latest_yearly": 0,
            "eps_growth_yearly": 0
        },
        "20072": {
            "year_quarter": 20072,
            "year": 2007,
            "quarter": 2,
            "eps": null,
            "eps_growth_year": null,
            "eps_4q": null,
            "eps_4q_growth_year": null,
            "roe": null,
            "roe_4q": 0,
            "gross_profit": null,
            "gross_margin": null,
            "gross_margin_4q_avg": 0,
            "net_income": null,
            "revenue": null,
            "common_shares": null,
            "book_valuer_per_share": null,
            "book_valuer_per_share_4q_avg": 0,
            "equity": null,
            "current_ratio": null,
            "debt_ratio": null,
            "inventory_turnover_ratio": null,
            "account_receivable_turnover_ratio": null,
            "reinvestment_rate": null,
            "research_to_sale_ratio": null,
            "price_fair": 0,
            "eps_avg_yearly": 0,
            "eps_latest_yearly": 0,
            "eps_growth_yearly": 0
        },
        "20073": {
            "year_quarter": 20073,
            "year": 2007,
            "quarter": 3,
            "eps": null,
            "eps_growth_year": null,
            "eps_4q": null,
            "eps_4q_growth_year": null,
            "roe": null,
            "roe_4q": 0,
            "gross_profit": null,
            "gross_margin": null,
            "gross_margin_4q_avg": 0,
            "net_income": null,
            "revenue": null,
            "common_shares": null,
            "book_valuer_per_share": null,
            "book_valuer_per_share_4q_avg": 0,
            "equity": null,
            "current_ratio": null,
            "debt_ratio": null,
            "inventory_turnover_ratio": null,
            "account_receivable_turnover_ratio": null,
            "reinvestment_rate": null,
            "research_to_sale_ratio": null,
            "price_fair": 0,
            "eps_avg_yearly": 0,
            "eps_latest_yearly": 0,
            "eps_growth_yearly": 0
        },
        "20074": {
            "year_quarter": 20074,
            "year": 2007,
            "quarter": 4,
            "eps": null,
            "eps_growth_year": null,
            "eps_4q": null,
            "eps_4q_growth_year": null,
            "roe": null,
            "roe_4q": 0,
            "gross_profit": null,
            "gross_margin": null,
            "gross_margin_4q_avg": 0,
            "net_income": null,
            "revenue": null,
            "common_shares": null,
            "book_valuer_per_share": null,
            "book_valuer_per_share_4q_avg": 0,
            "equity": null,
            "current_ratio": null,
            "debt_ratio": null,
            "inventory_turnover_ratio": null,
            "account_receivable_turnover_ratio": null,
            "reinvestment_rate": null,
            "research_to_sale_ratio": null,
            "price_fair": 0,
            "eps_avg_yearly": 0,
            "eps_latest_yearly": 0,
            "eps_growth_yearly": 0
        },
        "20081": {
            "year_quarter": 20081,
            "year": 2008,
            "quarter": 1,
            "eps": null,
            "eps_growth_year": null,
            "eps_4q": null,
            "eps_4q_growth_year": null,
            "roe": null,
            "roe_4q": 0,
            "gross_profit": null,
            "gross_margin": null,
            "gross_margin_4q_avg": 0,
            "net_income": null,
            "revenue": null,
            "common_shares": null,
            "book_valuer_per_share": null,
            "book_valuer_per_share_4q_avg": 0,
            "equity": null,
            "current_ratio": null,
            "debt_ratio": null,
            "inventory_turnover_ratio": null,
            "account_receivable_turnover_ratio": null,
            "reinvestment_rate": null,
            "research_to_sale_ratio": null,
            "price_fair": 0,
            "eps_avg_yearly": 0,
            "eps_latest_yearly": 0,
            "eps_growth_yearly": 0
        },
        "20082": {
            "year_quarter": 20082,
            "year": 2008,
            "quarter": 2,
            "eps": null,
            "eps_growth_year": null,
            "eps_4q": null,
            "eps_4q_growth_year": null,
            "roe": null,
            "roe_4q": 0,
            "gross_profit": null,
            "gross_margin": null,
            "gross_margin_4q_avg": 0,
            "net_income": null,
            "revenue": null,
            "common_shares": null,
            "book_valuer_per_share": null,
            "book_valuer_per_share_4q_avg": 0,
            "equity": null,
            "current_ratio": null,
            "debt_ratio": null,
            "inventory_turnover_ratio": null,
            "account_receivable_turnover_ratio": null,
            "reinvestment_rate": null,
            "research_to_sale_ratio": null,
            "price_fair": 0,
            "eps_avg_yearly": 0,
            "eps_latest_yearly": 0,
            "eps_growth_yearly": 0
        },
        "20083": {
            "year_quarter": 20083,
            "year": 2008,
            "quarter": 3,
            "eps": null,
            "eps_growth_year": null,
            "eps_4q": null,
            "eps_4q_growth_year": null,
            "roe": null,
            "roe_4q": 0,
            "gross_profit": null,
            "gross_margin": null,
            "gross_margin_4q_avg": 0,
            "net_income": null,
            "revenue": null,
            "common_shares": null,
            "book_valuer_per_share": null,
            "book_valuer_per_share_4q_avg": 0,
            "equity": null,
            "current_ratio": null,
            "debt_ratio": null,
            "inventory_turnover_ratio": null,
            "account_receivable_turnover_ratio": null,
            "reinvestment_rate": null,
            "research_to_sale_ratio": null,
            "price_fair": 0,
            "eps_avg_yearly": 0,
            "eps_latest_yearly": 0,
            "eps_growth_yearly": 0
        },
        "20084": {
            "year_quarter": 20084,
            "year": 2008,
            "quarter": 4,
            "eps": null,
            "eps_growth_year": null,
            "eps_4q": null,
            "eps_4q_growth_year": null,
            "roe": null,
            "roe_4q": 0,
            "gross_profit": null,
            "gross_margin": null,
            "gross_margin_4q_avg": 0,
            "net_income": null,
            "revenue": null,
            "common_shares": null,
            "book_valuer_per_share": null,
            "book_valuer_per_share_4q_avg": 0,
            "equity": null,
            "current_ratio": null,
            "debt_ratio": null,
            "inventory_turnover_ratio": null,
            "account_receivable_turnover_ratio": null,
            "reinvestment_rate": null,
            "research_to_sale_ratio": null,
            "price_fair": 0,
            "eps_avg_yearly": 0,
            "eps_latest_yearly": 0,
            "eps_growth_yearly": 0
        },
        "20091": {
            "year_quarter": 20091,
            "year": 2009,
            "quarter": 1,
            "eps": null,
            "eps_growth_year": null,
            "eps_4q": null,
            "eps_4q_growth_year": null,
            "roe": null,
            "roe_4q": 0,
            "gross_profit": null,
            "gross_margin": null,
            "gross_margin_4q_avg": 0,
            "net_income": null,
            "revenue": null,
            "common_shares": null,
            "book_valuer_per_share": null,
            "book_valuer_per_share_4q_avg": 0,
            "equity": null,
            "current_ratio": null,
            "debt_ratio": null,
            "inventory_turnover_ratio": null,
            "account_receivable_turnover_ratio": null,
            "reinvestment_rate": null,
            "research_to_sale_ratio": null,
            "price_fair": 0,
            "eps_avg_yearly": 0,
            "eps_latest_yearly": 0,
            "eps_growth_yearly": 0
        },
        "20092": {
            "year_quarter": 20092,
            "year": 2009,
            "quarter": 2,
            "eps": null,
            "eps_growth_year": null,
            "eps_4q": null,
            "eps_4q_growth_year": null,
            "roe": null,
            "roe_4q": 0,
            "gross_profit": null,
            "gross_margin": null,
            "gross_margin_4q_avg": 0,
            "net_income": null,
            "revenue": null,
            "common_shares": null,
            "book_valuer_per_share": null,
            "book_valuer_per_share_4q_avg": 0,
            "equity": null,
            "current_ratio": null,
            "debt_ratio": null,
            "inventory_turnover_ratio": null,
            "account_receivable_turnover_ratio": null,
            "reinvestment_rate": null,
            "research_to_sale_ratio": null,
            "price_fair": 0,
            "eps_avg_yearly": 0,
            "eps_latest_yearly": 0,
            "eps_growth_yearly": 0
        },
        "20093": {
            "year_quarter": 20093,
            "year": 2009,
            "quarter": 3,
            "eps": null,
            "eps_growth_year": null,
            "eps_4q": null,
            "eps_4q_growth_year": null,
            "roe": null,
            "roe_4q": 0,
            "gross_profit": null,
            "gross_margin": null,
            "gross_margin_4q_avg": 0,
            "net_income": null,
            "revenue": null,
            "common_shares": null,
            "book_valuer_per_share": null,
            "book_valuer_per_share_4q_avg": 0,
            "equity": null,
            "current_ratio": null,
            "debt_ratio": null,
            "inventory_turnover_ratio": null,
            "account_receivable_turnover_ratio": null,
            "reinvestment_rate": null,
            "research_to_sale_ratio": null,
            "price_fair": 0,
            "eps_avg_yearly": 0,
            "eps_latest_yearly": 0,
            "eps_growth_yearly": 0
        },
        "20094": {
            "year_quarter": 20094,
            "year": 2009,
            "quarter": 4,
            "eps": null,
            "eps_growth_year": null,
            "eps_4q": null,
            "eps_4q_growth_year": null,
            "roe": null,
            "roe_4q": 0,
            "gross_profit": null,
            "gross_margin": null,
            "gross_margin_4q_avg": 0,
            "net_income": null,
            "revenue": null,
            "common_shares": null,
            "book_valuer_per_share": null,
            "book_valuer_per_share_4q_avg": 0,
            "equity": null,
            "current_ratio": null,
            "debt_ratio": null,
            "inventory_turnover_ratio": null,
            "account_receivable_turnover_ratio": null,
            "reinvestment_rate": null,
            "research_to_sale_ratio": null,
            "price_fair": 0,
            "eps_avg_yearly": 0,
            "eps_latest_yearly": 0,
            "eps_growth_yearly": 0
        },
        "20101": {
            "year_quarter": 20101,
            "year": 2010,
            "quarter": 1,
            "eps": null,
            "eps_growth_year": null,
            "eps_4q": null,
            "eps_4q_growth_year": null,
            "roe": null,
            "roe_4q": 0,
            "gross_profit": null,
            "gross_margin": null,
            "gross_margin_4q_avg": 0,
            "net_income": null,
            "revenue": null,
            "common_shares": null,
            "book_valuer_per_share": null,
            "book_valuer_per_share_4q_avg": 0,
            "equity": null,
            "current_ratio": null,
            "debt_ratio": null,
            "inventory_turnover_ratio": null,
            "account_receivable_turnover_ratio": null,
            "reinvestment_rate": null,
            "research_to_sale_ratio": null,
            "price_fair": 0,
            "eps_avg_yearly": 0,
            "eps_latest_yearly": 0,
            "eps_growth_yearly": 0
        },
        "20102": {
            "year_quarter": 20102,
            "year": 2010,
            "quarter": 2,
            "eps": null,
            "eps_growth_year": null,
            "eps_4q": null,
            "eps_4q_growth_year": null,
            "roe": null,
            "roe_4q": 0,
            "gross_profit": null,
            "gross_margin": null,
            "gross_margin_4q_avg": 0,
            "net_income": null,
            "revenue": null,
            "common_shares": null,
            "book_valuer_per_share": null,
            "book_valuer_per_share_4q_avg": 0,
            "equity": null,
            "current_ratio": null,
            "debt_ratio": null,
            "inventory_turnover_ratio": null,
            "account_receivable_turnover_ratio": null,
            "reinvestment_rate": null,
            "research_to_sale_ratio": null,
            "price_fair": 0,
            "eps_avg_yearly": 0,
            "eps_latest_yearly": 0,
            "eps_growth_yearly": 0
        },
        "20103": {
            "year_quarter": 20103,
            "year": 2010,
            "quarter": 3,
            "eps": null,
            "eps_growth_year": null,
            "eps_4q": null,
            "eps_4q_growth_year": null,
            "roe": null,
            "roe_4q": 0,
            "gross_profit": null,
            "gross_margin": null,
            "gross_margin_4q_avg": 0,
            "net_income": null,
            "revenue": null,
            "common_shares": null,
            "book_valuer_per_share": null,
            "book_valuer_per_share_4q_avg": 0,
            "equity": null,
            "current_ratio": null,
            "debt_ratio": null,
            "inventory_turnover_ratio": null,
            "account_receivable_turnover_ratio": null,
            "reinvestment_rate": null,
            "research_to_sale_ratio": null,
            "price_fair": 0,
            "eps_avg_yearly": 0,
            "eps_latest_yearly": 0,
            "eps_growth_yearly": 0
        },
        "20104": {
            "year_quarter": 20104,
            "year": 2010,
            "quarter": 4,
            "eps": null,
            "eps_growth_year": null,
            "eps_4q": null,
            "eps_4q_growth_year": null,
            "roe": null,
            "roe_4q": 0,
            "gross_profit": null,
            "gross_margin": null,
            "gross_margin_4q_avg": 0,
            "net_income": null,
            "revenue": null,
            "common_shares": 100000,
            "book_valuer_per_share": 11.46,
            "book_valuer_per_share_4q_avg": 2.87,
            "equity": 114552,
            "current_ratio": 99.32,
            "debt_ratio": 80.12,
            "inventory_turnover_ratio": null,
            "account_receivable_turnover_ratio": null,
            "reinvestment_rate": null,
            "research_to_sale_ratio": null,
            "price_fair": 0,
            "eps_avg_yearly": 0,
            "eps_latest_yearly": 0,
            "eps_growth_yearly": 0
        },
        "20111": {
            "year_quarter": 20111,
            "year": 2011,
            "quarter": 1,
            "eps": null,
            "eps_growth_year": null,
            "eps_4q": null,
            "eps_4q_growth_year": null,
            "roe": null,
            "roe_4q": 0,
            "gross_profit": null,
            "gross_margin": null,
            "gross_margin_4q_avg": 0,
            "net_income": null,
            "revenue": null,
            "common_shares": null,
            "book_valuer_per_share": null,
            "book_valuer_per_share_4q_avg": 2.87,
            "equity": null,
            "current_ratio": null,
            "debt_ratio": null,
            "inventory_turnover_ratio": null,
            "account_receivable_turnover_ratio": null,
            "reinvestment_rate": null,
            "research_to_sale_ratio": null,
            "price_fair": 0,
            "eps_avg_yearly": 0,
            "eps_latest_yearly": 0,
            "eps_growth_yearly": 0
        },
        "20112": {
            "year_quarter": 20112,
            "year": 2011,
            "quarter": 2,
            "eps": null,
            "eps_growth_year": null,
            "eps_4q": null,
            "eps_4q_growth_year": null,
            "roe": null,
            "roe_4q": 0,
            "gross_profit": null,
            "gross_margin": null,
            "gross_margin_4q_avg": 0,
            "net_income": null,
            "revenue": null,
            "common_shares": null,
            "book_valuer_per_share": null,
            "book_valuer_per_share_4q_avg": 2.87,
            "equity": null,
            "current_ratio": null,
            "debt_ratio": null,
            "inventory_turnover_ratio": null,
            "account_receivable_turnover_ratio": null,
            "reinvestment_rate": null,
            "research_to_sale_ratio": null,
            "price_fair": 0,
            "eps_avg_yearly": 0,
            "eps_latest_yearly": 0,
            "eps_growth_yearly": 0
        },
        "20113": {
            "year_quarter": 20113,
            "year": 2011,
            "quarter": 3,
            "eps": null,
            "eps_growth_year": null,
            "eps_4q": null,
            "eps_4q_growth_year": null,
            "roe": null,
            "roe_4q": 0,
            "gross_profit": null,
            "gross_margin": null,
            "gross_margin_4q_avg": 0,
            "net_income": null,
            "revenue": null,
            "common_shares": null,
            "book_valuer_per_share": null,
            "book_valuer_per_share_4q_avg": 2.87,
            "equity": null,
            "current_ratio": null,
            "debt_ratio": null,
            "inventory_turnover_ratio": null,
            "account_receivable_turnover_ratio": null,
            "reinvestment_rate": null,
            "research_to_sale_ratio": null,
            "price_fair": 0,
            "eps_avg_yearly": 0,
            "eps_latest_yearly": 0,
            "eps_growth_yearly": 0
        },
        "20114": {
            "year_quarter": 20114,
            "year": 2011,
            "quarter": 4,
            "eps": null,
            "eps_growth_year": null,
            "eps_4q": null,
            "eps_4q_growth_year": null,
            "roe": null,
            "roe_4q": 0,
            "gross_profit": null,
            "gross_margin": null,
            "gross_margin_4q_avg": 0,
            "net_income": null,
            "revenue": null,
            "common_shares": 650000,
            "book_valuer_per_share": 19.42,
            "book_valuer_per_share_4q_avg": 4.86,
            "equity": 1262561,
            "current_ratio": 659.94,
            "debt_ratio": 16.24,
            "inventory_turnover_ratio": null,
            "account_receivable_turnover_ratio": null,
            "reinvestment_rate": null,
            "research_to_sale_ratio": null,
            "price_fair": 0,
            "eps_avg_yearly": 0,
            "eps_latest_yearly": 0,
            "eps_growth_yearly": 0
        },
        "20121": {
            "year_quarter": 20121,
            "year": 2012,
            "quarter": 1,
            "eps": null,
            "eps_growth_year": null,
            "eps_4q": null,
            "eps_4q_growth_year": null,
            "roe": null,
            "roe_4q": 0,
            "gross_profit": null,
            "gross_margin": null,
            "gross_margin_4q_avg": 0,
            "net_income": null,
            "revenue": null,
            "common_shares": null,
            "book_valuer_per_share": null,
            "book_valuer_per_share_4q_avg": 4.86,
            "equity": null,
            "current_ratio": null,
            "debt_ratio": null,
            "inventory_turnover_ratio": null,
            "account_receivable_turnover_ratio": null,
            "reinvestment_rate": null,
            "research_to_sale_ratio": null,
            "price_fair": 0,
            "eps_avg_yearly": 0,
            "eps_latest_yearly": 0,
            "eps_growth_yearly": 0
        },
        "20122": {
            "year_quarter": 20122,
            "year": 2012,
            "quarter": 2,
            "eps": null,
            "eps_growth_year": null,
            "eps_4q": null,
            "eps_4q_growth_year": null,
            "roe": null,
            "roe_4q": 0,
            "gross_profit": null,
            "gross_margin": null,
            "gross_margin_4q_avg": 0,
            "net_income": null,
            "revenue": null,
            "common_shares": 650000,
            "book_valuer_per_share": null,
            "book_valuer_per_share_4q_avg": 4.86,
            "equity": 1302684,
            "current_ratio": null,
            "debt_ratio": null,
            "inventory_turnover_ratio": null,
            "account_receivable_turnover_ratio": null,
            "reinvestment_rate": null,
            "research_to_sale_ratio": null,
            "price_fair": 0,
            "eps_avg_yearly": 0,
            "eps_latest_yearly": 0,
            "eps_growth_yearly": 0
        },
        "20123": {
            "year_quarter": 20123,
            "year": 2012,
            "quarter": 3,
            "eps": null,
            "eps_growth_year": null,
            "eps_4q": null,
            "eps_4q_growth_year": null,
            "roe": null,
            "roe_4q": 0,
            "gross_profit": null,
            "gross_margin": null,
            "gross_margin_4q_avg": 0,
            "net_income": null,
            "revenue": null,
            "common_shares": null,
            "book_valuer_per_share": null,
            "book_valuer_per_share_4q_avg": 4.86,
            "equity": null,
            "current_ratio": null,
            "debt_ratio": null,
            "inventory_turnover_ratio": null,
            "account_receivable_turnover_ratio": null,
            "reinvestment_rate": null,
            "research_to_sale_ratio": null,
            "price_fair": 0,
            "eps_avg_yearly": 0,
            "eps_latest_yearly": 0,
            "eps_growth_yearly": 0
        },
        "20124": {
            "year_quarter": 20124,
            "year": 2012,
            "quarter": 4,
            "eps": null,
            "eps_growth_year": null,
            "eps_4q": null,
            "eps_4q_growth_year": null,
            "roe": null,
            "roe_4q": 0,
            "gross_profit": null,
            "gross_margin": null,
            "gross_margin_4q_avg": 0,
            "net_income": null,
            "revenue": null,
            "common_shares": 650000,
            "book_valuer_per_share": 20.91,
            "book_valuer_per_share_4q_avg": 5.23,
            "equity": 1359049,
            "current_ratio": 100.03,
            "debt_ratio": 50.72,
            "inventory_turnover_ratio": null,
            "account_receivable_turnover_ratio": null,
            "reinvestment_rate": null,
            "research_to_sale_ratio": null,
            "price_fair": 0,
            "eps_avg_yearly": 0,
            "eps_latest_yearly": 0,
            "eps_growth_yearly": 0
        },
        "20131": {
            "year_quarter": 20131,
            "year": 2013,
            "quarter": 1,
            "eps": null,
            "eps_growth_year": null,
            "eps_4q": null,
            "eps_4q_growth_year": null,
            "roe": null,
            "roe_4q": 0,
            "gross_profit": null,
            "gross_margin": null,
            "gross_margin_4q_avg": 0,
            "net_income": null,
            "revenue": null,
            "common_shares": null,
            "book_valuer_per_share": null,
            "book_valuer_per_share_4q_avg": 5.23,
            "equity": null,
            "current_ratio": null,
            "debt_ratio": null,
            "inventory_turnover_ratio": null,
            "account_receivable_turnover_ratio": null,
            "reinvestment_rate": null,
            "research_to_sale_ratio": null,
            "price_fair": 0,
            "eps_avg_yearly": 0,
            "eps_latest_yearly": 0,
            "eps_growth_yearly": 0
        },
        "20132": {
            "year_quarter": 20132,
            "year": 2013,
            "quarter": 2,
            "eps": null,
            "eps_growth_year": null,
            "eps_4q": null,
            "eps_4q_growth_year": null,
            "roe": null,
            "roe_4q": 0,
            "gross_profit": null,
            "gross_margin": null,
            "gross_margin_4q_avg": 0,
            "net_income": null,
            "revenue": null,
            "common_shares": 650000,
            "book_valuer_per_share": 23.19,
            "book_valuer_per_share_4q_avg": 11.03,
            "equity": 1507038,
            "current_ratio": 110.2,
            "debt_ratio": 47.68,
            "inventory_turnover_ratio": null,
            "account_receivable_turnover_ratio": null,
            "reinvestment_rate": null,
            "research_to_sale_ratio": null,
            "price_fair": 0,
            "eps_avg_yearly": 0,
            "eps_latest_yearly": 0,
            "eps_growth_yearly": 0
        },
        "20133": {
            "year_quarter": 20133,
            "year": 2013,
            "quarter": 3,
            "eps": null,
            "eps_growth_year": null,
            "eps_4q": null,
            "eps_4q_growth_year": null,
            "roe": null,
            "roe_4q": 0,
            "gross_profit": null,
            "gross_margin": null,
            "gross_margin_4q_avg": 0,
            "net_income": null,
            "revenue": null,
            "common_shares": null,
            "book_valuer_per_share": null,
            "book_valuer_per_share_4q_avg": 11.03,
            "equity": null,
            "current_ratio": null,
            "debt_ratio": null,
            "inventory_turnover_ratio": null,
            "account_receivable_turnover_ratio": null,
            "reinvestment_rate": null,
            "research_to_sale_ratio": null,
            "price_fair": 0,
            "eps_avg_yearly": 0,
            "eps_latest_yearly": 0,
            "eps_growth_yearly": 0
        },
        "20134": {
            "year_quarter": 20134,
            "year": 2013,
            "quarter": 4,
            "eps": null,
            "eps_growth_year": null,
            "eps_4q": null,
            "eps_4q_growth_year": null,
            "roe": null,
            "roe_4q": 0,
            "gross_profit": null,
            "gross_margin": null,
            "gross_margin_4q_avg": 0,
            "net_income": null,
            "revenue": null,
            "common_shares": 750000,
            "book_valuer_per_share": 24.74,
            "book_valuer_per_share_4q_avg": 11.98,
            "equity": 1855289,
            "current_ratio": 118.73,
            "debt_ratio": 45.46,
            "inventory_turnover_ratio": null,
            "account_receivable_turnover_ratio": null,
            "reinvestment_rate": null,
            "research_to_sale_ratio": null,
            "price_fair": 0,
            "eps_avg_yearly": 0,
            "eps_latest_yearly": 0,
            "eps_growth_yearly": 0
        },
        "20141": {
            "year_quarter": 20141,
            "year": 2014,
            "quarter": 1,
            "eps": null,
            "eps_growth_year": null,
            "eps_4q": null,
            "eps_4q_growth_year": null,
            "roe": null,
            "roe_4q": 0,
            "gross_profit": 170777,
            "gross_margin": null,
            "gross_margin_4q_avg": 0,
            "net_income": 86550,
            "revenue": 664720,
            "common_shares": 750000,
            "book_valuer_per_share": 25.93,
            "book_valuer_per_share_4q_avg": 18.47,
            "equity": 1944756,
            "current_ratio": 121.04,
            "debt_ratio": 43.79,
            "inventory_turnover_ratio": null,
            "account_receivable_turnover_ratio": null,
            "reinvestment_rate": null,
            "research_to_sale_ratio": null,
            "price_fair": 0,
            "eps_avg_yearly": 0,
            "eps_latest_yearly": 0,
            "eps_growth_yearly": 0
        },
        "20142": {
            "year_quarter": 20142,
            "year": 2014,
            "quarter": 2,
            "eps": 1.12,
            "eps_growth_year": null,
            "eps_4q": null,
            "eps_4q_growth_year": null,
            "roe": 4.27,
            "roe_4q": 4.27,
            "gross_profit": 222642,
            "gross_margin": 32.2,
            "gross_margin_4q_avg": 8.05,
            "net_income": 84329,
            "revenue": 691470,
            "common_shares": 750000,
            "book_valuer_per_share": 26.8,
            "book_valuer_per_share_4q_avg": 19.37,
            "equity": 2009656,
            "current_ratio": 119.95,
            "debt_ratio": 43.32,
            "inventory_turnover_ratio": 0.99,
            "account_receivable_turnover_ratio": 1.93,
            "reinvestment_rate": null,
            "research_to_sale_ratio": null,
            "price_fair": 0,
            "eps_avg_yearly": 0,
            "eps_latest_yearly": 0,
            "eps_growth_yearly": 0
        },
        "20143": {
            "year_quarter": 20143,
            "year": 2014,
            "quarter": 3,
            "eps": null,
            "eps_growth_year": null,
            "eps_4q": null,
            "eps_4q_growth_year": null,
            "roe": null,
            "roe_4q": 4.27,
            "gross_profit": 168899,
            "gross_margin": null,
            "gross_margin_4q_avg": 8.05,
            "net_income": 74536,
            "revenue": 724055,
            "common_shares": 750000,
            "book_valuer_per_share": 28.07,
            "book_valuer_per_share_4q_avg": 26.39,
            "equity": 2105425,
            "current_ratio": 121.14,
            "debt_ratio": 43.92,
            "inventory_turnover_ratio": null,
            "account_receivable_turnover_ratio": null,
            "reinvestment_rate": null,
            "research_to_sale_ratio": null,
            "price_fair": 0,
            "eps_avg_yearly": 0,
            "eps_latest_yearly": 0,
            "eps_growth_yearly": 0
        },
        "20144": {
            "year_quarter": 20144,
            "year": 2014,
            "quarter": 4,
            "eps": null,
            "eps_growth_year": null,
            "eps_4q": null,
            "eps_4q_growth_year": null,
            "roe": null,
            "roe_4q": 4.27,
            "gross_profit": 154157,
            "gross_margin": null,
            "gross_margin_4q_avg": 8.05,
            "net_income": 74472,
            "revenue": 714664,
            "common_shares": 750000,
            "book_valuer_per_share": 29.93,
            "book_valuer_per_share_4q_avg": 27.68,
            "equity": 2244933,
            "current_ratio": 114.76,
            "debt_ratio": 45.93,
            "inventory_turnover_ratio": null,
            "account_receivable_turnover_ratio": null,
            "reinvestment_rate": null,
            "research_to_sale_ratio": null,
            "price_fair": 0,
            "eps_avg_yearly": 0,
            "eps_latest_yearly": 0,
            "eps_growth_yearly": 0
        },
        "20151": {
            "year_quarter": 20151,
            "year": 2015,
            "quarter": 1,
            "eps": 0.65,
            "eps_growth_year": null,
            "eps_4q": 1.78,
            "eps_4q_growth_year": null,
            "roe": 2.17,
            "roe_4q": 6.4399999999999995,
            "gross_profit": 147793,
            "gross_margin": 19.18,
            "gross_margin_4q_avg": 12.85,
            "net_income": 48991,
            "revenue": 770738,
            "common_shares": 750000,
            "book_valuer_per_share": 30.27,
            "book_valuer_per_share_4q_avg": 28.77,
            "equity": 2270067,
            "current_ratio": 109.6,
            "debt_ratio": 45.96,
            "inventory_turnover_ratio": 1.04,
            "account_receivable_turnover_ratio": 0.99,
            "reinvestment_rate": null,
            "research_to_sale_ratio": 0.62,
            "price_fair": 0,
            "eps_avg_yearly": 0,
            "eps_latest_yearly": 0,
            "eps_growth_yearly": 0
        },
        "20152": {
            "year_quarter": 20152,
            "year": 2015,
            "quarter": 2,
            "eps": 1.01,
            "eps_growth_year": -10.17,
            "eps_4q": 1.66,
            "eps_4q_growth_year": null,
            "roe": 3.49,
            "roe_4q": 5.66,
            "gross_profit": 180332,
            "gross_margin": 24.27,
            "gross_margin_4q_avg": 10.86,
            "net_income": 75294,
            "revenue": 743008,
            "common_shares": 750000,
            "book_valuer_per_share": 27.24,
            "book_valuer_per_share_4q_avg": 28.88,
            "equity": 2042799,
            "current_ratio": 96.41,
            "debt_ratio": 53.64,
            "inventory_turnover_ratio": 0.9,
            "account_receivable_turnover_ratio": 0.95,
            "reinvestment_rate": null,
            "research_to_sale_ratio": 1.39,
            "price_fair": 141.4,
            "eps_avg_yearly": 4.04,
            "eps_latest_yearly": 4.04,
            "eps_growth_yearly": 221.54
        },
        "20153": {
            "year_quarter": 20153,
            "year": 2015,
            "quarter": 3,
            "eps": 1.08,
            "eps_growth_year": null,
            "eps_4q": 2.53,
            "eps_4q_growth_year": null,
            "roe": 3.65,
            "roe_4q": 9.31,
            "gross_profit": 171047,
            "gross_margin": 23.75,
            "gross_margin_4q_avg": 16.8,
            "net_income": 85908,
            "revenue": 720238,
            "common_shares": 830000,
            "book_valuer_per_share": 32.07,
            "book_valuer_per_share_4q_avg": 29.88,
            "equity": 2662218,
            "current_ratio": 124.83,
            "debt_ratio": 43.31,
            "inventory_turnover_ratio": 0.85,
            "account_receivable_turnover_ratio": 0.94,
            "reinvestment_rate": null,
            "research_to_sale_ratio": 1.05,
            "price_fair": 146.3,
            "eps_avg_yearly": 4.18,
            "eps_latest_yearly": 4.32,
            "eps_growth_yearly": 124.63
        },
        "20154": {
            "year_quarter": 20154,
            "year": 2015,
            "quarter": 4,
            "eps": 0.99,
            "eps_growth_year": null,
            "eps_4q": 3.56,
            "eps_4q_growth_year": null,
            "roe": 3.07,
            "roe_4q": 12.38,
            "gross_profit": 202102,
            "gross_margin": 24.28,
            "gross_margin_4q_avg": 22.87,
            "net_income": 81355,
            "revenue": 832217,
            "common_shares": 830000,
            "book_valuer_per_share": 32.14,
            "book_valuer_per_share_4q_avg": 30.43,
            "equity": 2633229,
            "current_ratio": 125.92,
            "debt_ratio": 44.16,
            "inventory_turnover_ratio": 1.05,
            "account_receivable_turnover_ratio": 1,
            "reinvestment_rate": null,
            "research_to_sale_ratio": 1.38,
            "price_fair": 143.73,
            "eps_avg_yearly": 4.11,
            "eps_latest_yearly": 3.96,
            "eps_growth_yearly": 71.98
        },
        "20161": {
            "year_quarter": 20161,
            "year": 2016,
            "quarter": 1,
            "eps": 1.27,
            "eps_growth_year": 95.38,
            "eps_4q": 4.23,
            "eps_4q_growth_year": 137.81,
            "roe": 3.88,
            "roe_4q": 14.09,
            "gross_profit": 243539,
            "gross_margin": 28.83,
            "gross_margin_4q_avg": 25.28,
            "net_income": 103805,
            "revenue": 844662,
            "common_shares": 819340,
            "book_valuer_per_share": 33.12,
            "book_valuer_per_share_4q_avg": 31.14,
            "equity": 2713531,
            "current_ratio": 136.67,
            "debt_ratio": 40.17,
            "inventory_turnover_ratio": 1.07,
            "account_receivable_turnover_ratio": 0.95,
            "reinvestment_rate": null,
            "research_to_sale_ratio": 1.26,
            "price_fair": 152.25,
            "eps_avg_yearly": 4.35,
            "eps_latest_yearly": 5.08,
            "eps_growth_yearly": 82.26
        },
        "20162": {
            "year_quarter": 20162,
            "year": 2016,
            "quarter": 2,
            "eps": 1.38,
            "eps_growth_year": 36.63,
            "eps_4q": 4.69,
            "eps_4q_growth_year": 182.85,
            "roe": 4.32,
            "roe_4q": 14.92,
            "gross_profit": 265151,
            "gross_margin": 30.13,
            "gross_margin_4q_avg": 26.75,
            "net_income": 112970,
            "revenue": 879974,
            "common_shares": 819340,
            "book_valuer_per_share": 30.72,
            "book_valuer_per_share_4q_avg": 32.01,
            "equity": 2517346,
            "current_ratio": 120.21,
            "debt_ratio": 47.06,
            "inventory_turnover_ratio": 1.18,
            "account_receivable_turnover_ratio": 0.99,
            "reinvestment_rate": null,
            "research_to_sale_ratio": 1.91,
            "price_fair": 160.44,
            "eps_avg_yearly": 4.58,
            "eps_latest_yearly": 5.52,
            "eps_growth_yearly": 72.74
        },
        "20163": {
            "year_quarter": 20163,
            "year": 2016,
            "quarter": 3,
            "eps": 1.25,
            "eps_growth_year": 15.74,
            "eps_4q": 4.89,
            "eps_4q_growth_year": 93.18,
            "roe": 4.04,
            "roe_4q": 15.309999999999999,
            "gross_profit": 238142,
            "gross_margin": 27.35,
            "gross_margin_4q_avg": 27.65,
            "net_income": 102697,
            "revenue": 870632,
            "common_shares": 819340,
            "book_valuer_per_share": 31.26,
            "book_valuer_per_share_4q_avg": 31.81,
            "equity": 2561016,
            "current_ratio": 120.74,
            "debt_ratio": 45.26,
            "inventory_turnover_ratio": 1.42,
            "account_receivable_turnover_ratio": 0.95,
            "reinvestment_rate": null,
            "research_to_sale_ratio": 2.38,
            "price_fair": 162.87,
            "eps_avg_yearly": 4.65,
            "eps_latest_yearly": 5,
            "eps_growth_yearly": 54.34
        },
        "20164": {
            "year_quarter": 20164,
            "year": 2016,
            "quarter": 4,
            "eps": 2.05,
            "eps_growth_year": 106.84,
            "eps_4q": 5.95,
            "eps_4q_growth_year": 67.3,
            "roe": 6.39,
            "roe_4q": 18.63,
            "gross_profit": 289500,
            "gross_margin": 31.06,
            "gross_margin_4q_avg": 29.34,
            "net_income": 168274,
            "revenue": 932064,
            "common_shares": 819340,
            "book_valuer_per_share": 33.01,
            "book_valuer_per_share_4q_avg": 32.03,
            "equity": 2704910,
            "current_ratio": 121.81,
            "debt_ratio": 44.45,
            "inventory_turnover_ratio": 1.58,
            "account_receivable_turnover_ratio": 0.95,
            "reinvestment_rate": null,
            "research_to_sale_ratio": 2.25,
            "price_fair": 180.6,
            "eps_avg_yearly": 5.16,
            "eps_latest_yearly": 8.2,
            "eps_growth_yearly": 83.15
        },
        "20171": {
            "year_quarter": 20171,
            "year": 2017,
            "quarter": 1,
            "eps": 1.54,
            "eps_growth_year": 21.26,
            "eps_4q": 6.23,
            "eps_4q_growth_year": 47.26,
            "roe": 4.63,
            "roe_4q": 19.38,
            "gross_profit": 309070,
            "gross_margin": 32.87,
            "gross_margin_4q_avg": 30.35,
            "net_income": 126102,
            "revenue": 940421,
            "common_shares": 819340,
            "book_valuer_per_share": 33.42,
            "book_valuer_per_share_4q_avg": 32.1,
            "equity": 2738502,
            "current_ratio": 122.36,
            "debt_ratio": 41.58,
            "inventory_turnover_ratio": 1.47,
            "account_receivable_turnover_ratio": 0.91,
            "reinvestment_rate": null,
            "research_to_sale_ratio": 1.37,
            "price_fair": 184.98,
            "eps_avg_yearly": 5.29,
            "eps_latest_yearly": 6.16,
            "eps_growth_yearly": 60.31
        },
        "20172": {
            "year_quarter": 20172,
            "year": 2017,
            "quarter": 2,
            "eps": 1.69,
            "eps_growth_year": 22.46,
            "eps_4q": 6.53,
            "eps_4q_growth_year": 39.41,
            "roe": 5.24,
            "roe_4q": 20.3,
            "gross_profit": 287235,
            "gross_margin": 30.58,
            "gross_margin_4q_avg": 30.47,
            "net_income": 138299,
            "revenue": 939266,
            "common_shares": 819340,
            "book_valuer_per_share": 31,
            "book_valuer_per_share_4q_avg": 32.17,
            "equity": 2539791,
            "current_ratio": 105.46,
            "debt_ratio": 49.58,
            "inventory_turnover_ratio": 1.39,
            "account_receivable_turnover_ratio": 0.89,
            "reinvestment_rate": null,
            "research_to_sale_ratio": 2.61,
            "price_fair": 190.71,
            "eps_avg_yearly": 5.45,
            "eps_latest_yearly": 6.76,
            "eps_growth_yearly": 57.94
        },
        "20173": {
            "year_quarter": 20173,
            "year": 2017,
            "quarter": 3,
            "eps": 2,
            "eps_growth_year": 60,
            "eps_4q": 7.28,
            "eps_4q_growth_year": 48.81,
            "roe": 6.21,
            "roe_4q": 22.47,
            "gross_profit": 315243,
            "gross_margin": 30.74,
            "gross_margin_4q_avg": 31.31,
            "net_income": 163799,
            "revenue": 1025422,
            "common_shares": 819340,
            "book_valuer_per_share": 33.37,
            "book_valuer_per_share_4q_avg": 32.7,
            "equity": 2734304,
            "current_ratio": 103.8,
            "debt_ratio": 47.08,
            "inventory_turnover_ratio": 1.36,
            "account_receivable_turnover_ratio": 0.93,
            "reinvestment_rate": null,
            "research_to_sale_ratio": 2,
            "price_fair": 199.64,
            "eps_avg_yearly": 5.7,
            "eps_latest_yearly": 8,
            "eps_growth_yearly": 59.48
        },
        "20174": {
            "year_quarter": 20174,
            "year": 2017,
            "quarter": 4,
            "eps": 2.09,
            "eps_growth_year": 1.9,
            "eps_4q": 7.32,
            "eps_4q_growth_year": 22.95,
            "roe": 6.08,
            "roe_4q": 22.16,
            "gross_profit": 379210,
            "gross_margin": 33.15,
            "gross_margin_4q_avg": 31.84,
            "net_income": 171473,
            "revenue": 1143812,
            "common_shares": 819340,
            "book_valuer_per_share": 35.49,
            "book_valuer_per_share_4q_avg": 33.32,
            "equity": 2907481,
            "current_ratio": 97.16,
            "debt_ratio": 50.23,
            "inventory_turnover_ratio": 1.37,
            "account_receivable_turnover_ratio": 0.93,
            "reinvestment_rate": 61.39,
            "research_to_sale_ratio": 6.81,
            "price_fair": 208.09,
            "eps_avg_yearly": 5.95,
            "eps_latest_yearly": 8.36,
            "eps_growth_yearly": 55.71
        },
        "20181": {
            "year_quarter": 20181,
            "year": 2018,
            "quarter": 1,
            "eps": 1.67,
            "eps_growth_year": 8.44,
            "eps_4q": 7.45,
            "eps_4q_growth_year": 19.64,
            "roe": 4.52,
            "roe_4q": 22.049999999999997,
            "gross_profit": 320894,
            "gross_margin": 29.18,
            "gross_margin_4q_avg": 30.91,
            "net_income": 136625,
            "revenue": 1099584,
            "common_shares": 819340,
            "book_valuer_per_share": 38.23,
            "book_valuer_per_share_4q_avg": 34.52,
            "equity": 3132402,
            "current_ratio": 148.08,
            "debt_ratio": 58.96,
            "inventory_turnover_ratio": 1.35,
            "account_receivable_turnover_ratio": 0.81,
            "reinvestment_rate": 65.02,
            "research_to_sale_ratio": 3.22,
            "price_fair": 210.23,
            "eps_avg_yearly": 6.01,
            "eps_latest_yearly": 6.68,
            "eps_growth_yearly": 44.37
        },
        "20182": {
            "year_quarter": 20182,
            "year": 2018,
            "quarter": 2,
            "eps": 1.19,
            "eps_growth_year": -29.59,
            "eps_4q": 6.95,
            "eps_4q_growth_year": 6.42,
            "roe": 3.36,
            "roe_4q": 20.169999999999998,
            "gross_profit": 292993,
            "gross_margin": 26.91,
            "gross_margin_4q_avg": 30,
            "net_income": 97847,
            "revenue": 1088686,
            "common_shares": 819340,
            "book_valuer_per_share": 32.96,
            "book_valuer_per_share_4q_avg": 35.01,
            "equity": 2700450,
            "current_ratio": 122.92,
            "debt_ratio": 63.42,
            "inventory_turnover_ratio": 1.35,
            "account_receivable_turnover_ratio": 0.79,
            "reinvestment_rate": 71.26,
            "research_to_sale_ratio": 4.04,
            "price_fair": 206.88,
            "eps_avg_yearly": 5.91,
            "eps_latest_yearly": 4.76,
            "eps_growth_yearly": 32.11
        },
        "20183": {
            "year_quarter": 20183,
            "year": 2018,
            "quarter": 3,
            "eps": 1.35,
            "eps_growth_year": -32.5,
            "eps_4q": 6.3,
            "eps_4q_growth_year": -13.4,
            "roe": 4.08,
            "roe_4q": 18.04,
            "gross_profit": 314045,
            "gross_margin": 29.18,
            "gross_margin_4q_avg": 29.61,
            "net_income": 110602,
            "revenue": 1076299,
            "common_shares": 819340,
            "book_valuer_per_share": 33.15,
            "book_valuer_per_share_4q_avg": 34.96,
            "equity": 2716087,
            "current_ratio": 119.86,
            "debt_ratio": 63.55,
            "inventory_turnover_ratio": 1.23,
            "account_receivable_turnover_ratio": 0.78,
            "reinvestment_rate": 81.11,
            "research_to_sale_ratio": 3.02,
            "price_fair": 205.6,
            "eps_avg_yearly": 5.87,
            "eps_latest_yearly": 5.4,
            "eps_growth_yearly": 33.66
        },
        "20184": {
            "year_quarter": 20184,
            "year": 2018,
            "quarter": 4,
            "eps": 1.89,
            "eps_growth_year": -9.82,
            "eps_4q": 6.1,
            "eps_4q_growth_year": -16.67,
            "roe": 5.51,
            "roe_4q": 17.47,
            "gross_profit": 358338,
            "gross_margin": 30.88,
            "gross_margin_4q_avg": 29.04,
            "net_income": 154635,
            "revenue": 1160270,
            "common_shares": 819340,
            "book_valuer_per_share": 35.35,
            "book_valuer_per_share_4q_avg": 34.92,
            "equity": 2896489,
            "current_ratio": 123.17,
            "debt_ratio": 62.92,
            "inventory_turnover_ratio": 1.14,
            "account_receivable_turnover_ratio": 0.81,
            "reinvestment_rate": 91.32,
            "research_to_sale_ratio": 3.6,
            "price_fair": 209.53,
            "eps_avg_yearly": 5.99,
            "eps_latest_yearly": 7.56,
            "eps_growth_yearly": 42.08
        },
        "20191": {
            "year_quarter": 20191,
            "year": 2019,
            "quarter": 1,
            "eps": 2,
            "eps_growth_year": 19.76,
            "eps_4q": 6.43,
            "eps_4q_growth_year": -13.67,
            "roe": 5.44,
            "roe_4q": 18.39,
            "gross_profit": 309391,
            "gross_margin": 27.8,
            "gross_margin_4q_avg": 28.69,
            "net_income": 163693,
            "revenue": 1113047,
            "common_shares": 819340,
            "book_valuer_per_share": 38.13,
            "book_valuer_per_share_4q_avg": 34.9,
            "equity": 3124019,
            "current_ratio": 121.51,
            "debt_ratio": 62.05,
            "inventory_turnover_ratio": 1.02,
            "account_receivable_turnover_ratio": 0.77,
            "reinvestment_rate": 96.02,
            "research_to_sale_ratio": 3.38,
            "price_fair": 213.94,
            "eps_avg_yearly": 6.11,
            "eps_latest_yearly": 8,
            "eps_growth_yearly": 40.91
        },
        "20192": {
            "year_quarter": 20192,
            "year": 2019,
            "quarter": 2,
            "eps": 1.73,
            "eps_growth_year": 45.38,
            "eps_4q": 6.97,
            "eps_4q_growth_year": 0.19,
            "roe": 4.66,
            "roe_4q": 19.69,
            "gross_profit": 348844,
            "gross_margin": 28.64,
            "gross_margin_4q_avg": 29.13,
            "net_income": 141869,
            "revenue": 1217923,
            "common_shares": 819340,
            "book_valuer_per_share": 36.19,
            "book_valuer_per_share_4q_avg": 35.71,
            "equity": 2965123,
            "current_ratio": 114.26,
            "debt_ratio": 65.77,
            "inventory_turnover_ratio": 1.07,
            "account_receivable_turnover_ratio": 0.8,
            "reinvestment_rate": 97.05,
            "research_to_sale_ratio": 3.88,
            "price_fair": 211.98,
            "eps_avg_yearly": 6.29,
            "eps_latest_yearly": 6.92,
            "eps_growth_yearly": 23.69
        },
        "20193": {
            "year_quarter": 20193,
            "year": 2019,
            "quarter": 3,
            "eps": 1.91,
            "eps_growth_year": 41.48,
            "eps_4q": 7.53,
            "eps_4q_growth_year": 19.48,
            "roe": 5.24,
            "roe_4q": 20.85,
            "gross_profit": 367697,
            "gross_margin": 27.7,
            "gross_margin_4q_avg": 28.76,
            "net_income": 156953,
            "revenue": 1327257,
            "common_shares": 819340,
            "book_valuer_per_share": 36.87,
            "book_valuer_per_share_4q_avg": 36.64,
            "equity": 3020595,
            "current_ratio": 122.24,
            "debt_ratio": 64.59,
            "inventory_turnover_ratio": 1.27,
            "account_receivable_turnover_ratio": 0.79,
            "reinvestment_rate": 84.17,
            "research_to_sale_ratio": 4.37,
            "price_fair": 224.62,
            "eps_avg_yearly": 6.5,
            "eps_latest_yearly": 7.64,
            "eps_growth_yearly": 24.56
        },
        "20194": {
            "year_quarter": 20194,
            "year": 2019,
            "quarter": 4,
            "eps": 1.95,
            "eps_growth_year": 3.41,
            "eps_4q": 7.6,
            "eps_4q_growth_year": 24.56,
            "roe": 5.22,
            "roe_4q": 20.560000000000002,
            "gross_profit": 354443,
            "gross_margin": 26.14,
            "gross_margin_4q_avg": 27.57,
            "net_income": 159912,
            "revenue": 1355871,
            "common_shares": 819340,
            "book_valuer_per_share": 37.97,
            "book_valuer_per_share_4q_avg": 37.29,
            "equity": 3111318,
            "current_ratio": 125.94,
            "debt_ratio": 65,
            "inventory_turnover_ratio": 1.42,
            "account_receivable_turnover_ratio": 0.76,
            "reinvestment_rate": 79.47,
            "research_to_sale_ratio": 2,
            "price_fair": 235.9,
            "eps_avg_yearly": 6.74,
            "eps_latest_yearly": 7.8,
            "eps_growth_yearly": 27.16
        },
        "20201": {
            "year_quarter": 20201,
            "year": 2020,
            "quarter": 1,
            "eps": 0.88,
            "eps_growth_year": -56,
            "eps_4q": 6.47,
            "eps_4q_growth_year": 0.69,
            "roe": 2.29,
            "roe_4q": 17.41,
            "gross_profit": 225993,
            "gross_margin": 23.02,
            "gross_margin_4q_avg": 26.38,
            "net_income": 71695,
            "revenue": 981546,
            "common_shares": 819340,
            "book_valuer_per_share": 38.59,
            "book_valuer_per_share_4q_avg": 37.41,
            "equity": 3161922,
            "current_ratio": 92.74,
            "debt_ratio": 63.68,
            "inventory_turnover_ratio": 1.14,
            "account_receivable_turnover_ratio": 0.56,
            "reinvestment_rate": 78.88,
            "research_to_sale_ratio": 3.97,
            "price_fair": 108.77,
            "eps_avg_yearly": 6.64,
            "eps_latest_yearly": 3.52,
            "eps_growth_yearly": 6.38
        },
        "20202": {
            "year_quarter": 20202,
            "year": 2020,
            "quarter": 2,
            "eps": 0.8,
            "eps_growth_year": -53.76,
            "eps_4q": 4.22,
            "eps_4q_growth_year": -39.41,
            "roe": 2.22,
            "roe_4q": 14.97,
            "gross_profit": 363954,
            "gross_margin": 24.87,
            "gross_margin_4q_avg": 25.43,
            "net_income": 84223,
            "revenue": 1463708,
            "common_shares": 1059340,
            "book_valuer_per_share": 41.67,
            "book_valuer_per_share_4q_avg": 38.78,
            "equity": 4414643,
            "current_ratio": 99.6,
            "debt_ratio": 60.77,
            "inventory_turnover_ratio": 1.17,
            "account_receivable_turnover_ratio": 0.76,
            "reinvestment_rate": 114.35,
            "research_to_sale_ratio": 3.95,
            "price_fair": 77.56,
            "eps_avg_yearly": 6.5,
            "eps_latest_yearly": 3.2,
            "eps_growth_yearly": 1.94
        },
        "20203": {
            "year_quarter": 20203,
            "year": 2020,
            "quarter": 3,
            "eps": 2.45,
            "eps_growth_year": 28.27,
            "eps_4q": 5.03,
            "eps_4q_growth_year": -33.19,
            "roe": 5.37,
            "roe_4q": 15.099999999999998,
            "gross_profit": 598049,
            "gross_margin": 28.66,
            "gross_margin_4q_avg": 25.67,
            "net_income": 261396,
            "revenue": 2086592,
            "common_shares": 1059340,
            "book_valuer_per_share": 48.59,
            "book_valuer_per_share_4q_avg": 41.71,
            "equity": 5326335,
            "current_ratio": 114.64,
            "debt_ratio": 54.94,
            "inventory_turnover_ratio": 1.22,
            "account_receivable_turnover_ratio": 0.9,
            "reinvestment_rate": 108.36,
            "research_to_sale_ratio": 2.86,
            "price_fair": 237.91,
            "eps_avg_yearly": 6.8,
            "eps_latest_yearly": 9.8,
            "eps_growth_yearly": 55.85
        },
        "20204": {
            "year_quarter": 20204,
            "year": 2020,
            "quarter": 4,
            "eps": 2.5,
            "eps_growth_year": 28.11,
            "eps_4q": 5.99,
            "eps_4q_growth_year": -21.09,
            "roe": 4.91,
            "roe_4q": 14.790000000000003,
            "gross_profit": 611338,
            "gross_margin": 29.88,
            "gross_margin_4q_avg": 26.61,
            "net_income": 280289,
            "revenue": 2045670,
            "common_shares": 1096103,
            "book_valuer_per_share": 54.24,
            "book_valuer_per_share_4q_avg": 45.77,
            "equity": 6079942,
            "current_ratio": 128.87,
            "debt_ratio": 50.04,
            "inventory_turnover_ratio": 1.15,
            "account_receivable_turnover_ratio": 0.82,
            "reinvestment_rate": 106.7,
            "research_to_sale_ratio": 3.25,
            "price_fair": 241.85,
            "eps_avg_yearly": 6.91,
            "eps_latest_yearly": 10,
            "eps_growth_yearly": 40.36
        },
        "20211": {
            "year_quarter": 20211,
            "year": 2021,
            "quarter": 1,
            "eps": 3,
            "eps_growth_year": 240.91,
            "eps_4q": 8.17,
            "eps_4q_growth_year": 26.24,
            "roe": 5.27,
            "roe_4q": 17.77,
            "gross_profit": 603615,
            "gross_margin": 26.68,
            "gross_margin_4q_avg": 27.52,
            "net_income": 341407,
            "revenue": 2262280,
            "common_shares": 1152225,
            "book_valuer_per_share": 59.77,
            "book_valuer_per_share_4q_avg": 51.07,
            "equity": 6886775,
            "current_ratio": 150.91,
            "debt_ratio": 42.7,
            "inventory_turnover_ratio": 1.29,
            "account_receivable_turnover_ratio": 0.84,
            "reinvestment_rate": 102.06,
            "research_to_sale_ratio": 2.97,
            "price_fair": 254.63,
            "eps_avg_yearly": 7.28,
            "eps_latest_yearly": 12,
            "eps_growth_yearly": 51.58
        },
        "20212": {
            "year_quarter": 20212,
            "year": 2021,
            "quarter": 2,
            "eps": 2.52,
            "eps_growth_year": 215,
            "eps_4q": 10.19,
            "eps_4q_growth_year": 141.43,
            "roe": 4.29,
            "roe_4q": 19.84,
            "gross_profit": 622193,
            "gross_margin": 27.73,
            "gross_margin_4q_avg": 28.24,
            "net_income": 291051,
            "revenue": 2244021,
            "common_shares": 1152225,
            "book_valuer_per_share": 58.01,
            "book_valuer_per_share_4q_avg": 55.15,
            "equity": 6683785,
            "current_ratio": 140.29,
            "debt_ratio": 46.05,
            "inventory_turnover_ratio": 1.23,
            "account_receivable_turnover_ratio": 0.79,
            "reinvestment_rate": 89.32,
            "research_to_sale_ratio": 2.49,
            "price_fair": 261.89,
            "eps_avg_yearly": 7.48,
            "eps_latest_yearly": 10.08,
            "eps_growth_yearly": 45.15
        },
        "20213": {
            "year_quarter": 20213,
            "year": 2021,
            "quarter": 3,
            "eps": 2.55,
            "eps_growth_year": 4.08,
            "eps_4q": 10.48,
            "eps_4q_growth_year": 108.22,
            "roe": 4.32,
            "roe_4q": 18.79,
            "gross_profit": 608312,
            "gross_margin": 28.76,
            "gross_margin_4q_avg": 28.26,
            "net_income": 294503,
            "revenue": 2115402,
            "common_shares": 1152225,
            "book_valuer_per_share": 60.42,
            "book_valuer_per_share_4q_avg": 58.11,
            "equity": 6961868,
            "current_ratio": 145.61,
            "debt_ratio": 44.81,
            "inventory_turnover_ratio": 0.99,
            "account_receivable_turnover_ratio": 0.76,
            "reinvestment_rate": 81.93,
            "research_to_sale_ratio": 2.63,
            "price_fair": 266.7,
            "eps_avg_yearly": 7.62,
            "eps_latest_yearly": 10.2,
            "eps_growth_yearly": 40.86
        },
        "20214": {
            "year_quarter": 20214,
            "year": 2021,
            "quarter": 4,
            "eps": 2.39,
            "eps_growth_year": -4.22,
            "eps_4q": 10.44,
            "eps_4q_growth_year": 74.17,
            "roe": 3.88,
            "roe_4q": 17.759999999999998,
            "gross_profit": 599540,
            "gross_margin": 27.35,
            "gross_margin_4q_avg": 27.63,
            "net_income": 275956,
            "revenue": 2192364,
            "common_shares": 1152225,
            "book_valuer_per_share": 63.18,
            "book_valuer_per_share_4q_avg": 60.35,
            "equity": 7279737,
            "current_ratio": 155.96,
            "debt_ratio": 41.04,
            "inventory_turnover_ratio": 0.89,
            "account_receivable_turnover_ratio": 0.86,
            "reinvestment_rate": 70.74,
            "research_to_sale_ratio": 3.19,
            "price_fair": 269.33,
            "eps_avg_yearly": 7.7,
            "eps_latest_yearly": 9.56,
            "eps_growth_yearly": 38.17
        },
        "20221": {
            "year_quarter": 20221,
            "year": 2022,
            "quarter": 1,
            "eps": 2.82,
            "eps_growth_year": -6,
            "eps_4q": 10.3,
            "eps_4q_growth_year": 26.01,
            "roe": 4.49,
            "roe_4q": 16.98,
            "gross_profit": 590574,
            "gross_margin": 25.26,
            "gross_margin_4q_avg": 27.28,
            "net_income": 325022,
            "revenue": 2337874,
            "common_shares": 1152225,
            "book_valuer_per_share": 62.44,
            "book_valuer_per_share_4q_avg": 61.01,
            "equity": 7195014,
            "current_ratio": 145.57,
            "debt_ratio": 44.61,
            "inventory_turnover_ratio": 0.92,
            "account_receivable_turnover_ratio": 0.86,
            "reinvestment_rate": 70.76,
            "research_to_sale_ratio": 2.62,
            "price_fair": 279.39,
            "eps_avg_yearly": 7.98,
            "eps_latest_yearly": 11.28,
            "eps_growth_yearly": 47.69
        },
        "20222": {
            "year_quarter": 20222,
            "year": 2022,
            "quarter": 2,
            "eps": 3.11,
            "eps_growth_year": 23.41,
            "eps_4q": 10.88,
            "eps_4q_growth_year": 6.82,
            "roe": 4.89,
            "roe_4q": 17.58,
            "gross_profit": 642014,
            "gross_margin": 28.03,
            "gross_margin_4q_avg": 27.35,
            "net_income": 358688,
            "revenue": 2290323,
            "common_shares": 1152225,
            "book_valuer_per_share": 64.91,
            "book_valuer_per_share_4q_avg": 62.74,
            "equity": 7478568,
            "current_ratio": 153.65,
            "debt_ratio": 43.62,
            "inventory_turnover_ratio": 0.86,
            "account_receivable_turnover_ratio": 0.77,
            "reinvestment_rate": 56.89,
            "research_to_sale_ratio": 2.33,
            "price_fair": 296.19,
            "eps_avg_yearly": 8.46,
            "eps_latest_yearly": 12.44,
            "eps_growth_yearly": 57.45
        },
        "20223": {
            "year_quarter": 20223,
            "year": 2022,
            "quarter": 3,
            "eps": 3.68,
            "eps_growth_year": 44.31,
            "eps_4q": 12,
            "eps_4q_growth_year": 14.55,
            "roe": 5.48,
            "roe_4q": 18.740000000000002,
            "gross_profit": 659379,
            "gross_margin": 27.74,
            "gross_margin_4q_avg": 27.1,
            "net_income": 423267,
            "revenue": 2377051,
            "common_shares": 1152225,
            "book_valuer_per_share": 69.08,
            "book_valuer_per_share_4q_avg": 64.9,
            "equity": 7959954,
            "current_ratio": 164.11,
            "debt_ratio": 41.46,
            "inventory_turnover_ratio": 0.87,
            "account_receivable_turnover_ratio": 0.77,
            "reinvestment_rate": 46.59,
            "research_to_sale_ratio": 3,
            "price_fair": 316.58,
            "eps_avg_yearly": 9.05,
            "eps_latest_yearly": 14.72,
            "eps_growth_yearly": 58.67
        },
        "20224": {
            "year_quarter": 20224,
            "year": 2022,
            "quarter": 4,
            "eps": 2.59,
            "eps_growth_year": 8.14,
            "eps_4q": 12.2,
            "eps_4q_growth_year": 16.83,
            "roe": 3.7,
            "roe_4q": 18.560000000000002,
            "gross_profit": 612703,
            "gross_margin": 27.48,
            "gross_margin_4q_avg": 27.13,
            "net_income": 298405,
            "revenue": 2229935,
            "common_shares": 1152225,
            "book_valuer_per_share": 71.07,
            "book_valuer_per_share_4q_avg": 66.88,
            "equity": 8188741,
            "current_ratio": 170.26,
            "debt_ratio": 39.16,
            "inventory_turnover_ratio": 0.83,
            "account_receivable_turnover_ratio": 0.73,
            "reinvestment_rate": 38.47,
            "research_to_sale_ratio": 2.41,
            "price_fair": 322.7,
            "eps_avg_yearly": 9.22,
            "eps_latest_yearly": 10.36,
            "eps_growth_yearly": 41.26
        },
        "20231": {
            "year_quarter": 20231,
            "year": 2023,
            "quarter": 1,
            "eps": 1.38,
            "eps_growth_year": -51.06,
            "eps_4q": 10.76,
            "eps_4q_growth_year": 4.45,
            "roe": 2,
            "roe_4q": 16.07,
            "gross_profit": 414081,
            "gross_margin": 22.24,
            "gross_margin_4q_avg": 26.37,
            "net_income": 158971,
            "revenue": 1861454,
            "common_shares": 1152225,
            "book_valuer_per_share": 66.64,
            "book_valuer_per_share_4q_avg": 67.93,
            "equity": 7678567,
            "current_ratio": 151.09,
            "debt_ratio": 42.19,
            "inventory_turnover_ratio": 0.78,
            "account_receivable_turnover_ratio": 0.67,
            "reinvestment_rate": 34.68,
            "research_to_sale_ratio": 3.31,
            "price_fair": 317.28,
            "eps_avg_yearly": 9.07,
            "eps_latest_yearly": 5.52,
            "eps_growth_yearly": 28.13
        }
    },
    "months": {
        "2014-01": {
            "month": "2014-01",
            "price": "82.06",
            "revenue": 225613
        },
        "2014-02": {
            "month": "2014-02",
            "price": "77.70",
            "revenue": 172721
        },
        "2014-03": {
            "month": "2014-03",
            "price": "73.06",
            "revenue": 265341
        },
        "2014-04": {
            "month": "2014-04",
            "price": "77.26",
            "revenue": 239014
        },
        "2014-05": {
            "month": "2014-05",
            "price": "77.12",
            "revenue": 243070
        },
        "2014-06": {
            "month": "2014-06",
            "price": "77.83",
            "revenue": 210431
        },
        "2014-07": {
            "month": "2014-07",
            "price": "75.09",
            "revenue": 233578
        },
        "2014-08": {
            "month": "2014-08",
            "price": "73.37",
            "revenue": 229344
        },
        "2014-09": {
            "month": "2014-09",
            "price": "72.65",
            "revenue": 261132
        },
        "2014-10": {
            "month": "2014-10",
            "price": "70.27",
            "revenue": 225543
        },
        "2014-11": {
            "month": "2014-11",
            "price": "69.94",
            "revenue": 245986
        },
        "2014-12": {
            "month": "2014-12",
            "price": "67.81",
            "revenue": 243136
        },
        "2015-01": {
            "month": "2015-01",
            "price": "71.37",
            "revenue": 303129
        },
        "2015-02": {
            "month": "2015-02",
            "price": "78.05",
            "revenue": 204353
        },
        "2015-03": {
            "month": "2015-03",
            "price": "76.28",
            "revenue": 263256
        },
        "2015-04": {
            "month": "2015-04",
            "price": "79.72",
            "revenue": 262968
        },
        "2015-05": {
            "month": "2015-05",
            "price": "81.66",
            "revenue": 247322
        },
        "2015-06": {
            "month": "2015-06",
            "price": "84.55",
            "revenue": 232718
        },
        "2015-07": {
            "month": "2015-07",
            "price": "79.44",
            "revenue": 242738
        },
        "2015-08": {
            "month": "2015-08",
            "price": "57.03",
            "revenue": 244588
        },
        "2015-09": {
            "month": "2015-09",
            "price": "57.26",
            "revenue": 232912
        },
        "2015-10": {
            "month": "2015-10",
            "price": "65.70",
            "revenue": 266915
        },
        "2015-11": {
            "month": "2015-11",
            "price": "71.42",
            "revenue": 288982
        },
        "2015-12": {
            "month": "2015-12",
            "price": "71.61",
            "revenue": 276320
        },
        "2016-01": {
            "month": "2016-01",
            "price": "67.12",
            "revenue": 341355
        },
        "2016-02": {
            "month": "2016-02",
            "price": "75.48",
            "revenue": 211891
        },
        "2016-03": {
            "month": "2016-03",
            "price": "82.19",
            "revenue": 291416
        },
        "2016-04": {
            "month": "2016-04",
            "price": "95.38",
            "revenue": 304152
        },
        "2016-05": {
            "month": "2016-05",
            "price": "95.31",
            "revenue": 294601
        },
        "2016-06": {
            "month": "2016-06",
            "price": "110.79",
            "revenue": 281221
        },
        "2016-07": {
            "month": "2016-07",
            "price": "118.05",
            "revenue": 284811
        },
        "2016-08": {
            "month": "2016-08",
            "price": "127.67",
            "revenue": 286242
        },
        "2016-09": {
            "month": "2016-09",
            "price": "150.13",
            "revenue": 299579
        },
        "2016-10": {
            "month": "2016-10",
            "price": "149.40",
            "revenue": 296132
        },
        "2016-11": {
            "month": "2016-11",
            "price": "129.32",
            "revenue": 320493
        },
        "2016-12": {
            "month": "2016-12",
            "price": "131.30",
            "revenue": 315439
        },
        "2017-01": {
            "month": "2017-01",
            "price": "132.25",
            "revenue": 304565
        },
        "2017-02": {
            "month": "2017-02",
            "price": "143.57",
            "revenue": 271208
        },
        "2017-03": {
            "month": "2017-03",
            "price": "137.20",
            "revenue": 364648
        },
        "2017-04": {
            "month": "2017-04",
            "price": "131.89",
            "revenue": 308439
        },
        "2017-05": {
            "month": "2017-05",
            "price": "146.88",
            "revenue": 311036
        },
        "2017-06": {
            "month": "2017-06",
            "price": "146.52",
            "revenue": 319792
        },
        "2017-07": {
            "month": "2017-07",
            "price": "161.69",
            "revenue": 329487
        },
        "2017-08": {
            "month": "2017-08",
            "price": "168.24",
            "revenue": 366157
        },
        "2017-09": {
            "month": "2017-09",
            "price": "185.82",
            "revenue": 329777
        },
        "2017-10": {
            "month": "2017-10",
            "price": "185.97",
            "revenue": 373129
        },
        "2017-11": {
            "month": "2017-11",
            "price": "166.91",
            "revenue": 370579
        },
        "2017-12": {
            "month": "2017-12",
            "price": "165.02",
            "revenue": 400104
        },
        "2018-01": {
            "month": "2018-01",
            "price": "172.93",
            "revenue": 409832
        },
        "2018-02": {
            "month": "2018-02",
            "price": "167.96",
            "revenue": 306985
        },
        "2018-03": {
            "month": "2018-03",
            "price": "171.04",
            "revenue": 382767
        },
        "2018-04": {
            "month": "2018-04",
            "price": "181.14",
            "revenue": 365792
        },
        "2018-05": {
            "month": "2018-05",
            "price": "167.66",
            "revenue": 356643
        },
        "2018-06": {
            "month": "2018-06",
            "price": "156.92",
            "revenue": 366251
        },
        "2018-07": {
            "month": "2018-07",
            "price": "138.23",
            "revenue": 354291
        },
        "2018-08": {
            "month": "2018-08",
            "price": "108.00",
            "revenue": 370920
        },
        "2018-09": {
            "month": "2018-09",
            "price": "84.95",
            "revenue": 351088
        },
        "2018-10": {
            "month": "2018-10",
            "price": "75.60",
            "revenue": 381464
        },
        "2018-11": {
            "month": "2018-11",
            "price": "89.28",
            "revenue": 404771
        },
        "2018-12": {
            "month": "2018-12",
            "price": "106.19",
            "revenue": 374035
        },
        "2019-01": {
            "month": "2019-01",
            "price": "119.79",
            "revenue": 412156
        },
        "2019-02": {
            "month": "2019-02",
            "price": "126.62",
            "revenue": 308192
        },
        "2019-03": {
            "month": "2019-03",
            "price": "119.45",
            "revenue": 392699
        },
        "2019-04": {
            "month": "2019-04",
            "price": "120.92",
            "revenue": 406177
        },
        "2019-05": {
            "month": "2019-05",
            "price": "104.49",
            "revenue": 408305
        },
        "2019-06": {
            "month": "2019-06",
            "price": "114.32",
            "revenue": 403441
        },
        "2019-07": {
            "month": "2019-07",
            "price": "124.52",
            "revenue": 431631
        },
        "2019-08": {
            "month": "2019-08",
            "price": "134.29",
            "revenue": 446858
        },
        "2019-09": {
            "month": "2019-09",
            "price": "153.16",
            "revenue": 448768
        },
        "2019-10": {
            "month": "2019-10",
            "price": "177.95",
            "revenue": 450699
        },
        "2019-11": {
            "month": "2019-11",
            "price": "176.74",
            "revenue": 460303
        },
        "2019-12": {
            "month": "2019-12",
            "price": "175.98",
            "revenue": 444869
        },
        "2020-01": {
            "month": "2020-01",
            "price": "179.17",
            "revenue": 351601
        },
        "2020-02": {
            "month": "2020-02",
            "price": "168.58",
            "revenue": 260341
        },
        "2020-03": {
            "month": "2020-03",
            "price": "119.44",
            "revenue": 369604
        },
        "2020-04": {
            "month": "2020-04",
            "price": "127.62",
            "revenue": 478030
        },
        "2020-05": {
            "month": "2020-05",
            "price": "138.30",
            "revenue": 435998
        },
        "2020-06": {
            "month": "2020-06",
            "price": "164.50",
            "revenue": 549680
        },
        "2020-07": {
            "month": "2020-07",
            "price": "174.17",
            "revenue": 666995
        },
        "2020-08": {
            "month": "2020-08",
            "price": "183.93",
            "revenue": 686558
        },
        "2020-09": {
            "month": "2020-09",
            "price": "183.09",
            "revenue": 733039
        },
        "2020-10": {
            "month": "2020-10",
            "price": "175.47",
            "revenue": 670606
        },
        "2020-11": {
            "month": "2020-11",
            "price": "188.05",
            "revenue": 727790
        },
        "2020-12": {
            "month": "2020-12",
            "price": "178.50",
            "revenue": 647274
        },
        "2021-01": {
            "month": "2021-01",
            "price": "177.28",
            "revenue": 764702
        },
        "2021-02": {
            "month": "2021-02",
            "price": "182.12",
            "revenue": 675134
        },
        "2021-03": {
            "month": "2021-03",
            "price": "181.25",
            "revenue": 822444
        },
        "2021-04": {
            "month": "2021-04",
            "price": "184.47",
            "revenue": 758924
        },
        "2021-05": {
            "month": "2021-05",
            "price": "167.62",
            "revenue": 753440
        },
        "2021-06": {
            "month": "2021-06",
            "price": "179.07",
            "revenue": 731657
        },
        "2021-07": {
            "month": "2021-07",
            "price": "183.02",
            "revenue": 695303
        },
        "2021-08": {
            "month": "2021-08",
            "price": "162.61",
            "revenue": 713676
        },
        "2021-09": {
            "month": "2021-09",
            "price": "162.42",
            "revenue": 706423
        },
        "2021-10": {
            "month": "2021-10",
            "price": "160.55",
            "revenue": 711128
        },
        "2021-11": {
            "month": "2021-11",
            "price": "178.25",
            "revenue": 775950
        },
        "2021-12": {
            "month": "2021-12",
            "price": "178.05",
            "revenue": 705286
        },
        "2022-01": {
            "month": "2022-01",
            "price": "164.53",
            "revenue": 908621
        },
        "2022-02": {
            "month": "2022-02",
            "price": "163.03",
            "revenue": 626616
        },
        "2022-03": {
            "month": "2022-03",
            "price": "149.96",
            "revenue": 802637
        },
        "2022-04": {
            "month": "2022-04",
            "price": "137.95",
            "revenue": 779405
        },
        "2022-05": {
            "month": "2022-05",
            "price": "137.50",
            "revenue": 706761
        },
        "2022-06": {
            "month": "2022-06",
            "price": "153.88",
            "revenue": 804157
        },
        "2022-07": {
            "month": "2022-07",
            "price": "163.86",
            "revenue": 797410
        },
        "2022-08": {
            "month": "2022-08",
            "price": "159.37",
            "revenue": 849739
        },
        "2022-09": {
            "month": "2022-09",
            "price": "165.67",
            "revenue": 729902
        },
        "2022-10": {
            "month": "2022-10",
            "price": "152.38",
            "revenue": 733350
        },
        "2022-11": {
            "month": "2022-11",
            "price": "155.75",
            "revenue": 802472
        },
        "2022-12": {
            "month": "2022-12",
            "price": "151.75",
            "revenue": 694113
        },
        "2023-01": {
            "month": "2023-01",
            "price": "146.00",
            "revenue": 580609
        },
        "2023-02": {
            "month": "2023-02",
            "price": "151.86",
            "revenue": 622168
        },
        "2023-03": {
            "month": "2023-03",
            "price": "148.35",
            "revenue": 658677
        },
        "2023-04": {
            "month": "2023-04",
            "price": "140.74",
            "revenue": 565466
        }
    }
}
