{
    "summary": {
        "stock_name": "力達-KY",
        "stock_id": "4552",
        "category": "電機機械",
        "main_business": "以自營品牌專業研發、製造及銷售通用型空氣壓縮機",
        "website_url": "http://www.lidaholdings.com",
        "ceo": "陳乙平",
        "pe_ratio": 9,
        "report_year_from": 2015,
        "report_year_to": 2023,
        "age": 8,
        "eps_negative_percentage": 3,
        "eps_growth_avg": {
            "last_all": -7.72,
            "last_2y": 9.45,
            "last_4y": -8.7,
            "last_8y": null,
            "last_12y": null,
            "last_16y": null,
            "last_20y": null,
            "at_2006_last_3y": null,
            "at_2007_last_3y": null,
            "at_2008_last_3y": null,
            "at_2009_last_3y": null,
            "at_2010_last_3y": null,
            "at_2011_last_3y": null,
            "at_2012_last_3y": null,
            "at_2013_last_3y": null,
            "at_2014_last_3y": null,
            "at_2015_last_3y": null,
            "at_2016_last_3y": null,
            "at_2017_last_3y": null,
            "at_2018_last_3y": null,
            "at_2019_last_3y": -20.59,
            "at_2020_last_3y": -30.49,
            "at_2021_last_3y": -16.63,
            "at_2022_last_3y": -6.71,
            "at_2023_last_3y": -6.71,
            "at_2006_last_all": null,
            "at_2007_last_all": null,
            "at_2008_last_all": null,
            "at_2009_last_all": null,
            "at_2010_last_all": null,
            "at_2011_last_all": null,
            "at_2012_last_all": null,
            "at_2013_last_all": null,
            "at_2014_last_all": null,
            "at_2015_last_all": null,
            "at_2016_last_all": null,
            "at_2017_last_all": -5.25,
            "at_2018_last_all": -9.06,
            "at_2019_last_all": -20.59,
            "at_2020_last_all": -23.6,
            "at_2021_last_all": -12.84,
            "at_2022_last_all": -7.72,
            "at_2023_last_all": -7.72
        },
        "latest_eps": 3.8,
        "latest_price": 33.1,
        "latest_roe": 7.61,
        "latest_gross_margin": 20.68,
        "latest_equity": 5911236,
        "latest_revenue": 806904,
        "latest_gross_profit": 166883,
        "latest_net_income": 63378,
        "latest_debt_ratio": 19.8,
        "latest_current_ratio": 435.05,
        "latest_account_receivable_turnover_ratio": 0.9,
        "latest_inventory_turnover_ratio": 1.98,
        "latest_reinvestment_rate": 174.65,
        "latest_research_to_sale_ratio": 6.55
    },
    "eps_dividends": {
        "2001": {
            "cash": 0,
            "stock": 0,
            "eps": 0
        },
        "2002": {
            "cash": 0,
            "stock": 0,
            "eps": 0
        },
        "2003": {
            "cash": 0,
            "stock": 0,
            "eps": 0
        },
        "2004": {
            "cash": 0,
            "stock": 0,
            "eps": 0
        },
        "2005": {
            "cash": 0,
            "stock": 0,
            "eps": 0
        },
        "2006": {
            "cash": 0,
            "stock": 0,
            "eps": 0
        },
        "2007": {
            "cash": 0,
            "stock": 0,
            "eps": 0
        },
        "2008": {
            "cash": 0,
            "stock": 0,
            "eps": 0
        },
        "2009": {
            "cash": 0,
            "stock": 0,
            "eps": 0
        },
        "2010": {
            "cash": 0,
            "stock": 0,
            "eps": 0
        },
        "2011": {
            "cash": 0,
            "stock": 0,
            "eps": 0
        },
        "2012": {
            "cash": 0,
            "stock": 0,
            "eps": 0
        },
        "2013": {
            "cash": 0,
            "stock": 0,
            "eps": 0
        },
        "2014": {
            "cash": 0,
            "stock": 0,
            "eps": 0
        },
        "2015": {
            "cash": 0,
            "stock": 0,
            "eps": 10.39
        },
        "2016": {
            "cash": 2,
            "stock": 0,
            "eps": 10.8
        },
        "2017": {
            "cash": 8,
            "stock": 0,
            "eps": 9.24
        },
        "2018": {
            "cash": 5,
            "stock": 0,
            "eps": 7.7
        },
        "2019": {
            "cash": 2,
            "stock": 2,
            "eps": 3.45
        },
        "2020": {
            "cash": 2,
            "stock": 0,
            "eps": 2.22
        },
        "2021": {
            "cash": 1,
            "stock": 0,
            "eps": 3.13
        },
        "2022": {
            "cash": 1,
            "stock": 0,
            "eps": 3.85
        },
        "2023": {
            "cash": 1,
            "stock": 0,
            "eps": 0.55
        }
    },
    "dividends": {
        "2016-05-10": {
            "cash": 2,
            "stock": 0
        },
        "2017-08-28": {
            "cash": 8,
            "stock": 0
        },
        "2018-11-29": {
            "cash": 5,
            "stock": 0
        },
        "2019-10-31": {
            "cash": 2.3,
            "stock": 1.6
        },
        "2020-10-30": {
            "cash": 1.7,
            "stock": 0
        },
        "2021-10-29": {
            "cash": 1.11,
            "stock": 0
        },
        "2022-12-15": {
            "cash": 1,
            "stock": 0
        },
        "2023-03-27": {
            "cash": 1.3,
            "stock": 0
        }
    },
    "prices": {
        "200101": "無",
        "200102": "無",
        "200103": "無",
        "200104": "無",
        "200105": "無",
        "200106": "無",
        "200107": "無",
        "200108": "無",
        "200109": "無",
        "200110": "無",
        "200111": "無",
        "200112": "無",
        "200201": "無",
        "200202": "無",
        "200203": "無",
        "200204": "無",
        "200205": "無",
        "200206": "無",
        "200207": "無",
        "200208": "無",
        "200209": "無",
        "200210": "無",
        "200211": "無",
        "200212": "無",
        "200301": "無",
        "200302": "無",
        "200303": "無",
        "200304": "無",
        "200305": "無",
        "200306": "無",
        "200307": "無",
        "200308": "無",
        "200309": "無",
        "200310": "無",
        "200311": "無",
        "200312": "無",
        "200401": "無",
        "200402": "無",
        "200403": "無",
        "200404": "無",
        "200405": "無",
        "200406": "無",
        "200407": "無",
        "200408": "無",
        "200409": "無",
        "200410": "無",
        "200411": "無",
        "200412": "無",
        "200501": "無",
        "200502": "無",
        "200503": "無",
        "200504": "無",
        "200505": "無",
        "200506": "無",
        "200507": "無",
        "200508": "無",
        "200509": "無",
        "200510": "無",
        "200511": "無",
        "200512": "無",
        "200601": "無",
        "200602": "無",
        "200603": "無",
        "200604": "無",
        "200605": "無",
        "200606": "無",
        "200607": "無",
        "200608": "無",
        "200609": "無",
        "200610": "無",
        "200611": "無",
        "200612": "無",
        "200701": "無",
        "200702": "無",
        "200703": "無",
        "200704": "無",
        "200705": "無",
        "200706": "無",
        "200707": "無",
        "200708": "無",
        "200709": "無",
        "200710": "無",
        "200711": "無",
        "200712": "無",
        "200801": "無",
        "200802": "無",
        "200803": "無",
        "200804": "無",
        "200805": "無",
        "200806": "無",
        "200807": "無",
        "200808": "無",
        "200809": "無",
        "200810": "無",
        "200811": "無",
        "200812": "無",
        "200901": "無",
        "200902": "無",
        "200903": "無",
        "200904": "無",
        "200905": "無",
        "200906": "無",
        "200907": "無",
        "200908": "無",
        "200909": "無",
        "200910": "無",
        "200911": "無",
        "200912": "無",
        "201001": "無",
        "201002": "無",
        "201003": "無",
        "201004": "無",
        "201005": "無",
        "201006": "無",
        "201007": "無",
        "201008": "無",
        "201009": "無",
        "201010": "無",
        "201011": "無",
        "201012": "無",
        "201101": "無",
        "201102": "無",
        "201103": "無",
        "201104": "無",
        "201105": "無",
        "201106": "無",
        "201107": "無",
        "201108": "無",
        "201109": "無",
        "201110": "無",
        "201111": "無",
        "201112": "無",
        "201201": "無",
        "201202": "無",
        "201203": "無",
        "201204": "無",
        "201205": "無",
        "201206": "無",
        "201207": "無",
        "201208": "無",
        "201209": "無",
        "201210": "無",
        "201211": "無",
        "201212": "無",
        "201301": "無",
        "201302": "無",
        "201303": "無",
        "201304": "無",
        "201305": "無",
        "201306": "無",
        "201307": "無",
        "201308": "無",
        "201309": "無",
        "201310": "無",
        "201311": "無",
        "201312": "無",
        "201401": "無",
        "201402": "無",
        "201403": "無",
        "201404": "無",
        "201405": "無",
        "201406": "無",
        "201407": "無",
        "201408": "無",
        "201409": "無",
        "201410": "無",
        "201411": "無",
        "201412": "無",
        "201501": "無",
        "201502": "無",
        "201503": "無",
        "201504": "無",
        "201505": "無",
        "201506": "無",
        "201507": "無",
        "201508": "無",
        "201509": "無",
        "201510": "無",
        "201511": "無",
        "201512": "無",
        "201601": "無",
        "201602": "無",
        "201603": "無",
        "201604": "無",
        "201605": "無",
        "201606": "無",
        "201607": "116.38",
        "201608": "129.20",
        "201609": "121.45",
        "201610": "111.48",
        "201611": "103.77",
        "201612": "109.43",
        "201701": "112.66",
        "201702": "115.69",
        "201703": "116.54",
        "201704": "103.80",
        "201705": "100.08",
        "201706": "111.57",
        "201707": "110.14",
        "201708": "104.33",
        "201709": "101.99",
        "201710": "103.08",
        "201711": "101.97",
        "201712": "101.57",
        "201801": "101.13",
        "201802": "97.40",
        "201803": "96.97",
        "201804": "93.03",
        "201805": "89.16",
        "201806": "88.36",
        "201807": "81.84",
        "201808": "77.44",
        "201809": "63.63",
        "201810": "58.58",
        "201811": "56.39",
        "201812": "57.44",
        "201901": "57.29",
        "201902": "62.62",
        "201903": "61.18",
        "201904": "58.17",
        "201905": "52.01",
        "201906": "50.97",
        "201907": "50.46",
        "201908": "48.43",
        "201909": "49.36",
        "201910": "40.74",
        "201911": "38.34",
        "201912": "40.01",
        "202001": "40.68",
        "202002": "35.13",
        "202003": "28.96",
        "202004": "30.21",
        "202005": "31.63",
        "202006": "37.23",
        "202007": "35.50",
        "202008": "34.09",
        "202009": "37.45",
        "202010": "37.58",
        "202011": "36.23",
        "202012": "34.88",
        "202101": "35.16",
        "202102": "34.22",
        "202103": "35.72",
        "202104": "34.95",
        "202105": "30.90",
        "202106": "30.61",
        "202107": "30.08",
        "202108": "29.20",
        "202109": "29.38",
        "202110": "29.73",
        "202111": "31.37",
        "202112": "31.99",
        "202201": "32.19",
        "202202": "34.25",
        "202203": "33.19",
        "202204": "29.91",
        "202205": "28.95",
        "202206": "29.16",
        "202207": "28.20",
        "202208": "29.41",
        "202209": "29.70",
        "202210": "28.58",
        "202211": "29.06",
        "202212": "29.63",
        "202301": "30.45",
        "202302": "30.11",
        "202303": "30.25",
        "202304": "32.84",
        "202305": "33.69"
    },
    "quarters": {
        "20011": {
            "year_quarter": 20011,
            "year": 2001,
            "quarter": 1,
            "eps": null,
            "eps_growth_year": null,
            "eps_4q": null,
            "eps_4q_growth_year": null,
            "roe": null,
            "gross_profit": null,
            "gross_margin": null,
            "net_income": null,
            "revenue": null,
            "common_shares": null,
            "equity": null,
            "current_ratio": null,
            "debt_ratio": null,
            "inventory_turnover_ratio": null,
            "account_receivable_turnover_ratio": null,
            "reinvestment_rate": null,
            "research_to_sale_ratio": null,
            "price_fair": 0,
            "eps_avg_yearly": 0,
            "eps_latest_yearly": 0,
            "eps_growth_yearly": 0
        },
        "20012": {
            "year_quarter": 20012,
            "year": 2001,
            "quarter": 2,
            "eps": null,
            "eps_growth_year": null,
            "eps_4q": null,
            "eps_4q_growth_year": null,
            "roe": null,
            "gross_profit": null,
            "gross_margin": null,
            "net_income": null,
            "revenue": null,
            "common_shares": null,
            "equity": null,
            "current_ratio": null,
            "debt_ratio": null,
            "inventory_turnover_ratio": null,
            "account_receivable_turnover_ratio": null,
            "reinvestment_rate": null,
            "research_to_sale_ratio": null,
            "price_fair": 0,
            "eps_avg_yearly": 0,
            "eps_latest_yearly": 0,
            "eps_growth_yearly": 0
        },
        "20013": {
            "year_quarter": 20013,
            "year": 2001,
            "quarter": 3,
            "eps": null,
            "eps_growth_year": null,
            "eps_4q": null,
            "eps_4q_growth_year": null,
            "roe": null,
            "gross_profit": null,
            "gross_margin": null,
            "net_income": null,
            "revenue": null,
            "common_shares": null,
            "equity": null,
            "current_ratio": null,
            "debt_ratio": null,
            "inventory_turnover_ratio": null,
            "account_receivable_turnover_ratio": null,
            "reinvestment_rate": null,
            "research_to_sale_ratio": null,
            "price_fair": 0,
            "eps_avg_yearly": 0,
            "eps_latest_yearly": 0,
            "eps_growth_yearly": 0
        },
        "20014": {
            "year_quarter": 20014,
            "year": 2001,
            "quarter": 4,
            "eps": null,
            "eps_growth_year": null,
            "eps_4q": null,
            "eps_4q_growth_year": null,
            "roe": null,
            "gross_profit": null,
            "gross_margin": null,
            "net_income": null,
            "revenue": null,
            "common_shares": null,
            "equity": null,
            "current_ratio": null,
            "debt_ratio": null,
            "inventory_turnover_ratio": null,
            "account_receivable_turnover_ratio": null,
            "reinvestment_rate": null,
            "research_to_sale_ratio": null,
            "price_fair": 0,
            "eps_avg_yearly": 0,
            "eps_latest_yearly": 0,
            "eps_growth_yearly": 0
        },
        "20021": {
            "year_quarter": 20021,
            "year": 2002,
            "quarter": 1,
            "eps": null,
            "eps_growth_year": null,
            "eps_4q": null,
            "eps_4q_growth_year": null,
            "roe": null,
            "gross_profit": null,
            "gross_margin": null,
            "net_income": null,
            "revenue": null,
            "common_shares": null,
            "equity": null,
            "current_ratio": null,
            "debt_ratio": null,
            "inventory_turnover_ratio": null,
            "account_receivable_turnover_ratio": null,
            "reinvestment_rate": null,
            "research_to_sale_ratio": null,
            "price_fair": 0,
            "eps_avg_yearly": 0,
            "eps_latest_yearly": 0,
            "eps_growth_yearly": 0
        },
        "20022": {
            "year_quarter": 20022,
            "year": 2002,
            "quarter": 2,
            "eps": null,
            "eps_growth_year": null,
            "eps_4q": null,
            "eps_4q_growth_year": null,
            "roe": null,
            "gross_profit": null,
            "gross_margin": null,
            "net_income": null,
            "revenue": null,
            "common_shares": null,
            "equity": null,
            "current_ratio": null,
            "debt_ratio": null,
            "inventory_turnover_ratio": null,
            "account_receivable_turnover_ratio": null,
            "reinvestment_rate": null,
            "research_to_sale_ratio": null,
            "price_fair": 0,
            "eps_avg_yearly": 0,
            "eps_latest_yearly": 0,
            "eps_growth_yearly": 0
        },
        "20023": {
            "year_quarter": 20023,
            "year": 2002,
            "quarter": 3,
            "eps": null,
            "eps_growth_year": null,
            "eps_4q": null,
            "eps_4q_growth_year": null,
            "roe": null,
            "gross_profit": null,
            "gross_margin": null,
            "net_income": null,
            "revenue": null,
            "common_shares": null,
            "equity": null,
            "current_ratio": null,
            "debt_ratio": null,
            "inventory_turnover_ratio": null,
            "account_receivable_turnover_ratio": null,
            "reinvestment_rate": null,
            "research_to_sale_ratio": null,
            "price_fair": 0,
            "eps_avg_yearly": 0,
            "eps_latest_yearly": 0,
            "eps_growth_yearly": 0
        },
        "20024": {
            "year_quarter": 20024,
            "year": 2002,
            "quarter": 4,
            "eps": null,
            "eps_growth_year": null,
            "eps_4q": null,
            "eps_4q_growth_year": null,
            "roe": null,
            "gross_profit": null,
            "gross_margin": null,
            "net_income": null,
            "revenue": null,
            "common_shares": null,
            "equity": null,
            "current_ratio": null,
            "debt_ratio": null,
            "inventory_turnover_ratio": null,
            "account_receivable_turnover_ratio": null,
            "reinvestment_rate": null,
            "research_to_sale_ratio": null,
            "price_fair": 0,
            "eps_avg_yearly": 0,
            "eps_latest_yearly": 0,
            "eps_growth_yearly": 0
        },
        "20031": {
            "year_quarter": 20031,
            "year": 2003,
            "quarter": 1,
            "eps": null,
            "eps_growth_year": null,
            "eps_4q": null,
            "eps_4q_growth_year": null,
            "roe": null,
            "gross_profit": null,
            "gross_margin": null,
            "net_income": null,
            "revenue": null,
            "common_shares": null,
            "equity": null,
            "current_ratio": null,
            "debt_ratio": null,
            "inventory_turnover_ratio": null,
            "account_receivable_turnover_ratio": null,
            "reinvestment_rate": null,
            "research_to_sale_ratio": null,
            "price_fair": 0,
            "eps_avg_yearly": 0,
            "eps_latest_yearly": 0,
            "eps_growth_yearly": 0
        },
        "20032": {
            "year_quarter": 20032,
            "year": 2003,
            "quarter": 2,
            "eps": null,
            "eps_growth_year": null,
            "eps_4q": null,
            "eps_4q_growth_year": null,
            "roe": null,
            "gross_profit": null,
            "gross_margin": null,
            "net_income": null,
            "revenue": null,
            "common_shares": null,
            "equity": null,
            "current_ratio": null,
            "debt_ratio": null,
            "inventory_turnover_ratio": null,
            "account_receivable_turnover_ratio": null,
            "reinvestment_rate": null,
            "research_to_sale_ratio": null,
            "price_fair": 0,
            "eps_avg_yearly": 0,
            "eps_latest_yearly": 0,
            "eps_growth_yearly": 0
        },
        "20033": {
            "year_quarter": 20033,
            "year": 2003,
            "quarter": 3,
            "eps": null,
            "eps_growth_year": null,
            "eps_4q": null,
            "eps_4q_growth_year": null,
            "roe": null,
            "gross_profit": null,
            "gross_margin": null,
            "net_income": null,
            "revenue": null,
            "common_shares": null,
            "equity": null,
            "current_ratio": null,
            "debt_ratio": null,
            "inventory_turnover_ratio": null,
            "account_receivable_turnover_ratio": null,
            "reinvestment_rate": null,
            "research_to_sale_ratio": null,
            "price_fair": 0,
            "eps_avg_yearly": 0,
            "eps_latest_yearly": 0,
            "eps_growth_yearly": 0
        },
        "20034": {
            "year_quarter": 20034,
            "year": 2003,
            "quarter": 4,
            "eps": null,
            "eps_growth_year": null,
            "eps_4q": null,
            "eps_4q_growth_year": null,
            "roe": null,
            "gross_profit": null,
            "gross_margin": null,
            "net_income": null,
            "revenue": null,
            "common_shares": null,
            "equity": null,
            "current_ratio": null,
            "debt_ratio": null,
            "inventory_turnover_ratio": null,
            "account_receivable_turnover_ratio": null,
            "reinvestment_rate": null,
            "research_to_sale_ratio": null,
            "price_fair": 0,
            "eps_avg_yearly": 0,
            "eps_latest_yearly": 0,
            "eps_growth_yearly": 0
        },
        "20041": {
            "year_quarter": 20041,
            "year": 2004,
            "quarter": 1,
            "eps": null,
            "eps_growth_year": null,
            "eps_4q": null,
            "eps_4q_growth_year": null,
            "roe": null,
            "gross_profit": null,
            "gross_margin": null,
            "net_income": null,
            "revenue": null,
            "common_shares": null,
            "equity": null,
            "current_ratio": null,
            "debt_ratio": null,
            "inventory_turnover_ratio": null,
            "account_receivable_turnover_ratio": null,
            "reinvestment_rate": null,
            "research_to_sale_ratio": null,
            "price_fair": 0,
            "eps_avg_yearly": 0,
            "eps_latest_yearly": 0,
            "eps_growth_yearly": 0
        },
        "20042": {
            "year_quarter": 20042,
            "year": 2004,
            "quarter": 2,
            "eps": null,
            "eps_growth_year": null,
            "eps_4q": null,
            "eps_4q_growth_year": null,
            "roe": null,
            "gross_profit": null,
            "gross_margin": null,
            "net_income": null,
            "revenue": null,
            "common_shares": null,
            "equity": null,
            "current_ratio": null,
            "debt_ratio": null,
            "inventory_turnover_ratio": null,
            "account_receivable_turnover_ratio": null,
            "reinvestment_rate": null,
            "research_to_sale_ratio": null,
            "price_fair": 0,
            "eps_avg_yearly": 0,
            "eps_latest_yearly": 0,
            "eps_growth_yearly": 0
        },
        "20043": {
            "year_quarter": 20043,
            "year": 2004,
            "quarter": 3,
            "eps": null,
            "eps_growth_year": null,
            "eps_4q": null,
            "eps_4q_growth_year": null,
            "roe": null,
            "gross_profit": null,
            "gross_margin": null,
            "net_income": null,
            "revenue": null,
            "common_shares": null,
            "equity": null,
            "current_ratio": null,
            "debt_ratio": null,
            "inventory_turnover_ratio": null,
            "account_receivable_turnover_ratio": null,
            "reinvestment_rate": null,
            "research_to_sale_ratio": null,
            "price_fair": 0,
            "eps_avg_yearly": 0,
            "eps_latest_yearly": 0,
            "eps_growth_yearly": 0
        },
        "20044": {
            "year_quarter": 20044,
            "year": 2004,
            "quarter": 4,
            "eps": null,
            "eps_growth_year": null,
            "eps_4q": null,
            "eps_4q_growth_year": null,
            "roe": null,
            "gross_profit": null,
            "gross_margin": null,
            "net_income": null,
            "revenue": null,
            "common_shares": null,
            "equity": null,
            "current_ratio": null,
            "debt_ratio": null,
            "inventory_turnover_ratio": null,
            "account_receivable_turnover_ratio": null,
            "reinvestment_rate": null,
            "research_to_sale_ratio": null,
            "price_fair": 0,
            "eps_avg_yearly": 0,
            "eps_latest_yearly": 0,
            "eps_growth_yearly": 0
        },
        "20051": {
            "year_quarter": 20051,
            "year": 2005,
            "quarter": 1,
            "eps": null,
            "eps_growth_year": null,
            "eps_4q": null,
            "eps_4q_growth_year": null,
            "roe": null,
            "gross_profit": null,
            "gross_margin": null,
            "net_income": null,
            "revenue": null,
            "common_shares": null,
            "equity": null,
            "current_ratio": null,
            "debt_ratio": null,
            "inventory_turnover_ratio": null,
            "account_receivable_turnover_ratio": null,
            "reinvestment_rate": null,
            "research_to_sale_ratio": null,
            "price_fair": 0,
            "eps_avg_yearly": 0,
            "eps_latest_yearly": 0,
            "eps_growth_yearly": 0
        },
        "20052": {
            "year_quarter": 20052,
            "year": 2005,
            "quarter": 2,
            "eps": null,
            "eps_growth_year": null,
            "eps_4q": null,
            "eps_4q_growth_year": null,
            "roe": null,
            "gross_profit": null,
            "gross_margin": null,
            "net_income": null,
            "revenue": null,
            "common_shares": null,
            "equity": null,
            "current_ratio": null,
            "debt_ratio": null,
            "inventory_turnover_ratio": null,
            "account_receivable_turnover_ratio": null,
            "reinvestment_rate": null,
            "research_to_sale_ratio": null,
            "price_fair": 0,
            "eps_avg_yearly": 0,
            "eps_latest_yearly": 0,
            "eps_growth_yearly": 0
        },
        "20053": {
            "year_quarter": 20053,
            "year": 2005,
            "quarter": 3,
            "eps": null,
            "eps_growth_year": null,
            "eps_4q": null,
            "eps_4q_growth_year": null,
            "roe": null,
            "gross_profit": null,
            "gross_margin": null,
            "net_income": null,
            "revenue": null,
            "common_shares": null,
            "equity": null,
            "current_ratio": null,
            "debt_ratio": null,
            "inventory_turnover_ratio": null,
            "account_receivable_turnover_ratio": null,
            "reinvestment_rate": null,
            "research_to_sale_ratio": null,
            "price_fair": 0,
            "eps_avg_yearly": 0,
            "eps_latest_yearly": 0,
            "eps_growth_yearly": 0
        },
        "20054": {
            "year_quarter": 20054,
            "year": 2005,
            "quarter": 4,
            "eps": null,
            "eps_growth_year": null,
            "eps_4q": null,
            "eps_4q_growth_year": null,
            "roe": null,
            "gross_profit": null,
            "gross_margin": null,
            "net_income": null,
            "revenue": null,
            "common_shares": null,
            "equity": null,
            "current_ratio": null,
            "debt_ratio": null,
            "inventory_turnover_ratio": null,
            "account_receivable_turnover_ratio": null,
            "reinvestment_rate": null,
            "research_to_sale_ratio": null,
            "price_fair": 0,
            "eps_avg_yearly": 0,
            "eps_latest_yearly": 0,
            "eps_growth_yearly": 0
        },
        "20061": {
            "year_quarter": 20061,
            "year": 2006,
            "quarter": 1,
            "eps": null,
            "eps_growth_year": null,
            "eps_4q": null,
            "eps_4q_growth_year": null,
            "roe": null,
            "gross_profit": null,
            "gross_margin": null,
            "net_income": null,
            "revenue": null,
            "common_shares": null,
            "equity": null,
            "current_ratio": null,
            "debt_ratio": null,
            "inventory_turnover_ratio": null,
            "account_receivable_turnover_ratio": null,
            "reinvestment_rate": null,
            "research_to_sale_ratio": null,
            "price_fair": 0,
            "eps_avg_yearly": 0,
            "eps_latest_yearly": 0,
            "eps_growth_yearly": 0
        },
        "20062": {
            "year_quarter": 20062,
            "year": 2006,
            "quarter": 2,
            "eps": null,
            "eps_growth_year": null,
            "eps_4q": null,
            "eps_4q_growth_year": null,
            "roe": null,
            "gross_profit": null,
            "gross_margin": null,
            "net_income": null,
            "revenue": null,
            "common_shares": null,
            "equity": null,
            "current_ratio": null,
            "debt_ratio": null,
            "inventory_turnover_ratio": null,
            "account_receivable_turnover_ratio": null,
            "reinvestment_rate": null,
            "research_to_sale_ratio": null,
            "price_fair": 0,
            "eps_avg_yearly": 0,
            "eps_latest_yearly": 0,
            "eps_growth_yearly": 0
        },
        "20063": {
            "year_quarter": 20063,
            "year": 2006,
            "quarter": 3,
            "eps": null,
            "eps_growth_year": null,
            "eps_4q": null,
            "eps_4q_growth_year": null,
            "roe": null,
            "gross_profit": null,
            "gross_margin": null,
            "net_income": null,
            "revenue": null,
            "common_shares": null,
            "equity": null,
            "current_ratio": null,
            "debt_ratio": null,
            "inventory_turnover_ratio": null,
            "account_receivable_turnover_ratio": null,
            "reinvestment_rate": null,
            "research_to_sale_ratio": null,
            "price_fair": 0,
            "eps_avg_yearly": 0,
            "eps_latest_yearly": 0,
            "eps_growth_yearly": 0
        },
        "20064": {
            "year_quarter": 20064,
            "year": 2006,
            "quarter": 4,
            "eps": null,
            "eps_growth_year": null,
            "eps_4q": null,
            "eps_4q_growth_year": null,
            "roe": null,
            "gross_profit": null,
            "gross_margin": null,
            "net_income": null,
            "revenue": null,
            "common_shares": null,
            "equity": null,
            "current_ratio": null,
            "debt_ratio": null,
            "inventory_turnover_ratio": null,
            "account_receivable_turnover_ratio": null,
            "reinvestment_rate": null,
            "research_to_sale_ratio": null,
            "price_fair": 0,
            "eps_avg_yearly": 0,
            "eps_latest_yearly": 0,
            "eps_growth_yearly": 0
        },
        "20071": {
            "year_quarter": 20071,
            "year": 2007,
            "quarter": 1,
            "eps": null,
            "eps_growth_year": null,
            "eps_4q": null,
            "eps_4q_growth_year": null,
            "roe": null,
            "gross_profit": null,
            "gross_margin": null,
            "net_income": null,
            "revenue": null,
            "common_shares": null,
            "equity": null,
            "current_ratio": null,
            "debt_ratio": null,
            "inventory_turnover_ratio": null,
            "account_receivable_turnover_ratio": null,
            "reinvestment_rate": null,
            "research_to_sale_ratio": null,
            "price_fair": 0,
            "eps_avg_yearly": 0,
            "eps_latest_yearly": 0,
            "eps_growth_yearly": 0
        },
        "20072": {
            "year_quarter": 20072,
            "year": 2007,
            "quarter": 2,
            "eps": null,
            "eps_growth_year": null,
            "eps_4q": null,
            "eps_4q_growth_year": null,
            "roe": null,
            "gross_profit": null,
            "gross_margin": null,
            "net_income": null,
            "revenue": null,
            "common_shares": null,
            "equity": null,
            "current_ratio": null,
            "debt_ratio": null,
            "inventory_turnover_ratio": null,
            "account_receivable_turnover_ratio": null,
            "reinvestment_rate": null,
            "research_to_sale_ratio": null,
            "price_fair": 0,
            "eps_avg_yearly": 0,
            "eps_latest_yearly": 0,
            "eps_growth_yearly": 0
        },
        "20073": {
            "year_quarter": 20073,
            "year": 2007,
            "quarter": 3,
            "eps": null,
            "eps_growth_year": null,
            "eps_4q": null,
            "eps_4q_growth_year": null,
            "roe": null,
            "gross_profit": null,
            "gross_margin": null,
            "net_income": null,
            "revenue": null,
            "common_shares": null,
            "equity": null,
            "current_ratio": null,
            "debt_ratio": null,
            "inventory_turnover_ratio": null,
            "account_receivable_turnover_ratio": null,
            "reinvestment_rate": null,
            "research_to_sale_ratio": null,
            "price_fair": 0,
            "eps_avg_yearly": 0,
            "eps_latest_yearly": 0,
            "eps_growth_yearly": 0
        },
        "20074": {
            "year_quarter": 20074,
            "year": 2007,
            "quarter": 4,
            "eps": null,
            "eps_growth_year": null,
            "eps_4q": null,
            "eps_4q_growth_year": null,
            "roe": null,
            "gross_profit": null,
            "gross_margin": null,
            "net_income": null,
            "revenue": null,
            "common_shares": null,
            "equity": null,
            "current_ratio": null,
            "debt_ratio": null,
            "inventory_turnover_ratio": null,
            "account_receivable_turnover_ratio": null,
            "reinvestment_rate": null,
            "research_to_sale_ratio": null,
            "price_fair": 0,
            "eps_avg_yearly": 0,
            "eps_latest_yearly": 0,
            "eps_growth_yearly": 0
        },
        "20081": {
            "year_quarter": 20081,
            "year": 2008,
            "quarter": 1,
            "eps": null,
            "eps_growth_year": null,
            "eps_4q": null,
            "eps_4q_growth_year": null,
            "roe": null,
            "gross_profit": null,
            "gross_margin": null,
            "net_income": null,
            "revenue": null,
            "common_shares": null,
            "equity": null,
            "current_ratio": null,
            "debt_ratio": null,
            "inventory_turnover_ratio": null,
            "account_receivable_turnover_ratio": null,
            "reinvestment_rate": null,
            "research_to_sale_ratio": null,
            "price_fair": 0,
            "eps_avg_yearly": 0,
            "eps_latest_yearly": 0,
            "eps_growth_yearly": 0
        },
        "20082": {
            "year_quarter": 20082,
            "year": 2008,
            "quarter": 2,
            "eps": null,
            "eps_growth_year": null,
            "eps_4q": null,
            "eps_4q_growth_year": null,
            "roe": null,
            "gross_profit": null,
            "gross_margin": null,
            "net_income": null,
            "revenue": null,
            "common_shares": null,
            "equity": null,
            "current_ratio": null,
            "debt_ratio": null,
            "inventory_turnover_ratio": null,
            "account_receivable_turnover_ratio": null,
            "reinvestment_rate": null,
            "research_to_sale_ratio": null,
            "price_fair": 0,
            "eps_avg_yearly": 0,
            "eps_latest_yearly": 0,
            "eps_growth_yearly": 0
        },
        "20083": {
            "year_quarter": 20083,
            "year": 2008,
            "quarter": 3,
            "eps": null,
            "eps_growth_year": null,
            "eps_4q": null,
            "eps_4q_growth_year": null,
            "roe": null,
            "gross_profit": null,
            "gross_margin": null,
            "net_income": null,
            "revenue": null,
            "common_shares": null,
            "equity": null,
            "current_ratio": null,
            "debt_ratio": null,
            "inventory_turnover_ratio": null,
            "account_receivable_turnover_ratio": null,
            "reinvestment_rate": null,
            "research_to_sale_ratio": null,
            "price_fair": 0,
            "eps_avg_yearly": 0,
            "eps_latest_yearly": 0,
            "eps_growth_yearly": 0
        },
        "20084": {
            "year_quarter": 20084,
            "year": 2008,
            "quarter": 4,
            "eps": null,
            "eps_growth_year": null,
            "eps_4q": null,
            "eps_4q_growth_year": null,
            "roe": null,
            "gross_profit": null,
            "gross_margin": null,
            "net_income": null,
            "revenue": null,
            "common_shares": null,
            "equity": null,
            "current_ratio": null,
            "debt_ratio": null,
            "inventory_turnover_ratio": null,
            "account_receivable_turnover_ratio": null,
            "reinvestment_rate": null,
            "research_to_sale_ratio": null,
            "price_fair": 0,
            "eps_avg_yearly": 0,
            "eps_latest_yearly": 0,
            "eps_growth_yearly": 0
        },
        "20091": {
            "year_quarter": 20091,
            "year": 2009,
            "quarter": 1,
            "eps": null,
            "eps_growth_year": null,
            "eps_4q": null,
            "eps_4q_growth_year": null,
            "roe": null,
            "gross_profit": null,
            "gross_margin": null,
            "net_income": null,
            "revenue": null,
            "common_shares": null,
            "equity": null,
            "current_ratio": null,
            "debt_ratio": null,
            "inventory_turnover_ratio": null,
            "account_receivable_turnover_ratio": null,
            "reinvestment_rate": null,
            "research_to_sale_ratio": null,
            "price_fair": 0,
            "eps_avg_yearly": 0,
            "eps_latest_yearly": 0,
            "eps_growth_yearly": 0
        },
        "20092": {
            "year_quarter": 20092,
            "year": 2009,
            "quarter": 2,
            "eps": null,
            "eps_growth_year": null,
            "eps_4q": null,
            "eps_4q_growth_year": null,
            "roe": null,
            "gross_profit": null,
            "gross_margin": null,
            "net_income": null,
            "revenue": null,
            "common_shares": null,
            "equity": null,
            "current_ratio": null,
            "debt_ratio": null,
            "inventory_turnover_ratio": null,
            "account_receivable_turnover_ratio": null,
            "reinvestment_rate": null,
            "research_to_sale_ratio": null,
            "price_fair": 0,
            "eps_avg_yearly": 0,
            "eps_latest_yearly": 0,
            "eps_growth_yearly": 0
        },
        "20093": {
            "year_quarter": 20093,
            "year": 2009,
            "quarter": 3,
            "eps": null,
            "eps_growth_year": null,
            "eps_4q": null,
            "eps_4q_growth_year": null,
            "roe": null,
            "gross_profit": null,
            "gross_margin": null,
            "net_income": null,
            "revenue": null,
            "common_shares": null,
            "equity": null,
            "current_ratio": null,
            "debt_ratio": null,
            "inventory_turnover_ratio": null,
            "account_receivable_turnover_ratio": null,
            "reinvestment_rate": null,
            "research_to_sale_ratio": null,
            "price_fair": 0,
            "eps_avg_yearly": 0,
            "eps_latest_yearly": 0,
            "eps_growth_yearly": 0
        },
        "20094": {
            "year_quarter": 20094,
            "year": 2009,
            "quarter": 4,
            "eps": null,
            "eps_growth_year": null,
            "eps_4q": null,
            "eps_4q_growth_year": null,
            "roe": null,
            "gross_profit": null,
            "gross_margin": null,
            "net_income": null,
            "revenue": null,
            "common_shares": null,
            "equity": null,
            "current_ratio": null,
            "debt_ratio": null,
            "inventory_turnover_ratio": null,
            "account_receivable_turnover_ratio": null,
            "reinvestment_rate": null,
            "research_to_sale_ratio": null,
            "price_fair": 0,
            "eps_avg_yearly": 0,
            "eps_latest_yearly": 0,
            "eps_growth_yearly": 0
        },
        "20101": {
            "year_quarter": 20101,
            "year": 2010,
            "quarter": 1,
            "eps": null,
            "eps_growth_year": null,
            "eps_4q": null,
            "eps_4q_growth_year": null,
            "roe": null,
            "gross_profit": null,
            "gross_margin": null,
            "net_income": null,
            "revenue": null,
            "common_shares": null,
            "equity": null,
            "current_ratio": null,
            "debt_ratio": null,
            "inventory_turnover_ratio": null,
            "account_receivable_turnover_ratio": null,
            "reinvestment_rate": null,
            "research_to_sale_ratio": null,
            "price_fair": 0,
            "eps_avg_yearly": 0,
            "eps_latest_yearly": 0,
            "eps_growth_yearly": 0
        },
        "20102": {
            "year_quarter": 20102,
            "year": 2010,
            "quarter": 2,
            "eps": null,
            "eps_growth_year": null,
            "eps_4q": null,
            "eps_4q_growth_year": null,
            "roe": null,
            "gross_profit": null,
            "gross_margin": null,
            "net_income": null,
            "revenue": null,
            "common_shares": null,
            "equity": null,
            "current_ratio": null,
            "debt_ratio": null,
            "inventory_turnover_ratio": null,
            "account_receivable_turnover_ratio": null,
            "reinvestment_rate": null,
            "research_to_sale_ratio": null,
            "price_fair": 0,
            "eps_avg_yearly": 0,
            "eps_latest_yearly": 0,
            "eps_growth_yearly": 0
        },
        "20103": {
            "year_quarter": 20103,
            "year": 2010,
            "quarter": 3,
            "eps": null,
            "eps_growth_year": null,
            "eps_4q": null,
            "eps_4q_growth_year": null,
            "roe": null,
            "gross_profit": null,
            "gross_margin": null,
            "net_income": null,
            "revenue": null,
            "common_shares": null,
            "equity": null,
            "current_ratio": null,
            "debt_ratio": null,
            "inventory_turnover_ratio": null,
            "account_receivable_turnover_ratio": null,
            "reinvestment_rate": null,
            "research_to_sale_ratio": null,
            "price_fair": 0,
            "eps_avg_yearly": 0,
            "eps_latest_yearly": 0,
            "eps_growth_yearly": 0
        },
        "20104": {
            "year_quarter": 20104,
            "year": 2010,
            "quarter": 4,
            "eps": null,
            "eps_growth_year": null,
            "eps_4q": null,
            "eps_4q_growth_year": null,
            "roe": null,
            "gross_profit": null,
            "gross_margin": null,
            "net_income": null,
            "revenue": null,
            "common_shares": null,
            "equity": null,
            "current_ratio": null,
            "debt_ratio": null,
            "inventory_turnover_ratio": null,
            "account_receivable_turnover_ratio": null,
            "reinvestment_rate": null,
            "research_to_sale_ratio": null,
            "price_fair": 0,
            "eps_avg_yearly": 0,
            "eps_latest_yearly": 0,
            "eps_growth_yearly": 0
        },
        "20111": {
            "year_quarter": 20111,
            "year": 2011,
            "quarter": 1,
            "eps": null,
            "eps_growth_year": null,
            "eps_4q": null,
            "eps_4q_growth_year": null,
            "roe": null,
            "gross_profit": null,
            "gross_margin": null,
            "net_income": null,
            "revenue": null,
            "common_shares": null,
            "equity": null,
            "current_ratio": null,
            "debt_ratio": null,
            "inventory_turnover_ratio": null,
            "account_receivable_turnover_ratio": null,
            "reinvestment_rate": null,
            "research_to_sale_ratio": null,
            "price_fair": 0,
            "eps_avg_yearly": 0,
            "eps_latest_yearly": 0,
            "eps_growth_yearly": 0
        },
        "20112": {
            "year_quarter": 20112,
            "year": 2011,
            "quarter": 2,
            "eps": null,
            "eps_growth_year": null,
            "eps_4q": null,
            "eps_4q_growth_year": null,
            "roe": null,
            "gross_profit": null,
            "gross_margin": null,
            "net_income": null,
            "revenue": null,
            "common_shares": null,
            "equity": null,
            "current_ratio": null,
            "debt_ratio": null,
            "inventory_turnover_ratio": null,
            "account_receivable_turnover_ratio": null,
            "reinvestment_rate": null,
            "research_to_sale_ratio": null,
            "price_fair": 0,
            "eps_avg_yearly": 0,
            "eps_latest_yearly": 0,
            "eps_growth_yearly": 0
        },
        "20113": {
            "year_quarter": 20113,
            "year": 2011,
            "quarter": 3,
            "eps": null,
            "eps_growth_year": null,
            "eps_4q": null,
            "eps_4q_growth_year": null,
            "roe": null,
            "gross_profit": null,
            "gross_margin": null,
            "net_income": null,
            "revenue": null,
            "common_shares": null,
            "equity": null,
            "current_ratio": null,
            "debt_ratio": null,
            "inventory_turnover_ratio": null,
            "account_receivable_turnover_ratio": null,
            "reinvestment_rate": null,
            "research_to_sale_ratio": null,
            "price_fair": 0,
            "eps_avg_yearly": 0,
            "eps_latest_yearly": 0,
            "eps_growth_yearly": 0
        },
        "20114": {
            "year_quarter": 20114,
            "year": 2011,
            "quarter": 4,
            "eps": null,
            "eps_growth_year": null,
            "eps_4q": null,
            "eps_4q_growth_year": null,
            "roe": null,
            "gross_profit": null,
            "gross_margin": null,
            "net_income": null,
            "revenue": null,
            "common_shares": null,
            "equity": null,
            "current_ratio": null,
            "debt_ratio": null,
            "inventory_turnover_ratio": null,
            "account_receivable_turnover_ratio": null,
            "reinvestment_rate": null,
            "research_to_sale_ratio": null,
            "price_fair": 0,
            "eps_avg_yearly": 0,
            "eps_latest_yearly": 0,
            "eps_growth_yearly": 0
        },
        "20121": {
            "year_quarter": 20121,
            "year": 2012,
            "quarter": 1,
            "eps": null,
            "eps_growth_year": null,
            "eps_4q": null,
            "eps_4q_growth_year": null,
            "roe": null,
            "gross_profit": null,
            "gross_margin": null,
            "net_income": null,
            "revenue": null,
            "common_shares": null,
            "equity": null,
            "current_ratio": null,
            "debt_ratio": null,
            "inventory_turnover_ratio": null,
            "account_receivable_turnover_ratio": null,
            "reinvestment_rate": null,
            "research_to_sale_ratio": null,
            "price_fair": 0,
            "eps_avg_yearly": 0,
            "eps_latest_yearly": 0,
            "eps_growth_yearly": 0
        },
        "20122": {
            "year_quarter": 20122,
            "year": 2012,
            "quarter": 2,
            "eps": null,
            "eps_growth_year": null,
            "eps_4q": null,
            "eps_4q_growth_year": null,
            "roe": null,
            "gross_profit": null,
            "gross_margin": null,
            "net_income": null,
            "revenue": null,
            "common_shares": null,
            "equity": null,
            "current_ratio": null,
            "debt_ratio": null,
            "inventory_turnover_ratio": null,
            "account_receivable_turnover_ratio": null,
            "reinvestment_rate": null,
            "research_to_sale_ratio": null,
            "price_fair": 0,
            "eps_avg_yearly": 0,
            "eps_latest_yearly": 0,
            "eps_growth_yearly": 0
        },
        "20123": {
            "year_quarter": 20123,
            "year": 2012,
            "quarter": 3,
            "eps": null,
            "eps_growth_year": null,
            "eps_4q": null,
            "eps_4q_growth_year": null,
            "roe": null,
            "gross_profit": null,
            "gross_margin": null,
            "net_income": null,
            "revenue": null,
            "common_shares": null,
            "equity": null,
            "current_ratio": null,
            "debt_ratio": null,
            "inventory_turnover_ratio": null,
            "account_receivable_turnover_ratio": null,
            "reinvestment_rate": null,
            "research_to_sale_ratio": null,
            "price_fair": 0,
            "eps_avg_yearly": 0,
            "eps_latest_yearly": 0,
            "eps_growth_yearly": 0
        },
        "20124": {
            "year_quarter": 20124,
            "year": 2012,
            "quarter": 4,
            "eps": null,
            "eps_growth_year": null,
            "eps_4q": null,
            "eps_4q_growth_year": null,
            "roe": null,
            "gross_profit": null,
            "gross_margin": null,
            "net_income": null,
            "revenue": null,
            "common_shares": 465541,
            "equity": 436588,
            "current_ratio": 121.43,
            "debt_ratio": 76.38,
            "inventory_turnover_ratio": null,
            "account_receivable_turnover_ratio": null,
            "reinvestment_rate": null,
            "research_to_sale_ratio": null,
            "price_fair": 0,
            "eps_avg_yearly": 0,
            "eps_latest_yearly": 0,
            "eps_growth_yearly": 0
        },
        "20131": {
            "year_quarter": 20131,
            "year": 2013,
            "quarter": 1,
            "eps": null,
            "eps_growth_year": null,
            "eps_4q": null,
            "eps_4q_growth_year": null,
            "roe": null,
            "gross_profit": null,
            "gross_margin": null,
            "net_income": null,
            "revenue": null,
            "common_shares": null,
            "equity": null,
            "current_ratio": null,
            "debt_ratio": null,
            "inventory_turnover_ratio": null,
            "account_receivable_turnover_ratio": null,
            "reinvestment_rate": null,
            "research_to_sale_ratio": null,
            "price_fair": 0,
            "eps_avg_yearly": 0,
            "eps_latest_yearly": 0,
            "eps_growth_yearly": 0
        },
        "20132": {
            "year_quarter": 20132,
            "year": 2013,
            "quarter": 2,
            "eps": null,
            "eps_growth_year": null,
            "eps_4q": null,
            "eps_4q_growth_year": null,
            "roe": null,
            "gross_profit": null,
            "gross_margin": null,
            "net_income": null,
            "revenue": null,
            "common_shares": null,
            "equity": null,
            "current_ratio": null,
            "debt_ratio": null,
            "inventory_turnover_ratio": null,
            "account_receivable_turnover_ratio": null,
            "reinvestment_rate": null,
            "research_to_sale_ratio": null,
            "price_fair": 0,
            "eps_avg_yearly": 0,
            "eps_latest_yearly": 0,
            "eps_growth_yearly": 0
        },
        "20133": {
            "year_quarter": 20133,
            "year": 2013,
            "quarter": 3,
            "eps": null,
            "eps_growth_year": null,
            "eps_4q": null,
            "eps_4q_growth_year": null,
            "roe": null,
            "gross_profit": null,
            "gross_margin": null,
            "net_income": null,
            "revenue": null,
            "common_shares": null,
            "equity": null,
            "current_ratio": null,
            "debt_ratio": null,
            "inventory_turnover_ratio": null,
            "account_receivable_turnover_ratio": null,
            "reinvestment_rate": null,
            "research_to_sale_ratio": null,
            "price_fair": 0,
            "eps_avg_yearly": 0,
            "eps_latest_yearly": 0,
            "eps_growth_yearly": 0
        },
        "20134": {
            "year_quarter": 20134,
            "year": 2013,
            "quarter": 4,
            "eps": null,
            "eps_growth_year": null,
            "eps_4q": null,
            "eps_4q_growth_year": null,
            "roe": null,
            "gross_profit": null,
            "gross_margin": null,
            "net_income": null,
            "revenue": null,
            "common_shares": 465541,
            "equity": 990278,
            "current_ratio": null,
            "debt_ratio": null,
            "inventory_turnover_ratio": null,
            "account_receivable_turnover_ratio": null,
            "reinvestment_rate": null,
            "research_to_sale_ratio": null,
            "price_fair": 0,
            "eps_avg_yearly": 0,
            "eps_latest_yearly": 0,
            "eps_growth_yearly": 0
        },
        "20141": {
            "year_quarter": 20141,
            "year": 2014,
            "quarter": 1,
            "eps": null,
            "eps_growth_year": null,
            "eps_4q": null,
            "eps_4q_growth_year": null,
            "roe": null,
            "gross_profit": 382572,
            "gross_margin": null,
            "net_income": 165437,
            "revenue": 1684691,
            "common_shares": 465541,
            "equity": 1148577,
            "current_ratio": null,
            "debt_ratio": null,
            "inventory_turnover_ratio": null,
            "account_receivable_turnover_ratio": null,
            "reinvestment_rate": null,
            "research_to_sale_ratio": null,
            "price_fair": 0,
            "eps_avg_yearly": 0,
            "eps_latest_yearly": 0,
            "eps_growth_yearly": 0
        },
        "20142": {
            "year_quarter": 20142,
            "year": 2014,
            "quarter": 2,
            "eps": null,
            "eps_growth_year": null,
            "eps_4q": null,
            "eps_4q_growth_year": null,
            "roe": null,
            "gross_profit": 413621,
            "gross_margin": null,
            "net_income": 192206,
            "revenue": 1742449,
            "common_shares": 900000,
            "equity": 1937668,
            "current_ratio": null,
            "debt_ratio": null,
            "inventory_turnover_ratio": null,
            "account_receivable_turnover_ratio": null,
            "reinvestment_rate": null,
            "research_to_sale_ratio": null,
            "price_fair": 0,
            "eps_avg_yearly": 0,
            "eps_latest_yearly": 0,
            "eps_growth_yearly": 0
        },
        "20143": {
            "year_quarter": 20143,
            "year": 2014,
            "quarter": 3,
            "eps": null,
            "eps_growth_year": null,
            "eps_4q": null,
            "eps_4q_growth_year": null,
            "roe": null,
            "gross_profit": 407706,
            "gross_margin": null,
            "net_income": 209636,
            "revenue": 1669185,
            "common_shares": 900000,
            "equity": 2199644,
            "current_ratio": null,
            "debt_ratio": null,
            "inventory_turnover_ratio": null,
            "account_receivable_turnover_ratio": null,
            "reinvestment_rate": null,
            "research_to_sale_ratio": null,
            "price_fair": 0,
            "eps_avg_yearly": 0,
            "eps_latest_yearly": 0,
            "eps_growth_yearly": 0
        },
        "20144": {
            "year_quarter": 20144,
            "year": 2014,
            "quarter": 4,
            "eps": null,
            "eps_growth_year": null,
            "eps_4q": null,
            "eps_4q_growth_year": null,
            "roe": null,
            "gross_profit": 400476,
            "gross_margin": null,
            "net_income": 191666,
            "revenue": 1652094,
            "common_shares": 900000,
            "equity": 2464831,
            "current_ratio": 297.73,
            "debt_ratio": 28.15,
            "inventory_turnover_ratio": null,
            "account_receivable_turnover_ratio": null,
            "reinvestment_rate": null,
            "research_to_sale_ratio": null,
            "price_fair": 0,
            "eps_avg_yearly": 0,
            "eps_latest_yearly": 0,
            "eps_growth_yearly": 0
        },
        "20151": {
            "year_quarter": 20151,
            "year": 2015,
            "quarter": 1,
            "eps": 2.31,
            "eps_growth_year": null,
            "eps_4q": 2.31,
            "eps_4q_growth_year": null,
            "roe": 8.31,
            "gross_profit": 415867,
            "gross_margin": 24.76,
            "net_income": 207588,
            "revenue": 1679813,
            "common_shares": 900000,
            "equity": 2531959,
            "current_ratio": 271.36,
            "debt_ratio": 31.45,
            "inventory_turnover_ratio": 4.63,
            "account_receivable_turnover_ratio": 2.27,
            "reinvestment_rate": null,
            "research_to_sale_ratio": 2.3,
            "price_fair": 0,
            "eps_avg_yearly": 0,
            "eps_latest_yearly": 0,
            "eps_growth_yearly": 0
        },
        "20152": {
            "year_quarter": 20152,
            "year": 2015,
            "quarter": 2,
            "eps": 2.74,
            "eps_growth_year": null,
            "eps_4q": 5.05,
            "eps_4q_growth_year": null,
            "roe": 9.35,
            "gross_profit": 503160,
            "gross_margin": 25.86,
            "net_income": 246654,
            "revenue": 1945620,
            "common_shares": 900000,
            "equity": 2742872,
            "current_ratio": 276.34,
            "debt_ratio": 31.33,
            "inventory_turnover_ratio": 4.9,
            "account_receivable_turnover_ratio": 2.49,
            "reinvestment_rate": null,
            "research_to_sale_ratio": 1.96,
            "price_fair": 383.6,
            "eps_avg_yearly": 10.96,
            "eps_latest_yearly": 10.96,
            "eps_growth_yearly": 74.46
        },
        "20153": {
            "year_quarter": 20153,
            "year": 2015,
            "quarter": 3,
            "eps": 2.77,
            "eps_growth_year": null,
            "eps_4q": 7.82,
            "eps_4q_growth_year": null,
            "roe": 8.51,
            "gross_profit": 505949,
            "gross_margin": 24.84,
            "net_income": 249162,
            "revenue": 2036995,
            "common_shares": 900000,
            "equity": 3110833,
            "current_ratio": 283.31,
            "debt_ratio": 30.96,
            "inventory_turnover_ratio": 4.99,
            "account_receivable_turnover_ratio": 2.49,
            "reinvestment_rate": null,
            "research_to_sale_ratio": 1.9,
            "price_fair": 385.7,
            "eps_avg_yearly": 11.02,
            "eps_latest_yearly": 11.08,
            "eps_growth_yearly": 39.42
        },
        "20154": {
            "year_quarter": 20154,
            "year": 2015,
            "quarter": 4,
            "eps": 2.57,
            "eps_growth_year": null,
            "eps_4q": 10.38,
            "eps_4q_growth_year": null,
            "roe": 7.29,
            "gross_profit": 471360,
            "gross_margin": 24.13,
            "net_income": 231126,
            "revenue": 1953221,
            "common_shares": 900000,
            "equity": 3229454,
            "current_ratio": 342.32,
            "debt_ratio": 25.68,
            "inventory_turnover_ratio": 5.45,
            "account_receivable_turnover_ratio": 2.39,
            "reinvestment_rate": null,
            "research_to_sale_ratio": 1.95,
            "price_fair": 287.14,
            "eps_avg_yearly": 10.77,
            "eps_latest_yearly": 10.28,
            "eps_growth_yearly": 16.65
        },
        "20161": {
            "year_quarter": 20161,
            "year": 2016,
            "quarter": 1,
            "eps": 2.87,
            "eps_growth_year": 24.24,
            "eps_4q": 10.95,
            "eps_4q_growth_year": 374.57,
            "roe": 7.71,
            "gross_profit": 473754,
            "gross_margin": 25.15,
            "net_income": 258198,
            "revenue": 1883873,
            "common_shares": 900000,
            "equity": 3468797,
            "current_ratio": 347.15,
            "debt_ratio": 25.62,
            "inventory_turnover_ratio": 5.06,
            "account_receivable_turnover_ratio": 2.36,
            "reinvestment_rate": null,
            "research_to_sale_ratio": 2.4,
            "price_fair": 374.08,
            "eps_avg_yearly": 10.95,
            "eps_latest_yearly": 11.48,
            "eps_growth_yearly": 24.16
        },
        "20162": {
            "year_quarter": 20162,
            "year": 2016,
            "quarter": 2,
            "eps": 2.6,
            "eps_growth_year": -5.11,
            "eps_4q": 10.81,
            "eps_4q_growth_year": 114.12,
            "roe": 6.79,
            "gross_profit": 497695,
            "gross_margin": 23.81,
            "net_income": 234153,
            "revenue": 2090300,
            "common_shares": 900000,
            "equity": 3432293,
            "current_ratio": 335.55,
            "debt_ratio": 26.64,
            "inventory_turnover_ratio": 4.91,
            "account_receivable_turnover_ratio": 2.59,
            "reinvestment_rate": null,
            "research_to_sale_ratio": 2.12,
            "price_fair": 236.35,
            "eps_avg_yearly": 10.84,
            "eps_latest_yearly": 10.4,
            "eps_growth_yearly": 11.8
        },
        "20163": {
            "year_quarter": 20163,
            "year": 2016,
            "quarter": 3,
            "eps": 2.52,
            "eps_growth_year": -9.03,
            "eps_4q": 9.72,
            "eps_4q_growth_year": 24.3,
            "roe": 6.13,
            "gross_profit": 517820,
            "gross_margin": 23.96,
            "net_income": 248025,
            "revenue": 2160995,
            "common_shares": 1000000,
            "equity": 4661622,
            "current_ratio": 416.52,
            "debt_ratio": 22.09,
            "inventory_turnover_ratio": 5.15,
            "account_receivable_turnover_ratio": 2.57,
            "reinvestment_rate": null,
            "research_to_sale_ratio": 1.97,
            "price_fair": 190.54,
            "eps_avg_yearly": 10.71,
            "eps_latest_yearly": 10.08,
            "eps_growth_yearly": 7.79
        },
        "20164": {
            "year_quarter": 20164,
            "year": 2016,
            "quarter": 4,
            "eps": 2.81,
            "eps_growth_year": 9.6,
            "eps_4q": 10.22,
            "eps_4q_growth_year": -1.59,
            "roe": 5.91,
            "gross_profit": 491591,
            "gross_margin": 23.07,
            "net_income": 281455,
            "revenue": 2131003,
            "common_shares": 1000000,
            "equity": 4863993,
            "current_ratio": 439.29,
            "debt_ratio": 20.94,
            "inventory_turnover_ratio": 5.76,
            "account_receivable_turnover_ratio": 2.37,
            "reinvestment_rate": null,
            "research_to_sale_ratio": 1.62,
            "price_fair": 250.82,
            "eps_avg_yearly": 10.79,
            "eps_latest_yearly": 11.24,
            "eps_growth_yearly": 13.25
        },
        "20171": {
            "year_quarter": 20171,
            "year": 2017,
            "quarter": 1,
            "eps": 1.93,
            "eps_growth_year": -32.75,
            "eps_4q": 9.57,
            "eps_4q_growth_year": -12.59,
            "roe": 3.98,
            "gross_profit": 437825,
            "gross_margin": 24.47,
            "net_income": 193211,
            "revenue": 1789039,
            "common_shares": 1000000,
            "equity": 4837694,
            "current_ratio": 489.99,
            "debt_ratio": 18.59,
            "inventory_turnover_ratio": 5.22,
            "account_receivable_turnover_ratio": 2.16,
            "reinvestment_rate": null,
            "research_to_sale_ratio": 2.32,
            "price_fair": 31.22,
            "eps_avg_yearly": 10.41,
            "eps_latest_yearly": 7.72,
            "eps_growth_yearly": -4.07
        },
        "20172": {
            "year_quarter": 20172,
            "year": 2017,
            "quarter": 2,
            "eps": 2.33,
            "eps_growth_year": -10.38,
            "eps_4q": 9.55,
            "eps_4q_growth_year": -11.6,
            "roe": 5.06,
            "gross_profit": 481049,
            "gross_margin": 24.21,
            "net_income": 232610,
            "revenue": 1986947,
            "common_shares": 1000000,
            "equity": 4351434,
            "current_ratio": 280.92,
            "debt_ratio": 32.64,
            "inventory_turnover_ratio": 5.68,
            "account_receivable_turnover_ratio": 2.37,
            "reinvestment_rate": null,
            "research_to_sale_ratio": 2.16,
            "price_fair": 160.41,
            "eps_avg_yearly": 10.28,
            "eps_latest_yearly": 9.32,
            "eps_growth_yearly": 5.6
        },
        "20173": {
            "year_quarter": 20173,
            "year": 2017,
            "quarter": 3,
            "eps": 2.67,
            "eps_growth_year": 5.95,
            "eps_4q": 9.74,
            "eps_4q_growth_year": 0.26,
            "roe": 5.91,
            "gross_profit": 525908,
            "gross_margin": 23.75,
            "net_income": 266735,
            "revenue": 2214705,
            "common_shares": 1000000,
            "equity": 4682636,
            "current_ratio": 391.56,
            "debt_ratio": 23.26,
            "inventory_turnover_ratio": 6.31,
            "account_receivable_turnover_ratio": 2.33,
            "reinvestment_rate": null,
            "research_to_sale_ratio": 1.99,
            "price_fair": 215.51,
            "eps_avg_yearly": 10.32,
            "eps_latest_yearly": 10.68,
            "eps_growth_yearly": 10.87
        },
        "20174": {
            "year_quarter": 20174,
            "year": 2017,
            "quarter": 4,
            "eps": 2.31,
            "eps_growth_year": -17.81,
            "eps_4q": 9.24,
            "eps_4q_growth_year": -9.59,
            "roe": 4.81,
            "gross_profit": 465487,
            "gross_margin": 21.82,
            "net_income": 231327,
            "revenue": 2133141,
            "common_shares": 1000000,
            "equity": 4929047,
            "current_ratio": 579.37,
            "debt_ratio": 21.73,
            "inventory_turnover_ratio": 6.02,
            "account_receivable_turnover_ratio": 2.24,
            "reinvestment_rate": 5,
            "research_to_sale_ratio": 1.69,
            "price_fair": 153.21,
            "eps_avg_yearly": 10.23,
            "eps_latest_yearly": 9.24,
            "eps_growth_yearly": 4.98
        },
        "20181": {
            "year_quarter": 20181,
            "year": 2018,
            "quarter": 1,
            "eps": 1.84,
            "eps_growth_year": -4.66,
            "eps_4q": 9.15,
            "eps_4q_growth_year": -4.4,
            "roe": 3.63,
            "gross_profit": 451110,
            "gross_margin": 23.9,
            "net_income": 184087,
            "revenue": 1887308,
            "common_shares": 1000000,
            "equity": 5210311,
            "current_ratio": 655.65,
            "debt_ratio": 20.13,
            "inventory_turnover_ratio": 5,
            "account_receivable_turnover_ratio": 2.1,
            "reinvestment_rate": 4.81,
            "research_to_sale_ratio": 3.11,
            "price_fair": 29.96,
            "eps_avg_yearly": 9.99,
            "eps_latest_yearly": 7.36,
            "eps_growth_yearly": -2.21
        },
        "20182": {
            "year_quarter": 20182,
            "year": 2018,
            "quarter": 2,
            "eps": 2.1,
            "eps_growth_year": -9.87,
            "eps_4q": 8.92,
            "eps_4q_growth_year": -6.65,
            "roe": 4.16,
            "gross_profit": 510689,
            "gross_margin": 23.71,
            "net_income": 209608,
            "revenue": 2153567,
            "common_shares": 1000000,
            "equity": 4859079,
            "current_ratio": 379.43,
            "debt_ratio": 29.88,
            "inventory_turnover_ratio": 5.7,
            "account_receivable_turnover_ratio": 2.35,
            "reinvestment_rate": 7.92,
            "research_to_sale_ratio": 2.63,
            "price_fair": 121.37,
            "eps_avg_yearly": 9.86,
            "eps_latest_yearly": 8.4,
            "eps_growth_yearly": 2.3
        },
        "20183": {
            "year_quarter": 20183,
            "year": 2018,
            "quarter": 3,
            "eps": 2.52,
            "eps_growth_year": -5.62,
            "eps_4q": 8.77,
            "eps_4q_growth_year": -9.95,
            "roe": 5.14,
            "gross_profit": 456766,
            "gross_margin": 23.25,
            "net_income": 252027,
            "revenue": 1964794,
            "common_shares": 1000000,
            "equity": 4940139,
            "current_ratio": 419.21,
            "debt_ratio": 27.71,
            "inventory_turnover_ratio": 5.34,
            "account_receivable_turnover_ratio": 2.25,
            "reinvestment_rate": 6.82,
            "research_to_sale_ratio": 2.46,
            "price_fair": 176.39,
            "eps_avg_yearly": 9.88,
            "eps_latest_yearly": 10.08,
            "eps_growth_yearly": 7.85
        },
        "20184": {
            "year_quarter": 20184,
            "year": 2018,
            "quarter": 4,
            "eps": 1.24,
            "eps_growth_year": -46.45,
            "eps_4q": 7.7,
            "eps_4q_growth_year": -16.7,
            "roe": 2.47,
            "gross_profit": 362977,
            "gross_margin": 23.61,
            "net_income": 123883,
            "revenue": 1537312,
            "common_shares": 1000000,
            "equity": 5106383,
            "current_ratio": 708.12,
            "debt_ratio": 19.43,
            "inventory_turnover_ratio": 3.99,
            "account_receivable_turnover_ratio": 2.17,
            "reinvestment_rate": 7.23,
            "research_to_sale_ratio": 1.9,
            "price_fair": 28.66,
            "eps_avg_yearly": 9.55,
            "eps_latest_yearly": 4.96,
            "eps_growth_yearly": -6.21
        },
        "20191": {
            "year_quarter": 20191,
            "year": 2019,
            "quarter": 1,
            "eps": 0.64,
            "eps_growth_year": -65.22,
            "eps_4q": 6.5,
            "eps_4q_growth_year": -28.96,
            "roe": 1.24,
            "gross_profit": 242723,
            "gross_margin": 18.97,
            "net_income": 64342,
            "revenue": 1279793,
            "common_shares": 1000000,
            "equity": 5300252,
            "current_ratio": 693.25,
            "debt_ratio": 19.82,
            "inventory_turnover_ratio": 3.58,
            "account_receivable_turnover_ratio": 1.73,
            "reinvestment_rate": 8.14,
            "research_to_sale_ratio": 4.78,
            "price_fair": 27.35,
            "eps_avg_yearly": 9.12,
            "eps_latest_yearly": 2.56,
            "eps_growth_yearly": -17.92
        },
        "20192": {
            "year_quarter": 20192,
            "year": 2019,
            "quarter": 2,
            "eps": 1.03,
            "eps_growth_year": -50.95,
            "eps_4q": 4.68,
            "eps_4q_growth_year": -47.52,
            "roe": 1.97,
            "gross_profit": 295738,
            "gross_margin": 20.17,
            "net_income": 102591,
            "revenue": 1466334,
            "common_shares": 1000000,
            "equity": 5102817,
            "current_ratio": 439.6,
            "debt_ratio": 26.11,
            "inventory_turnover_ratio": 4.45,
            "account_receivable_turnover_ratio": 1.5,
            "reinvestment_rate": 11.71,
            "research_to_sale_ratio": 4.5,
            "price_fair": 26.06,
            "eps_avg_yearly": 8.69,
            "eps_latest_yearly": 4.12,
            "eps_growth_yearly": -7.34
        },
        "20193": {
            "year_quarter": 20193,
            "year": 2019,
            "quarter": 3,
            "eps": 0.84,
            "eps_growth_year": -66.67,
            "eps_4q": 3.34,
            "eps_4q_growth_year": -61.88,
            "roe": 1.92,
            "gross_profit": 282998,
            "gross_margin": 20.54,
            "net_income": 97008,
            "revenue": 1378085,
            "common_shares": 1000000,
            "equity": 5004000,
            "current_ratio": 381.97,
            "debt_ratio": 28.01,
            "inventory_turnover_ratio": 4.51,
            "account_receivable_turnover_ratio": 1.19,
            "reinvestment_rate": 18.73,
            "research_to_sale_ratio": 4.74,
            "price_fair": 24.62,
            "eps_avg_yearly": 8.21,
            "eps_latest_yearly": 3.36,
            "eps_growth_yearly": -12.23
        },
        "20194": {
            "year_quarter": 20194,
            "year": 2019,
            "quarter": 4,
            "eps": 0.94,
            "eps_growth_year": -23.77,
            "eps_4q": 3.22,
            "eps_4q_growth_year": -58.16,
            "roe": 2.18,
            "gross_profit": 282259,
            "gross_margin": 21.68,
            "net_income": 109539,
            "revenue": 1301997,
            "common_shares": 1160000,
            "equity": 5062127,
            "current_ratio": 360.78,
            "debt_ratio": 25.5,
            "inventory_turnover_ratio": 3.84,
            "account_receivable_turnover_ratio": 1.13,
            "reinvestment_rate": 44.72,
            "research_to_sale_ratio": 3.71,
            "price_fair": 23.39,
            "eps_avg_yearly": 7.8,
            "eps_latest_yearly": 3.76,
            "eps_growth_yearly": -7.45
        },
        "20201": {
            "year_quarter": 20201,
            "year": 2020,
            "quarter": 1,
            "eps": -0.34,
            "eps_growth_year": -153.12,
            "eps_4q": 2.33,
            "eps_4q_growth_year": -64.15,
            "roe": -0.78,
            "gross_profit": 92683,
            "gross_margin": 16.48,
            "net_income": -38874,
            "revenue": 562529,
            "common_shares": 1160000,
            "equity": 4967686,
            "current_ratio": 480.82,
            "debt_ratio": 20.68,
            "inventory_turnover_ratio": 1.72,
            "account_receivable_turnover_ratio": 0.54,
            "reinvestment_rate": 49.96,
            "research_to_sale_ratio": 7.08,
            "price_fair": 22.66,
            "eps_avg_yearly": 7.55,
            "eps_latest_yearly": 3.76,
            "eps_growth_yearly": -11.06
        },
        "20202": {
            "year_quarter": 20202,
            "year": 2020,
            "quarter": 2,
            "eps": 0.92,
            "eps_growth_year": -10.68,
            "eps_4q": 2.36,
            "eps_4q_growth_year": -49.49,
            "roe": 2.18,
            "gross_profit": 214275,
            "gross_margin": 20.64,
            "net_income": 106500,
            "revenue": 1038354,
            "common_shares": 1160000,
            "equity": 4799893,
            "current_ratio": 393.57,
            "debt_ratio": 23.8,
            "inventory_turnover_ratio": 3.42,
            "account_receivable_turnover_ratio": 1.28,
            "reinvestment_rate": 53.1,
            "research_to_sale_ratio": 5.86,
            "price_fair": 22.05,
            "eps_avg_yearly": 7.35,
            "eps_latest_yearly": 3.76,
            "eps_growth_yearly": -9.16
        },
        "20203": {
            "year_quarter": 20203,
            "year": 2020,
            "quarter": 3,
            "eps": 0.88,
            "eps_growth_year": 4.76,
            "eps_4q": 2.41,
            "eps_4q_growth_year": -28.04,
            "roe": 2.08,
            "gross_profit": 299907,
            "gross_margin": 21.13,
            "net_income": 101916,
            "revenue": 1419432,
            "common_shares": 1160000,
            "equity": 4987636,
            "current_ratio": 302.96,
            "debt_ratio": 27.7,
            "inventory_turnover_ratio": 4.55,
            "account_receivable_turnover_ratio": 1.73,
            "reinvestment_rate": 75,
            "research_to_sale_ratio": 6.99,
            "price_fair": 20.64,
            "eps_avg_yearly": 6.88,
            "eps_latest_yearly": 3.52,
            "eps_growth_yearly": -9.52
        },
        "20204": {
            "year_quarter": 20204,
            "year": 2020,
            "quarter": 4,
            "eps": 0.76,
            "eps_growth_year": -19.44,
            "eps_4q": 2.22,
            "eps_4q_growth_year": -30.98,
            "roe": 1.73,
            "gross_profit": 298722,
            "gross_margin": 21.89,
            "net_income": 88242,
            "revenue": 1364508,
            "common_shares": 1160000,
            "equity": 5206798,
            "current_ratio": 335.13,
            "debt_ratio": 23.94,
            "inventory_turnover_ratio": 3.82,
            "account_receivable_turnover_ratio": 1.39,
            "reinvestment_rate": 97.58,
            "research_to_sale_ratio": 7.16,
            "price_fair": 18.88,
            "eps_avg_yearly": 6.29,
            "eps_latest_yearly": 3.04,
            "eps_growth_yearly": -16.7
        },
        "20211": {
            "year_quarter": 20211,
            "year": 2021,
            "quarter": 1,
            "eps": 0.44,
            "eps_growth_year": null,
            "eps_4q": 2.99,
            "eps_4q_growth_year": 28.5,
            "roe": 0.97,
            "gross_profit": 191603,
            "gross_margin": 21.37,
            "net_income": 50619,
            "revenue": 896741,
            "common_shares": 1160000,
            "equity": 5219638,
            "current_ratio": 401.45,
            "debt_ratio": 19.54,
            "inventory_turnover_ratio": 2.4,
            "account_receivable_turnover_ratio": 1.17,
            "reinvestment_rate": 119.49,
            "research_to_sale_ratio": 7.11,
            "price_fair": 17.61,
            "eps_avg_yearly": 5.87,
            "eps_latest_yearly": 1.76,
            "eps_growth_yearly": -19.79
        },
        "20212": {
            "year_quarter": 20212,
            "year": 2021,
            "quarter": 2,
            "eps": 0.58,
            "eps_growth_year": -36.96,
            "eps_4q": 2.66,
            "eps_4q_growth_year": 12.44,
            "roe": 1.31,
            "gross_profit": 206161,
            "gross_margin": 18.74,
            "net_income": 67514,
            "revenue": 1100085,
            "common_shares": 1160000,
            "equity": 5116297,
            "current_ratio": 286.57,
            "debt_ratio": 24.65,
            "inventory_turnover_ratio": 2.65,
            "account_receivable_turnover_ratio": 1.74,
            "reinvestment_rate": 131.58,
            "research_to_sale_ratio": 4.3,
            "price_fair": 16.11,
            "eps_avg_yearly": 5.37,
            "eps_latest_yearly": 2.32,
            "eps_growth_yearly": -16.62
        },
        "20213": {
            "year_quarter": 20213,
            "year": 2021,
            "quarter": 3,
            "eps": 1.06,
            "eps_growth_year": 20.45,
            "eps_4q": 2.84,
            "eps_4q_growth_year": 18.14,
            "roe": 2.38,
            "gross_profit": 273792,
            "gross_margin": 18.4,
            "net_income": 123323,
            "revenue": 1488083,
            "common_shares": 1160000,
            "equity": 5233912,
            "current_ratio": 280.63,
            "debt_ratio": 25.66,
            "inventory_turnover_ratio": 3.37,
            "account_receivable_turnover_ratio": 1.79,
            "reinvestment_rate": 140.59,
            "research_to_sale_ratio": 1.6,
            "price_fair": 63.11,
            "eps_avg_yearly": 4.91,
            "eps_latest_yearly": 4.24,
            "eps_growth_yearly": 2.86
        },
        "20214": {
            "year_quarter": 20214,
            "year": 2021,
            "quarter": 4,
            "eps": 1.05,
            "eps_growth_year": 37.41,
            "eps_4q": 3.13,
            "eps_4q_growth_year": 40.7,
            "roe": 2.28,
            "gross_profit": 280260,
            "gross_margin": 18.49,
            "net_income": 121254,
            "revenue": 1515546,
            "common_shares": 1160000,
            "equity": 5402996,
            "current_ratio": 301.66,
            "debt_ratio": 24.32,
            "inventory_turnover_ratio": 3.66,
            "account_receivable_turnover_ratio": 1.57,
            "reinvestment_rate": 141.84,
            "research_to_sale_ratio": 2.64,
            "price_fair": 74.78,
            "eps_avg_yearly": 4.55,
            "eps_latest_yearly": 4.2,
            "eps_growth_yearly": 6.44
        },
        "20221": {
            "year_quarter": 20221,
            "year": 2022,
            "quarter": 1,
            "eps": 0.59,
            "eps_growth_year": 34.09,
            "eps_4q": 3.28,
            "eps_4q_growth_year": 9.42,
            "roe": 1.23,
            "gross_profit": 210697,
            "gross_margin": 20.77,
            "net_income": 67894,
            "revenue": 1014570,
            "common_shares": 1160000,
            "equity": 5679251,
            "current_ratio": 458.94,
            "debt_ratio": 18.28,
            "inventory_turnover_ratio": 2.34,
            "account_receivable_turnover_ratio": 1.36,
            "reinvestment_rate": 161.48,
            "research_to_sale_ratio": 5.85,
            "price_fair": 12.57,
            "eps_avg_yearly": 4.19,
            "eps_latest_yearly": 2.36,
            "eps_growth_yearly": -0.26
        },
        "20222": {
            "year_quarter": 20222,
            "year": 2022,
            "quarter": 2,
            "eps": 0.79,
            "eps_growth_year": 36.21,
            "eps_4q": 3.48,
            "eps_4q_growth_year": 30.99,
            "roe": 1.62,
            "gross_profit": 261192,
            "gross_margin": 21.29,
            "net_income": 91364,
            "revenue": 1227086,
            "common_shares": 1160000,
            "equity": 5568435,
            "current_ratio": 329.11,
            "debt_ratio": 23.09,
            "inventory_turnover_ratio": 2.75,
            "account_receivable_turnover_ratio": 2.15,
            "reinvestment_rate": 163.39,
            "research_to_sale_ratio": 4.96,
            "price_fair": 58.73,
            "eps_avg_yearly": 3.82,
            "eps_latest_yearly": 3.16,
            "eps_growth_yearly": 5.39
        },
        "20223": {
            "year_quarter": 20223,
            "year": 2022,
            "quarter": 3,
            "eps": 1.24,
            "eps_growth_year": 16.98,
            "eps_4q": 3.66,
            "eps_4q_growth_year": 28.61,
            "roe": 2.53,
            "gross_profit": 336707,
            "gross_margin": 22.56,
            "net_income": 143508,
            "revenue": 1492762,
            "common_shares": 1160000,
            "equity": 5764461,
            "current_ratio": 315.04,
            "debt_ratio": 24.41,
            "inventory_turnover_ratio": 3.33,
            "account_receivable_turnover_ratio": 1.78,
            "reinvestment_rate": 177.91,
            "research_to_sale_ratio": 4.37,
            "price_fair": 89.55,
            "eps_avg_yearly": 3.45,
            "eps_latest_yearly": 4.96,
            "eps_growth_yearly": 15.95
        },
        "20224": {
            "year_quarter": 20224,
            "year": 2022,
            "quarter": 4,
            "eps": 1.23,
            "eps_growth_year": 17.91,
            "eps_4q": 3.84,
            "eps_4q_growth_year": 22.89,
            "roe": 2.47,
            "gross_profit": 331968,
            "gross_margin": 23.62,
            "net_income": 142968,
            "revenue": 1405737,
            "common_shares": 1160000,
            "equity": 5815411,
            "current_ratio": 349.94,
            "debt_ratio": 22.63,
            "inventory_turnover_ratio": 3.29,
            "account_receivable_turnover_ratio": 1.32,
            "reinvestment_rate": 175.76,
            "research_to_sale_ratio": 4.72,
            "price_fair": 120.7,
            "eps_avg_yearly": 3.45,
            "eps_latest_yearly": 4.92,
            "eps_growth_yearly": 30.23
        },
        "20231": {
            "year_quarter": 20231,
            "year": 2023,
            "quarter": 1,
            "eps": 0.55,
            "eps_growth_year": -6.78,
            "eps_4q": 3.8,
            "eps_4q_growth_year": 16.11,
            "roe": 1.08,
            "gross_profit": 166883,
            "gross_margin": 20.68,
            "net_income": 63378,
            "revenue": 806904,
            "common_shares": 1160000,
            "equity": 5911236,
            "current_ratio": 435.05,
            "debt_ratio": 19.8,
            "inventory_turnover_ratio": 1.98,
            "account_receivable_turnover_ratio": 0.9,
            "reinvestment_rate": 174.65,
            "research_to_sale_ratio": 6.55,
            "price_fair": 119.8,
            "eps_avg_yearly": 3.42,
            "eps_latest_yearly": 2.2,
            "eps_growth_yearly": 28.26
        }
    },
    "months": {
        "2016-07": {
            "month": "2016-07",
            "price": "116.38",
            "revenue": 749283
        },
        "2016-08": {
            "month": "2016-08",
            "price": "129.20",
            "revenue": 701917
        },
        "2016-09": {
            "month": "2016-09",
            "price": "121.45",
            "revenue": 700867
        },
        "2016-10": {
            "month": "2016-10",
            "price": "111.48",
            "revenue": 652632
        },
        "2016-11": {
            "month": "2016-11",
            "price": "103.77",
            "revenue": 731375
        },
        "2016-12": {
            "month": "2016-12",
            "price": "109.43",
            "revenue": 737674
        },
        "2017-01": {
            "month": "2017-01",
            "price": "112.66",
            "revenue": 604698
        },
        "2017-02": {
            "month": "2017-02",
            "price": "115.69",
            "revenue": 621806
        },
        "2017-03": {
            "month": "2017-03",
            "price": "116.54",
            "revenue": 562726
        },
        "2017-04": {
            "month": "2017-04",
            "price": "103.80",
            "revenue": 571082
        },
        "2017-05": {
            "month": "2017-05",
            "price": "100.08",
            "revenue": 694978
        },
        "2017-06": {
            "month": "2017-06",
            "price": "111.57",
            "revenue": 717856
        },
        "2017-07": {
            "month": "2017-07",
            "price": "110.14",
            "revenue": 734129
        },
        "2017-08": {
            "month": "2017-08",
            "price": "104.33",
            "revenue": 731233
        },
        "2017-09": {
            "month": "2017-09",
            "price": "101.99",
            "revenue": 752159
        },
        "2017-10": {
            "month": "2017-10",
            "price": "103.08",
            "revenue": 654621
        },
        "2017-11": {
            "month": "2017-11",
            "price": "101.97",
            "revenue": 751329
        },
        "2017-12": {
            "month": "2017-12",
            "price": "101.57",
            "revenue": 728113
        },
        "2018-01": {
            "month": "2018-01",
            "price": "101.13",
            "revenue": 628322
        },
        "2018-02": {
            "month": "2018-02",
            "price": "97.40",
            "revenue": 620220
        },
        "2018-03": {
            "month": "2018-03",
            "price": "96.97",
            "revenue": 638690
        },
        "2018-04": {
            "month": "2018-04",
            "price": "93.03",
            "revenue": 633970
        },
        "2018-05": {
            "month": "2018-05",
            "price": "89.16",
            "revenue": 745839
        },
        "2018-06": {
            "month": "2018-06",
            "price": "88.36",
            "revenue": 775145
        },
        "2018-07": {
            "month": "2018-07",
            "price": "81.84",
            "revenue": 709570
        },
        "2018-08": {
            "month": "2018-08",
            "price": "77.44",
            "revenue": 639092
        },
        "2018-09": {
            "month": "2018-09",
            "price": "63.63",
            "revenue": 616681
        },
        "2018-10": {
            "month": "2018-10",
            "price": "58.58",
            "revenue": 513548
        },
        "2018-11": {
            "month": "2018-11",
            "price": "56.39",
            "revenue": 551229
        },
        "2018-12": {
            "month": "2018-12",
            "price": "57.44",
            "revenue": 481357
        },
        "2019-01": {
            "month": "2019-01",
            "price": "57.29",
            "revenue": 467511
        },
        "2019-02": {
            "month": "2019-02",
            "price": "62.62",
            "revenue": 313044
        },
        "2019-03": {
            "month": "2019-03",
            "price": "61.18",
            "revenue": 499182
        },
        "2019-04": {
            "month": "2019-04",
            "price": "58.17",
            "revenue": 461273
        },
        "2019-05": {
            "month": "2019-05",
            "price": "52.01",
            "revenue": 539686
        },
        "2019-06": {
            "month": "2019-06",
            "price": "50.97",
            "revenue": 464772
        },
        "2019-07": {
            "month": "2019-07",
            "price": "50.46",
            "revenue": 461519
        },
        "2019-08": {
            "month": "2019-08",
            "price": "48.43",
            "revenue": 466561
        },
        "2019-09": {
            "month": "2019-09",
            "price": "49.36",
            "revenue": 449106
        },
        "2019-10": {
            "month": "2019-10",
            "price": "40.74",
            "revenue": 401270
        },
        "2019-11": {
            "month": "2019-11",
            "price": "38.34",
            "revenue": 447996
        },
        "2019-12": {
            "month": "2019-12",
            "price": "40.01",
            "revenue": 452909
        },
        "2020-01": {
            "month": "2020-01",
            "price": "40.68",
            "revenue": 298386
        },
        "2020-02": {
            "month": "2020-02",
            "price": "35.13",
            "revenue": 42458
        },
        "2020-03": {
            "month": "2020-03",
            "price": "28.96",
            "revenue": 222316
        },
        "2020-04": {
            "month": "2020-04",
            "price": "30.21",
            "revenue": 286019
        },
        "2020-05": {
            "month": "2020-05",
            "price": "31.63",
            "revenue": 366767
        },
        "2020-06": {
            "month": "2020-06",
            "price": "37.23",
            "revenue": 379260
        },
        "2020-07": {
            "month": "2020-07",
            "price": "35.50",
            "revenue": 409514
        },
        "2020-08": {
            "month": "2020-08",
            "price": "34.09",
            "revenue": 506032
        },
        "2020-09": {
            "month": "2020-09",
            "price": "37.45",
            "revenue": 504458
        },
        "2020-10": {
            "month": "2020-10",
            "price": "37.58",
            "revenue": 430279
        },
        "2020-11": {
            "month": "2020-11",
            "price": "36.23",
            "revenue": 461199
        },
        "2020-12": {
            "month": "2020-12",
            "price": "34.88",
            "revenue": 478540
        },
        "2021-01": {
            "month": "2021-01",
            "price": "35.16",
            "revenue": 391263
        },
        "2021-02": {
            "month": "2021-02",
            "price": "34.22",
            "revenue": 239383
        },
        "2021-03": {
            "month": "2021-03",
            "price": "35.72",
            "revenue": 266452
        },
        "2021-04": {
            "month": "2021-04",
            "price": "34.95",
            "revenue": 325287
        },
        "2021-05": {
            "month": "2021-05",
            "price": "30.90",
            "revenue": 366149
        },
        "2021-06": {
            "month": "2021-06",
            "price": "30.61",
            "revenue": 407460
        },
        "2021-07": {
            "month": "2021-07",
            "price": "30.08",
            "revenue": 426588
        },
        "2021-08": {
            "month": "2021-08",
            "price": "29.20",
            "revenue": 518087
        },
        "2021-09": {
            "month": "2021-09",
            "price": "29.38",
            "revenue": 539336
        },
        "2021-10": {
            "month": "2021-10",
            "price": "29.73",
            "revenue": 472265
        },
        "2021-11": {
            "month": "2021-11",
            "price": "31.37",
            "revenue": 514963
        },
        "2021-12": {
            "month": "2021-12",
            "price": "31.99",
            "revenue": 529269
        },
        "2022-01": {
            "month": "2022-01",
            "price": "32.19",
            "revenue": 472620
        },
        "2022-02": {
            "month": "2022-02",
            "price": "34.25",
            "revenue": 287525
        },
        "2022-03": {
            "month": "2022-03",
            "price": "33.19",
            "revenue": 251365
        },
        "2022-04": {
            "month": "2022-04",
            "price": "29.91",
            "revenue": 412447
        },
        "2022-05": {
            "month": "2022-05",
            "price": "28.95",
            "revenue": 390021
        },
        "2022-06": {
            "month": "2022-06",
            "price": "29.16",
            "revenue": 425540
        },
        "2022-07": {
            "month": "2022-07",
            "price": "28.20",
            "revenue": 438540
        },
        "2022-08": {
            "month": "2022-08",
            "price": "29.41",
            "revenue": 512122
        },
        "2022-09": {
            "month": "2022-09",
            "price": "29.70",
            "revenue": 542421
        },
        "2022-10": {
            "month": "2022-10",
            "price": "28.58",
            "revenue": 452906
        },
        "2022-11": {
            "month": "2022-11",
            "price": "29.06",
            "revenue": 462567
        },
        "2022-12": {
            "month": "2022-12",
            "price": "29.63",
            "revenue": 489369
        },
        "2023-01": {
            "month": "2023-01",
            "price": "30.45",
            "revenue": 110315
        },
        "2023-02": {
            "month": "2023-02",
            "price": "30.11",
            "revenue": 312088
        },
        "2023-03": {
            "month": "2023-03",
            "price": "30.25",
            "revenue": 382631
        },
        "2023-04": {
            "month": "2023-04",
            "price": "32.84",
            "revenue": 446051
        }
    }
}
