{
    "summary": {
        "stock_name": "橙的",
        "stock_id": "4554",
        "category": "其他電子",
        "main_business": "無線胎壓監測器系統",
        "website_url": "http://www.orange-electronic.com",
        "ceo": "許欽堯",
        "pe_ratio": -575,
        "report_year_from": 2013,
        "report_year_to": 2023,
        "age": 10,
        "eps_negative_percentage": 33,
        "eps_growth_avg": {
            "last_all": 1.01,
            "last_2y": 19.11,
            "last_4y": 19.11,
            "last_8y": null,
            "last_12y": null,
            "last_16y": null,
            "last_20y": null,
            "at_2006_last_3y": null,
            "at_2007_last_3y": null,
            "at_2008_last_3y": null,
            "at_2009_last_3y": null,
            "at_2010_last_3y": null,
            "at_2011_last_3y": null,
            "at_2012_last_3y": null,
            "at_2013_last_3y": null,
            "at_2014_last_3y": null,
            "at_2015_last_3y": null,
            "at_2016_last_3y": null,
            "at_2017_last_3y": null,
            "at_2018_last_3y": null,
            "at_2019_last_3y": -26.15,
            "at_2020_last_3y": -52.08,
            "at_2021_last_3y": 47.92,
            "at_2022_last_3y": 19.11,
            "at_2023_last_3y": 19.11,
            "at_2006_last_all": null,
            "at_2007_last_all": null,
            "at_2008_last_all": null,
            "at_2009_last_all": null,
            "at_2010_last_all": null,
            "at_2011_last_all": null,
            "at_2012_last_all": null,
            "at_2013_last_all": null,
            "at_2014_last_all": null,
            "at_2015_last_all": null,
            "at_2016_last_all": null,
            "at_2017_last_all": -26.15,
            "at_2018_last_all": -26.15,
            "at_2019_last_all": -26.15,
            "at_2020_last_all": -18.82,
            "at_2021_last_all": 10.88,
            "at_2022_last_all": 1.01,
            "at_2023_last_all": 1.01
        },
        "latest_eps": -0.05,
        "latest_price": 28.75,
        "latest_roe": -0.27,
        "latest_gross_margin": 33.9,
        "latest_equity": 430681,
        "latest_revenue": 71204,
        "latest_gross_profit": 24140,
        "latest_net_income": -5683,
        "latest_debt_ratio": 32.59,
        "latest_current_ratio": 257.89,
        "latest_account_receivable_turnover_ratio": 1.32,
        "latest_inventory_turnover_ratio": 0.29,
        "latest_reinvestment_rate": -54.65,
        "latest_research_to_sale_ratio": 18.13
    },
    "eps_dividends": {
        "2001": {
            "cash": 0,
            "stock": 0,
            "eps": 0
        },
        "2002": {
            "cash": 0,
            "stock": 0,
            "eps": 0
        },
        "2003": {
            "cash": 0,
            "stock": 0,
            "eps": 0
        },
        "2004": {
            "cash": 0,
            "stock": 0,
            "eps": 0
        },
        "2005": {
            "cash": 0,
            "stock": 0,
            "eps": 0
        },
        "2006": {
            "cash": 0,
            "stock": 0,
            "eps": 0
        },
        "2007": {
            "cash": 0,
            "stock": 0,
            "eps": 0
        },
        "2008": {
            "cash": 0,
            "stock": 0,
            "eps": 0
        },
        "2009": {
            "cash": 0,
            "stock": 0,
            "eps": 0
        },
        "2010": {
            "cash": 0,
            "stock": 0,
            "eps": 0
        },
        "2011": {
            "cash": 0,
            "stock": 0,
            "eps": 0
        },
        "2012": {
            "cash": 0,
            "stock": 0,
            "eps": 0
        },
        "2013": {
            "cash": 0,
            "stock": 0,
            "eps": 0
        },
        "2014": {
            "cash": 0,
            "stock": 16.04,
            "eps": 0
        },
        "2015": {
            "cash": 0.4,
            "stock": 2,
            "eps": 1.09
        },
        "2016": {
            "cash": 1.8,
            "stock": 0,
            "eps": 1.61
        },
        "2017": {
            "cash": 0.8,
            "stock": 0,
            "eps": -1.62
        },
        "2018": {
            "cash": 0,
            "stock": 0,
            "eps": -1.09
        },
        "2019": {
            "cash": 0,
            "stock": 0,
            "eps": 0.24
        },
        "2020": {
            "cash": 0.1,
            "stock": 0,
            "eps": 0.23
        },
        "2021": {
            "cash": 0.14,
            "stock": 0,
            "eps": 2
        },
        "2022": {
            "cash": 0.9,
            "stock": 0.9,
            "eps": 1.23
        },
        "2023": {
            "cash": 1,
            "stock": 0,
            "eps": -0.24
        }
    },
    "dividends": {
        "2014-03-28": {
            "cash": 0,
            "stock": 16.04
        },
        "2015-08-03": {
            "cash": 0.4,
            "stock": 2
        },
        "2016-04-29": {
            "cash": 1.8,
            "stock": 0
        },
        "2017-09-27": {
            "cash": 0.8,
            "stock": 0
        },
        "2020-08-24": {
            "cash": 0.1,
            "stock": 0
        },
        "2021-10-04": {
            "cash": 0.14,
            "stock": 0
        },
        "2022-09-16": {
            "cash": 0.9,
            "stock": 0.9
        },
        "2023-03-24": {
            "cash": 1,
            "stock": 0
        }
    },
    "prices": {
        "200101": "無",
        "200102": "無",
        "200103": "無",
        "200104": "無",
        "200105": "無",
        "200106": "無",
        "200107": "無",
        "200108": "無",
        "200109": "無",
        "200110": "無",
        "200111": "無",
        "200112": "無",
        "200201": "無",
        "200202": "無",
        "200203": "無",
        "200204": "無",
        "200205": "無",
        "200206": "無",
        "200207": "無",
        "200208": "無",
        "200209": "無",
        "200210": "無",
        "200211": "無",
        "200212": "無",
        "200301": "無",
        "200302": "無",
        "200303": "無",
        "200304": "無",
        "200305": "無",
        "200306": "無",
        "200307": "無",
        "200308": "無",
        "200309": "無",
        "200310": "無",
        "200311": "無",
        "200312": "無",
        "200401": "無",
        "200402": "無",
        "200403": "無",
        "200404": "無",
        "200405": "無",
        "200406": "無",
        "200407": "無",
        "200408": "無",
        "200409": "無",
        "200410": "無",
        "200411": "無",
        "200412": "無",
        "200501": "無",
        "200502": "無",
        "200503": "無",
        "200504": "無",
        "200505": "無",
        "200506": "無",
        "200507": "無",
        "200508": "無",
        "200509": "無",
        "200510": "無",
        "200511": "無",
        "200512": "無",
        "200601": "無",
        "200602": "無",
        "200603": "無",
        "200604": "無",
        "200605": "無",
        "200606": "無",
        "200607": "無",
        "200608": "無",
        "200609": "無",
        "200610": "無",
        "200611": "無",
        "200612": "無",
        "200701": "無",
        "200702": "無",
        "200703": "無",
        "200704": "無",
        "200705": "無",
        "200706": "無",
        "200707": "無",
        "200708": "無",
        "200709": "無",
        "200710": "無",
        "200711": "無",
        "200712": "無",
        "200801": "無",
        "200802": "無",
        "200803": "無",
        "200804": "無",
        "200805": "無",
        "200806": "無",
        "200807": "無",
        "200808": "無",
        "200809": "無",
        "200810": "無",
        "200811": "無",
        "200812": "無",
        "200901": "無",
        "200902": "無",
        "200903": "無",
        "200904": "無",
        "200905": "無",
        "200906": "無",
        "200907": "無",
        "200908": "無",
        "200909": "無",
        "200910": "無",
        "200911": "無",
        "200912": "無",
        "201001": "無",
        "201002": "無",
        "201003": "無",
        "201004": "無",
        "201005": "無",
        "201006": "無",
        "201007": "無",
        "201008": "無",
        "201009": "無",
        "201010": "無",
        "201011": "無",
        "201012": "無",
        "201101": "無",
        "201102": "無",
        "201103": "無",
        "201104": "無",
        "201105": "無",
        "201106": "無",
        "201107": "無",
        "201108": "無",
        "201109": "無",
        "201110": "無",
        "201111": "無",
        "201112": "無",
        "201201": "無",
        "201202": "無",
        "201203": "無",
        "201204": "無",
        "201205": "無",
        "201206": "無",
        "201207": "無",
        "201208": "無",
        "201209": "無",
        "201210": "無",
        "201211": "無",
        "201212": "無",
        "201301": "無",
        "201302": "無",
        "201303": "無",
        "201304": "無",
        "201305": "無",
        "201306": "無",
        "201307": "無",
        "201308": "無",
        "201309": "無",
        "201310": "無",
        "201311": "無",
        "201312": "無",
        "201401": "無",
        "201402": "無",
        "201403": "無",
        "201404": "無",
        "201405": "無",
        "201406": "無",
        "201407": "無",
        "201408": "無",
        "201409": "99.23",
        "201410": "99.27",
        "201411": "92.58",
        "201412": "89.43",
        "201501": "92.44",
        "201502": "95.54",
        "201503": "106.91",
        "201504": "109.11",
        "201505": "109.01",
        "201506": "107.97",
        "201507": "89.03",
        "201508": "60.04",
        "201509": "57.93",
        "201510": "67.20",
        "201511": "64.09",
        "201512": "65.68",
        "201601": "60.92",
        "201602": "61.15",
        "201603": "64.55",
        "201604": "77.41",
        "201605": "73.64",
        "201606": "78.50",
        "201607": "75.37",
        "201608": "82.97",
        "201609": "77.85",
        "201610": "62.70",
        "201611": "48.88",
        "201612": "51.19",
        "201701": "47.42",
        "201702": "52.86",
        "201703": "47.15",
        "201704": "39.62",
        "201705": "37.84",
        "201706": "37.24",
        "201707": "31.35",
        "201708": "30.92",
        "201709": "29.03",
        "201710": "27.81",
        "201711": "28.20",
        "201712": "29.13",
        "201801": "29.52",
        "201802": "25.98",
        "201803": "25.74",
        "201804": "24.07",
        "201805": "23.58",
        "201806": "23.83",
        "201807": "21.66",
        "201808": "20.28",
        "201809": "18.22",
        "201810": "17.99",
        "201811": "16.95",
        "201812": "16.58",
        "201901": "16.02",
        "201902": "16.83",
        "201903": "17.30",
        "201904": "18.92",
        "201905": "16.43",
        "201906": "15.27",
        "201907": "16.98",
        "201908": "17.48",
        "201909": "19.69",
        "201910": "26.07",
        "201911": "26.47",
        "201912": "24.23",
        "202001": "23.46",
        "202002": "20.76",
        "202003": "15.69",
        "202004": "16.60",
        "202005": "19.20",
        "202006": "20.78",
        "202007": "18.90",
        "202008": "21.62",
        "202009": "22.73",
        "202010": "27.09",
        "202011": "26.25",
        "202012": "25.15",
        "202101": "25.60",
        "202102": "25.36",
        "202103": "31.00",
        "202104": "29.54",
        "202105": "24.24",
        "202106": "25.76",
        "202107": "26.28",
        "202108": "27.74",
        "202109": "29.26",
        "202110": "31.95",
        "202111": "30.80",
        "202112": "36.18",
        "202201": "34.05",
        "202202": "31.53",
        "202203": "31.40",
        "202204": "33.60",
        "202205": "36.07",
        "202206": "34.25",
        "202207": "30.05",
        "202208": "31.37",
        "202209": "33.04",
        "202210": "27.67",
        "202211": "26.15",
        "202212": "24.85",
        "202301": "23.96",
        "202302": "25.13",
        "202303": "26.74",
        "202304": "29.25",
        "202305": "29.72",
        "202306": "29.57"
    },
    "quarters": {
        "20011": {
            "year_quarter": 20011,
            "year": 2001,
            "quarter": 1,
            "eps": null,
            "eps_growth_year": null,
            "eps_4q": null,
            "eps_4q_growth_year": null,
            "roe": null,
            "roe_4q": 0,
            "gross_profit": null,
            "gross_margin": null,
            "gross_margin_4q_avg": 0,
            "net_income": null,
            "revenue": null,
            "common_shares": null,
            "book_valuer_per_share": null,
            "book_valuer_per_share_4q_avg": 0,
            "equity": null,
            "current_ratio": null,
            "debt_ratio": null,
            "inventory_turnover_ratio": null,
            "account_receivable_turnover_ratio": null,
            "reinvestment_rate": null,
            "research_to_sale_ratio": null,
            "price_fair": 0,
            "eps_avg_yearly": 0,
            "eps_latest_yearly": 0,
            "eps_growth_yearly": 0
        },
        "20012": {
            "year_quarter": 20012,
            "year": 2001,
            "quarter": 2,
            "eps": null,
            "eps_growth_year": null,
            "eps_4q": null,
            "eps_4q_growth_year": null,
            "roe": null,
            "roe_4q": 0,
            "gross_profit": null,
            "gross_margin": null,
            "gross_margin_4q_avg": 0,
            "net_income": null,
            "revenue": null,
            "common_shares": null,
            "book_valuer_per_share": null,
            "book_valuer_per_share_4q_avg": 0,
            "equity": null,
            "current_ratio": null,
            "debt_ratio": null,
            "inventory_turnover_ratio": null,
            "account_receivable_turnover_ratio": null,
            "reinvestment_rate": null,
            "research_to_sale_ratio": null,
            "price_fair": 0,
            "eps_avg_yearly": 0,
            "eps_latest_yearly": 0,
            "eps_growth_yearly": 0
        },
        "20013": {
            "year_quarter": 20013,
            "year": 2001,
            "quarter": 3,
            "eps": null,
            "eps_growth_year": null,
            "eps_4q": null,
            "eps_4q_growth_year": null,
            "roe": null,
            "roe_4q": 0,
            "gross_profit": null,
            "gross_margin": null,
            "gross_margin_4q_avg": 0,
            "net_income": null,
            "revenue": null,
            "common_shares": null,
            "book_valuer_per_share": null,
            "book_valuer_per_share_4q_avg": 0,
            "equity": null,
            "current_ratio": null,
            "debt_ratio": null,
            "inventory_turnover_ratio": null,
            "account_receivable_turnover_ratio": null,
            "reinvestment_rate": null,
            "research_to_sale_ratio": null,
            "price_fair": 0,
            "eps_avg_yearly": 0,
            "eps_latest_yearly": 0,
            "eps_growth_yearly": 0
        },
        "20014": {
            "year_quarter": 20014,
            "year": 2001,
            "quarter": 4,
            "eps": null,
            "eps_growth_year": null,
            "eps_4q": null,
            "eps_4q_growth_year": null,
            "roe": null,
            "roe_4q": 0,
            "gross_profit": null,
            "gross_margin": null,
            "gross_margin_4q_avg": 0,
            "net_income": null,
            "revenue": null,
            "common_shares": null,
            "book_valuer_per_share": null,
            "book_valuer_per_share_4q_avg": 0,
            "equity": null,
            "current_ratio": null,
            "debt_ratio": null,
            "inventory_turnover_ratio": null,
            "account_receivable_turnover_ratio": null,
            "reinvestment_rate": null,
            "research_to_sale_ratio": null,
            "price_fair": 0,
            "eps_avg_yearly": 0,
            "eps_latest_yearly": 0,
            "eps_growth_yearly": 0
        },
        "20021": {
            "year_quarter": 20021,
            "year": 2002,
            "quarter": 1,
            "eps": null,
            "eps_growth_year": null,
            "eps_4q": null,
            "eps_4q_growth_year": null,
            "roe": null,
            "roe_4q": 0,
            "gross_profit": null,
            "gross_margin": null,
            "gross_margin_4q_avg": 0,
            "net_income": null,
            "revenue": null,
            "common_shares": null,
            "book_valuer_per_share": null,
            "book_valuer_per_share_4q_avg": 0,
            "equity": null,
            "current_ratio": null,
            "debt_ratio": null,
            "inventory_turnover_ratio": null,
            "account_receivable_turnover_ratio": null,
            "reinvestment_rate": null,
            "research_to_sale_ratio": null,
            "price_fair": 0,
            "eps_avg_yearly": 0,
            "eps_latest_yearly": 0,
            "eps_growth_yearly": 0
        },
        "20022": {
            "year_quarter": 20022,
            "year": 2002,
            "quarter": 2,
            "eps": null,
            "eps_growth_year": null,
            "eps_4q": null,
            "eps_4q_growth_year": null,
            "roe": null,
            "roe_4q": 0,
            "gross_profit": null,
            "gross_margin": null,
            "gross_margin_4q_avg": 0,
            "net_income": null,
            "revenue": null,
            "common_shares": null,
            "book_valuer_per_share": null,
            "book_valuer_per_share_4q_avg": 0,
            "equity": null,
            "current_ratio": null,
            "debt_ratio": null,
            "inventory_turnover_ratio": null,
            "account_receivable_turnover_ratio": null,
            "reinvestment_rate": null,
            "research_to_sale_ratio": null,
            "price_fair": 0,
            "eps_avg_yearly": 0,
            "eps_latest_yearly": 0,
            "eps_growth_yearly": 0
        },
        "20023": {
            "year_quarter": 20023,
            "year": 2002,
            "quarter": 3,
            "eps": null,
            "eps_growth_year": null,
            "eps_4q": null,
            "eps_4q_growth_year": null,
            "roe": null,
            "roe_4q": 0,
            "gross_profit": null,
            "gross_margin": null,
            "gross_margin_4q_avg": 0,
            "net_income": null,
            "revenue": null,
            "common_shares": null,
            "book_valuer_per_share": null,
            "book_valuer_per_share_4q_avg": 0,
            "equity": null,
            "current_ratio": null,
            "debt_ratio": null,
            "inventory_turnover_ratio": null,
            "account_receivable_turnover_ratio": null,
            "reinvestment_rate": null,
            "research_to_sale_ratio": null,
            "price_fair": 0,
            "eps_avg_yearly": 0,
            "eps_latest_yearly": 0,
            "eps_growth_yearly": 0
        },
        "20024": {
            "year_quarter": 20024,
            "year": 2002,
            "quarter": 4,
            "eps": null,
            "eps_growth_year": null,
            "eps_4q": null,
            "eps_4q_growth_year": null,
            "roe": null,
            "roe_4q": 0,
            "gross_profit": null,
            "gross_margin": null,
            "gross_margin_4q_avg": 0,
            "net_income": null,
            "revenue": null,
            "common_shares": null,
            "book_valuer_per_share": null,
            "book_valuer_per_share_4q_avg": 0,
            "equity": null,
            "current_ratio": null,
            "debt_ratio": null,
            "inventory_turnover_ratio": null,
            "account_receivable_turnover_ratio": null,
            "reinvestment_rate": null,
            "research_to_sale_ratio": null,
            "price_fair": 0,
            "eps_avg_yearly": 0,
            "eps_latest_yearly": 0,
            "eps_growth_yearly": 0
        },
        "20031": {
            "year_quarter": 20031,
            "year": 2003,
            "quarter": 1,
            "eps": null,
            "eps_growth_year": null,
            "eps_4q": null,
            "eps_4q_growth_year": null,
            "roe": null,
            "roe_4q": 0,
            "gross_profit": null,
            "gross_margin": null,
            "gross_margin_4q_avg": 0,
            "net_income": null,
            "revenue": null,
            "common_shares": null,
            "book_valuer_per_share": null,
            "book_valuer_per_share_4q_avg": 0,
            "equity": null,
            "current_ratio": null,
            "debt_ratio": null,
            "inventory_turnover_ratio": null,
            "account_receivable_turnover_ratio": null,
            "reinvestment_rate": null,
            "research_to_sale_ratio": null,
            "price_fair": 0,
            "eps_avg_yearly": 0,
            "eps_latest_yearly": 0,
            "eps_growth_yearly": 0
        },
        "20032": {
            "year_quarter": 20032,
            "year": 2003,
            "quarter": 2,
            "eps": null,
            "eps_growth_year": null,
            "eps_4q": null,
            "eps_4q_growth_year": null,
            "roe": null,
            "roe_4q": 0,
            "gross_profit": null,
            "gross_margin": null,
            "gross_margin_4q_avg": 0,
            "net_income": null,
            "revenue": null,
            "common_shares": null,
            "book_valuer_per_share": null,
            "book_valuer_per_share_4q_avg": 0,
            "equity": null,
            "current_ratio": null,
            "debt_ratio": null,
            "inventory_turnover_ratio": null,
            "account_receivable_turnover_ratio": null,
            "reinvestment_rate": null,
            "research_to_sale_ratio": null,
            "price_fair": 0,
            "eps_avg_yearly": 0,
            "eps_latest_yearly": 0,
            "eps_growth_yearly": 0
        },
        "20033": {
            "year_quarter": 20033,
            "year": 2003,
            "quarter": 3,
            "eps": null,
            "eps_growth_year": null,
            "eps_4q": null,
            "eps_4q_growth_year": null,
            "roe": null,
            "roe_4q": 0,
            "gross_profit": null,
            "gross_margin": null,
            "gross_margin_4q_avg": 0,
            "net_income": null,
            "revenue": null,
            "common_shares": null,
            "book_valuer_per_share": null,
            "book_valuer_per_share_4q_avg": 0,
            "equity": null,
            "current_ratio": null,
            "debt_ratio": null,
            "inventory_turnover_ratio": null,
            "account_receivable_turnover_ratio": null,
            "reinvestment_rate": null,
            "research_to_sale_ratio": null,
            "price_fair": 0,
            "eps_avg_yearly": 0,
            "eps_latest_yearly": 0,
            "eps_growth_yearly": 0
        },
        "20034": {
            "year_quarter": 20034,
            "year": 2003,
            "quarter": 4,
            "eps": null,
            "eps_growth_year": null,
            "eps_4q": null,
            "eps_4q_growth_year": null,
            "roe": null,
            "roe_4q": 0,
            "gross_profit": null,
            "gross_margin": null,
            "gross_margin_4q_avg": 0,
            "net_income": null,
            "revenue": null,
            "common_shares": null,
            "book_valuer_per_share": null,
            "book_valuer_per_share_4q_avg": 0,
            "equity": null,
            "current_ratio": null,
            "debt_ratio": null,
            "inventory_turnover_ratio": null,
            "account_receivable_turnover_ratio": null,
            "reinvestment_rate": null,
            "research_to_sale_ratio": null,
            "price_fair": 0,
            "eps_avg_yearly": 0,
            "eps_latest_yearly": 0,
            "eps_growth_yearly": 0
        },
        "20041": {
            "year_quarter": 20041,
            "year": 2004,
            "quarter": 1,
            "eps": null,
            "eps_growth_year": null,
            "eps_4q": null,
            "eps_4q_growth_year": null,
            "roe": null,
            "roe_4q": 0,
            "gross_profit": null,
            "gross_margin": null,
            "gross_margin_4q_avg": 0,
            "net_income": null,
            "revenue": null,
            "common_shares": null,
            "book_valuer_per_share": null,
            "book_valuer_per_share_4q_avg": 0,
            "equity": null,
            "current_ratio": null,
            "debt_ratio": null,
            "inventory_turnover_ratio": null,
            "account_receivable_turnover_ratio": null,
            "reinvestment_rate": null,
            "research_to_sale_ratio": null,
            "price_fair": 0,
            "eps_avg_yearly": 0,
            "eps_latest_yearly": 0,
            "eps_growth_yearly": 0
        },
        "20042": {
            "year_quarter": 20042,
            "year": 2004,
            "quarter": 2,
            "eps": null,
            "eps_growth_year": null,
            "eps_4q": null,
            "eps_4q_growth_year": null,
            "roe": null,
            "roe_4q": 0,
            "gross_profit": null,
            "gross_margin": null,
            "gross_margin_4q_avg": 0,
            "net_income": null,
            "revenue": null,
            "common_shares": null,
            "book_valuer_per_share": null,
            "book_valuer_per_share_4q_avg": 0,
            "equity": null,
            "current_ratio": null,
            "debt_ratio": null,
            "inventory_turnover_ratio": null,
            "account_receivable_turnover_ratio": null,
            "reinvestment_rate": null,
            "research_to_sale_ratio": null,
            "price_fair": 0,
            "eps_avg_yearly": 0,
            "eps_latest_yearly": 0,
            "eps_growth_yearly": 0
        },
        "20043": {
            "year_quarter": 20043,
            "year": 2004,
            "quarter": 3,
            "eps": null,
            "eps_growth_year": null,
            "eps_4q": null,
            "eps_4q_growth_year": null,
            "roe": null,
            "roe_4q": 0,
            "gross_profit": null,
            "gross_margin": null,
            "gross_margin_4q_avg": 0,
            "net_income": null,
            "revenue": null,
            "common_shares": null,
            "book_valuer_per_share": null,
            "book_valuer_per_share_4q_avg": 0,
            "equity": null,
            "current_ratio": null,
            "debt_ratio": null,
            "inventory_turnover_ratio": null,
            "account_receivable_turnover_ratio": null,
            "reinvestment_rate": null,
            "research_to_sale_ratio": null,
            "price_fair": 0,
            "eps_avg_yearly": 0,
            "eps_latest_yearly": 0,
            "eps_growth_yearly": 0
        },
        "20044": {
            "year_quarter": 20044,
            "year": 2004,
            "quarter": 4,
            "eps": null,
            "eps_growth_year": null,
            "eps_4q": null,
            "eps_4q_growth_year": null,
            "roe": null,
            "roe_4q": 0,
            "gross_profit": null,
            "gross_margin": null,
            "gross_margin_4q_avg": 0,
            "net_income": null,
            "revenue": null,
            "common_shares": null,
            "book_valuer_per_share": null,
            "book_valuer_per_share_4q_avg": 0,
            "equity": null,
            "current_ratio": null,
            "debt_ratio": null,
            "inventory_turnover_ratio": null,
            "account_receivable_turnover_ratio": null,
            "reinvestment_rate": null,
            "research_to_sale_ratio": null,
            "price_fair": 0,
            "eps_avg_yearly": 0,
            "eps_latest_yearly": 0,
            "eps_growth_yearly": 0
        },
        "20051": {
            "year_quarter": 20051,
            "year": 2005,
            "quarter": 1,
            "eps": null,
            "eps_growth_year": null,
            "eps_4q": null,
            "eps_4q_growth_year": null,
            "roe": null,
            "roe_4q": 0,
            "gross_profit": null,
            "gross_margin": null,
            "gross_margin_4q_avg": 0,
            "net_income": null,
            "revenue": null,
            "common_shares": null,
            "book_valuer_per_share": null,
            "book_valuer_per_share_4q_avg": 0,
            "equity": null,
            "current_ratio": null,
            "debt_ratio": null,
            "inventory_turnover_ratio": null,
            "account_receivable_turnover_ratio": null,
            "reinvestment_rate": null,
            "research_to_sale_ratio": null,
            "price_fair": 0,
            "eps_avg_yearly": 0,
            "eps_latest_yearly": 0,
            "eps_growth_yearly": 0
        },
        "20052": {
            "year_quarter": 20052,
            "year": 2005,
            "quarter": 2,
            "eps": null,
            "eps_growth_year": null,
            "eps_4q": null,
            "eps_4q_growth_year": null,
            "roe": null,
            "roe_4q": 0,
            "gross_profit": null,
            "gross_margin": null,
            "gross_margin_4q_avg": 0,
            "net_income": null,
            "revenue": null,
            "common_shares": null,
            "book_valuer_per_share": null,
            "book_valuer_per_share_4q_avg": 0,
            "equity": null,
            "current_ratio": null,
            "debt_ratio": null,
            "inventory_turnover_ratio": null,
            "account_receivable_turnover_ratio": null,
            "reinvestment_rate": null,
            "research_to_sale_ratio": null,
            "price_fair": 0,
            "eps_avg_yearly": 0,
            "eps_latest_yearly": 0,
            "eps_growth_yearly": 0
        },
        "20053": {
            "year_quarter": 20053,
            "year": 2005,
            "quarter": 3,
            "eps": null,
            "eps_growth_year": null,
            "eps_4q": null,
            "eps_4q_growth_year": null,
            "roe": null,
            "roe_4q": 0,
            "gross_profit": null,
            "gross_margin": null,
            "gross_margin_4q_avg": 0,
            "net_income": null,
            "revenue": null,
            "common_shares": null,
            "book_valuer_per_share": null,
            "book_valuer_per_share_4q_avg": 0,
            "equity": null,
            "current_ratio": null,
            "debt_ratio": null,
            "inventory_turnover_ratio": null,
            "account_receivable_turnover_ratio": null,
            "reinvestment_rate": null,
            "research_to_sale_ratio": null,
            "price_fair": 0,
            "eps_avg_yearly": 0,
            "eps_latest_yearly": 0,
            "eps_growth_yearly": 0
        },
        "20054": {
            "year_quarter": 20054,
            "year": 2005,
            "quarter": 4,
            "eps": null,
            "eps_growth_year": null,
            "eps_4q": null,
            "eps_4q_growth_year": null,
            "roe": null,
            "roe_4q": 0,
            "gross_profit": null,
            "gross_margin": null,
            "gross_margin_4q_avg": 0,
            "net_income": null,
            "revenue": null,
            "common_shares": null,
            "book_valuer_per_share": null,
            "book_valuer_per_share_4q_avg": 0,
            "equity": null,
            "current_ratio": null,
            "debt_ratio": null,
            "inventory_turnover_ratio": null,
            "account_receivable_turnover_ratio": null,
            "reinvestment_rate": null,
            "research_to_sale_ratio": null,
            "price_fair": 0,
            "eps_avg_yearly": 0,
            "eps_latest_yearly": 0,
            "eps_growth_yearly": 0
        },
        "20061": {
            "year_quarter": 20061,
            "year": 2006,
            "quarter": 1,
            "eps": null,
            "eps_growth_year": null,
            "eps_4q": null,
            "eps_4q_growth_year": null,
            "roe": null,
            "roe_4q": 0,
            "gross_profit": null,
            "gross_margin": null,
            "gross_margin_4q_avg": 0,
            "net_income": null,
            "revenue": null,
            "common_shares": null,
            "book_valuer_per_share": null,
            "book_valuer_per_share_4q_avg": 0,
            "equity": null,
            "current_ratio": null,
            "debt_ratio": null,
            "inventory_turnover_ratio": null,
            "account_receivable_turnover_ratio": null,
            "reinvestment_rate": null,
            "research_to_sale_ratio": null,
            "price_fair": 0,
            "eps_avg_yearly": 0,
            "eps_latest_yearly": 0,
            "eps_growth_yearly": 0
        },
        "20062": {
            "year_quarter": 20062,
            "year": 2006,
            "quarter": 2,
            "eps": null,
            "eps_growth_year": null,
            "eps_4q": null,
            "eps_4q_growth_year": null,
            "roe": null,
            "roe_4q": 0,
            "gross_profit": null,
            "gross_margin": null,
            "gross_margin_4q_avg": 0,
            "net_income": null,
            "revenue": null,
            "common_shares": null,
            "book_valuer_per_share": null,
            "book_valuer_per_share_4q_avg": 0,
            "equity": null,
            "current_ratio": null,
            "debt_ratio": null,
            "inventory_turnover_ratio": null,
            "account_receivable_turnover_ratio": null,
            "reinvestment_rate": null,
            "research_to_sale_ratio": null,
            "price_fair": 0,
            "eps_avg_yearly": 0,
            "eps_latest_yearly": 0,
            "eps_growth_yearly": 0
        },
        "20063": {
            "year_quarter": 20063,
            "year": 2006,
            "quarter": 3,
            "eps": null,
            "eps_growth_year": null,
            "eps_4q": null,
            "eps_4q_growth_year": null,
            "roe": null,
            "roe_4q": 0,
            "gross_profit": null,
            "gross_margin": null,
            "gross_margin_4q_avg": 0,
            "net_income": null,
            "revenue": null,
            "common_shares": null,
            "book_valuer_per_share": null,
            "book_valuer_per_share_4q_avg": 0,
            "equity": null,
            "current_ratio": null,
            "debt_ratio": null,
            "inventory_turnover_ratio": null,
            "account_receivable_turnover_ratio": null,
            "reinvestment_rate": null,
            "research_to_sale_ratio": null,
            "price_fair": 0,
            "eps_avg_yearly": 0,
            "eps_latest_yearly": 0,
            "eps_growth_yearly": 0
        },
        "20064": {
            "year_quarter": 20064,
            "year": 2006,
            "quarter": 4,
            "eps": null,
            "eps_growth_year": null,
            "eps_4q": null,
            "eps_4q_growth_year": null,
            "roe": null,
            "roe_4q": 0,
            "gross_profit": null,
            "gross_margin": null,
            "gross_margin_4q_avg": 0,
            "net_income": null,
            "revenue": null,
            "common_shares": null,
            "book_valuer_per_share": null,
            "book_valuer_per_share_4q_avg": 0,
            "equity": null,
            "current_ratio": null,
            "debt_ratio": null,
            "inventory_turnover_ratio": null,
            "account_receivable_turnover_ratio": null,
            "reinvestment_rate": null,
            "research_to_sale_ratio": null,
            "price_fair": 0,
            "eps_avg_yearly": 0,
            "eps_latest_yearly": 0,
            "eps_growth_yearly": 0
        },
        "20071": {
            "year_quarter": 20071,
            "year": 2007,
            "quarter": 1,
            "eps": null,
            "eps_growth_year": null,
            "eps_4q": null,
            "eps_4q_growth_year": null,
            "roe": null,
            "roe_4q": 0,
            "gross_profit": null,
            "gross_margin": null,
            "gross_margin_4q_avg": 0,
            "net_income": null,
            "revenue": null,
            "common_shares": null,
            "book_valuer_per_share": null,
            "book_valuer_per_share_4q_avg": 0,
            "equity": null,
            "current_ratio": null,
            "debt_ratio": null,
            "inventory_turnover_ratio": null,
            "account_receivable_turnover_ratio": null,
            "reinvestment_rate": null,
            "research_to_sale_ratio": null,
            "price_fair": 0,
            "eps_avg_yearly": 0,
            "eps_latest_yearly": 0,
            "eps_growth_yearly": 0
        },
        "20072": {
            "year_quarter": 20072,
            "year": 2007,
            "quarter": 2,
            "eps": null,
            "eps_growth_year": null,
            "eps_4q": null,
            "eps_4q_growth_year": null,
            "roe": null,
            "roe_4q": 0,
            "gross_profit": null,
            "gross_margin": null,
            "gross_margin_4q_avg": 0,
            "net_income": null,
            "revenue": null,
            "common_shares": null,
            "book_valuer_per_share": null,
            "book_valuer_per_share_4q_avg": 0,
            "equity": null,
            "current_ratio": null,
            "debt_ratio": null,
            "inventory_turnover_ratio": null,
            "account_receivable_turnover_ratio": null,
            "reinvestment_rate": null,
            "research_to_sale_ratio": null,
            "price_fair": 0,
            "eps_avg_yearly": 0,
            "eps_latest_yearly": 0,
            "eps_growth_yearly": 0
        },
        "20073": {
            "year_quarter": 20073,
            "year": 2007,
            "quarter": 3,
            "eps": null,
            "eps_growth_year": null,
            "eps_4q": null,
            "eps_4q_growth_year": null,
            "roe": null,
            "roe_4q": 0,
            "gross_profit": null,
            "gross_margin": null,
            "gross_margin_4q_avg": 0,
            "net_income": null,
            "revenue": null,
            "common_shares": null,
            "book_valuer_per_share": null,
            "book_valuer_per_share_4q_avg": 0,
            "equity": null,
            "current_ratio": null,
            "debt_ratio": null,
            "inventory_turnover_ratio": null,
            "account_receivable_turnover_ratio": null,
            "reinvestment_rate": null,
            "research_to_sale_ratio": null,
            "price_fair": 0,
            "eps_avg_yearly": 0,
            "eps_latest_yearly": 0,
            "eps_growth_yearly": 0
        },
        "20074": {
            "year_quarter": 20074,
            "year": 2007,
            "quarter": 4,
            "eps": null,
            "eps_growth_year": null,
            "eps_4q": null,
            "eps_4q_growth_year": null,
            "roe": null,
            "roe_4q": 0,
            "gross_profit": null,
            "gross_margin": null,
            "gross_margin_4q_avg": 0,
            "net_income": null,
            "revenue": null,
            "common_shares": null,
            "book_valuer_per_share": null,
            "book_valuer_per_share_4q_avg": 0,
            "equity": null,
            "current_ratio": null,
            "debt_ratio": null,
            "inventory_turnover_ratio": null,
            "account_receivable_turnover_ratio": null,
            "reinvestment_rate": null,
            "research_to_sale_ratio": null,
            "price_fair": 0,
            "eps_avg_yearly": 0,
            "eps_latest_yearly": 0,
            "eps_growth_yearly": 0
        },
        "20081": {
            "year_quarter": 20081,
            "year": 2008,
            "quarter": 1,
            "eps": null,
            "eps_growth_year": null,
            "eps_4q": null,
            "eps_4q_growth_year": null,
            "roe": null,
            "roe_4q": 0,
            "gross_profit": null,
            "gross_margin": null,
            "gross_margin_4q_avg": 0,
            "net_income": null,
            "revenue": null,
            "common_shares": null,
            "book_valuer_per_share": null,
            "book_valuer_per_share_4q_avg": 0,
            "equity": null,
            "current_ratio": null,
            "debt_ratio": null,
            "inventory_turnover_ratio": null,
            "account_receivable_turnover_ratio": null,
            "reinvestment_rate": null,
            "research_to_sale_ratio": null,
            "price_fair": 0,
            "eps_avg_yearly": 0,
            "eps_latest_yearly": 0,
            "eps_growth_yearly": 0
        },
        "20082": {
            "year_quarter": 20082,
            "year": 2008,
            "quarter": 2,
            "eps": null,
            "eps_growth_year": null,
            "eps_4q": null,
            "eps_4q_growth_year": null,
            "roe": null,
            "roe_4q": 0,
            "gross_profit": null,
            "gross_margin": null,
            "gross_margin_4q_avg": 0,
            "net_income": null,
            "revenue": null,
            "common_shares": null,
            "book_valuer_per_share": null,
            "book_valuer_per_share_4q_avg": 0,
            "equity": null,
            "current_ratio": null,
            "debt_ratio": null,
            "inventory_turnover_ratio": null,
            "account_receivable_turnover_ratio": null,
            "reinvestment_rate": null,
            "research_to_sale_ratio": null,
            "price_fair": 0,
            "eps_avg_yearly": 0,
            "eps_latest_yearly": 0,
            "eps_growth_yearly": 0
        },
        "20083": {
            "year_quarter": 20083,
            "year": 2008,
            "quarter": 3,
            "eps": null,
            "eps_growth_year": null,
            "eps_4q": null,
            "eps_4q_growth_year": null,
            "roe": null,
            "roe_4q": 0,
            "gross_profit": null,
            "gross_margin": null,
            "gross_margin_4q_avg": 0,
            "net_income": null,
            "revenue": null,
            "common_shares": null,
            "book_valuer_per_share": null,
            "book_valuer_per_share_4q_avg": 0,
            "equity": null,
            "current_ratio": null,
            "debt_ratio": null,
            "inventory_turnover_ratio": null,
            "account_receivable_turnover_ratio": null,
            "reinvestment_rate": null,
            "research_to_sale_ratio": null,
            "price_fair": 0,
            "eps_avg_yearly": 0,
            "eps_latest_yearly": 0,
            "eps_growth_yearly": 0
        },
        "20084": {
            "year_quarter": 20084,
            "year": 2008,
            "quarter": 4,
            "eps": null,
            "eps_growth_year": null,
            "eps_4q": null,
            "eps_4q_growth_year": null,
            "roe": null,
            "roe_4q": 0,
            "gross_profit": null,
            "gross_margin": null,
            "gross_margin_4q_avg": 0,
            "net_income": null,
            "revenue": null,
            "common_shares": null,
            "book_valuer_per_share": null,
            "book_valuer_per_share_4q_avg": 0,
            "equity": null,
            "current_ratio": null,
            "debt_ratio": null,
            "inventory_turnover_ratio": null,
            "account_receivable_turnover_ratio": null,
            "reinvestment_rate": null,
            "research_to_sale_ratio": null,
            "price_fair": 0,
            "eps_avg_yearly": 0,
            "eps_latest_yearly": 0,
            "eps_growth_yearly": 0
        },
        "20091": {
            "year_quarter": 20091,
            "year": 2009,
            "quarter": 1,
            "eps": null,
            "eps_growth_year": null,
            "eps_4q": null,
            "eps_4q_growth_year": null,
            "roe": null,
            "roe_4q": 0,
            "gross_profit": null,
            "gross_margin": null,
            "gross_margin_4q_avg": 0,
            "net_income": null,
            "revenue": null,
            "common_shares": null,
            "book_valuer_per_share": null,
            "book_valuer_per_share_4q_avg": 0,
            "equity": null,
            "current_ratio": null,
            "debt_ratio": null,
            "inventory_turnover_ratio": null,
            "account_receivable_turnover_ratio": null,
            "reinvestment_rate": null,
            "research_to_sale_ratio": null,
            "price_fair": 0,
            "eps_avg_yearly": 0,
            "eps_latest_yearly": 0,
            "eps_growth_yearly": 0
        },
        "20092": {
            "year_quarter": 20092,
            "year": 2009,
            "quarter": 2,
            "eps": null,
            "eps_growth_year": null,
            "eps_4q": null,
            "eps_4q_growth_year": null,
            "roe": null,
            "roe_4q": 0,
            "gross_profit": null,
            "gross_margin": null,
            "gross_margin_4q_avg": 0,
            "net_income": null,
            "revenue": null,
            "common_shares": null,
            "book_valuer_per_share": null,
            "book_valuer_per_share_4q_avg": 0,
            "equity": null,
            "current_ratio": null,
            "debt_ratio": null,
            "inventory_turnover_ratio": null,
            "account_receivable_turnover_ratio": null,
            "reinvestment_rate": null,
            "research_to_sale_ratio": null,
            "price_fair": 0,
            "eps_avg_yearly": 0,
            "eps_latest_yearly": 0,
            "eps_growth_yearly": 0
        },
        "20093": {
            "year_quarter": 20093,
            "year": 2009,
            "quarter": 3,
            "eps": null,
            "eps_growth_year": null,
            "eps_4q": null,
            "eps_4q_growth_year": null,
            "roe": null,
            "roe_4q": 0,
            "gross_profit": null,
            "gross_margin": null,
            "gross_margin_4q_avg": 0,
            "net_income": null,
            "revenue": null,
            "common_shares": null,
            "book_valuer_per_share": null,
            "book_valuer_per_share_4q_avg": 0,
            "equity": null,
            "current_ratio": null,
            "debt_ratio": null,
            "inventory_turnover_ratio": null,
            "account_receivable_turnover_ratio": null,
            "reinvestment_rate": null,
            "research_to_sale_ratio": null,
            "price_fair": 0,
            "eps_avg_yearly": 0,
            "eps_latest_yearly": 0,
            "eps_growth_yearly": 0
        },
        "20094": {
            "year_quarter": 20094,
            "year": 2009,
            "quarter": 4,
            "eps": null,
            "eps_growth_year": null,
            "eps_4q": null,
            "eps_4q_growth_year": null,
            "roe": null,
            "roe_4q": 0,
            "gross_profit": null,
            "gross_margin": null,
            "gross_margin_4q_avg": 0,
            "net_income": null,
            "revenue": null,
            "common_shares": null,
            "book_valuer_per_share": null,
            "book_valuer_per_share_4q_avg": 0,
            "equity": null,
            "current_ratio": null,
            "debt_ratio": null,
            "inventory_turnover_ratio": null,
            "account_receivable_turnover_ratio": null,
            "reinvestment_rate": null,
            "research_to_sale_ratio": null,
            "price_fair": 0,
            "eps_avg_yearly": 0,
            "eps_latest_yearly": 0,
            "eps_growth_yearly": 0
        },
        "20101": {
            "year_quarter": 20101,
            "year": 2010,
            "quarter": 1,
            "eps": null,
            "eps_growth_year": null,
            "eps_4q": null,
            "eps_4q_growth_year": null,
            "roe": null,
            "roe_4q": 0,
            "gross_profit": null,
            "gross_margin": null,
            "gross_margin_4q_avg": 0,
            "net_income": null,
            "revenue": null,
            "common_shares": null,
            "book_valuer_per_share": null,
            "book_valuer_per_share_4q_avg": 0,
            "equity": null,
            "current_ratio": null,
            "debt_ratio": null,
            "inventory_turnover_ratio": null,
            "account_receivable_turnover_ratio": null,
            "reinvestment_rate": null,
            "research_to_sale_ratio": null,
            "price_fair": 0,
            "eps_avg_yearly": 0,
            "eps_latest_yearly": 0,
            "eps_growth_yearly": 0
        },
        "20102": {
            "year_quarter": 20102,
            "year": 2010,
            "quarter": 2,
            "eps": null,
            "eps_growth_year": null,
            "eps_4q": null,
            "eps_4q_growth_year": null,
            "roe": null,
            "roe_4q": 0,
            "gross_profit": null,
            "gross_margin": null,
            "gross_margin_4q_avg": 0,
            "net_income": null,
            "revenue": null,
            "common_shares": null,
            "book_valuer_per_share": null,
            "book_valuer_per_share_4q_avg": 0,
            "equity": null,
            "current_ratio": null,
            "debt_ratio": null,
            "inventory_turnover_ratio": null,
            "account_receivable_turnover_ratio": null,
            "reinvestment_rate": null,
            "research_to_sale_ratio": null,
            "price_fair": 0,
            "eps_avg_yearly": 0,
            "eps_latest_yearly": 0,
            "eps_growth_yearly": 0
        },
        "20103": {
            "year_quarter": 20103,
            "year": 2010,
            "quarter": 3,
            "eps": null,
            "eps_growth_year": null,
            "eps_4q": null,
            "eps_4q_growth_year": null,
            "roe": null,
            "roe_4q": 0,
            "gross_profit": null,
            "gross_margin": null,
            "gross_margin_4q_avg": 0,
            "net_income": null,
            "revenue": null,
            "common_shares": null,
            "book_valuer_per_share": null,
            "book_valuer_per_share_4q_avg": 0,
            "equity": null,
            "current_ratio": null,
            "debt_ratio": null,
            "inventory_turnover_ratio": null,
            "account_receivable_turnover_ratio": null,
            "reinvestment_rate": null,
            "research_to_sale_ratio": null,
            "price_fair": 0,
            "eps_avg_yearly": 0,
            "eps_latest_yearly": 0,
            "eps_growth_yearly": 0
        },
        "20104": {
            "year_quarter": 20104,
            "year": 2010,
            "quarter": 4,
            "eps": null,
            "eps_growth_year": null,
            "eps_4q": null,
            "eps_4q_growth_year": null,
            "roe": null,
            "roe_4q": 0,
            "gross_profit": null,
            "gross_margin": null,
            "gross_margin_4q_avg": 0,
            "net_income": null,
            "revenue": null,
            "common_shares": null,
            "book_valuer_per_share": null,
            "book_valuer_per_share_4q_avg": 0,
            "equity": null,
            "current_ratio": null,
            "debt_ratio": null,
            "inventory_turnover_ratio": null,
            "account_receivable_turnover_ratio": null,
            "reinvestment_rate": null,
            "research_to_sale_ratio": null,
            "price_fair": 0,
            "eps_avg_yearly": 0,
            "eps_latest_yearly": 0,
            "eps_growth_yearly": 0
        },
        "20111": {
            "year_quarter": 20111,
            "year": 2011,
            "quarter": 1,
            "eps": null,
            "eps_growth_year": null,
            "eps_4q": null,
            "eps_4q_growth_year": null,
            "roe": null,
            "roe_4q": 0,
            "gross_profit": null,
            "gross_margin": null,
            "gross_margin_4q_avg": 0,
            "net_income": null,
            "revenue": null,
            "common_shares": null,
            "book_valuer_per_share": null,
            "book_valuer_per_share_4q_avg": 0,
            "equity": null,
            "current_ratio": null,
            "debt_ratio": null,
            "inventory_turnover_ratio": null,
            "account_receivable_turnover_ratio": null,
            "reinvestment_rate": null,
            "research_to_sale_ratio": null,
            "price_fair": 0,
            "eps_avg_yearly": 0,
            "eps_latest_yearly": 0,
            "eps_growth_yearly": 0
        },
        "20112": {
            "year_quarter": 20112,
            "year": 2011,
            "quarter": 2,
            "eps": null,
            "eps_growth_year": null,
            "eps_4q": null,
            "eps_4q_growth_year": null,
            "roe": null,
            "roe_4q": 0,
            "gross_profit": null,
            "gross_margin": null,
            "gross_margin_4q_avg": 0,
            "net_income": null,
            "revenue": null,
            "common_shares": null,
            "book_valuer_per_share": null,
            "book_valuer_per_share_4q_avg": 0,
            "equity": null,
            "current_ratio": null,
            "debt_ratio": null,
            "inventory_turnover_ratio": null,
            "account_receivable_turnover_ratio": null,
            "reinvestment_rate": null,
            "research_to_sale_ratio": null,
            "price_fair": 0,
            "eps_avg_yearly": 0,
            "eps_latest_yearly": 0,
            "eps_growth_yearly": 0
        },
        "20113": {
            "year_quarter": 20113,
            "year": 2011,
            "quarter": 3,
            "eps": null,
            "eps_growth_year": null,
            "eps_4q": null,
            "eps_4q_growth_year": null,
            "roe": null,
            "roe_4q": 0,
            "gross_profit": null,
            "gross_margin": null,
            "gross_margin_4q_avg": 0,
            "net_income": null,
            "revenue": null,
            "common_shares": null,
            "book_valuer_per_share": null,
            "book_valuer_per_share_4q_avg": 0,
            "equity": null,
            "current_ratio": null,
            "debt_ratio": null,
            "inventory_turnover_ratio": null,
            "account_receivable_turnover_ratio": null,
            "reinvestment_rate": null,
            "research_to_sale_ratio": null,
            "price_fair": 0,
            "eps_avg_yearly": 0,
            "eps_latest_yearly": 0,
            "eps_growth_yearly": 0
        },
        "20114": {
            "year_quarter": 20114,
            "year": 2011,
            "quarter": 4,
            "eps": null,
            "eps_growth_year": null,
            "eps_4q": null,
            "eps_4q_growth_year": null,
            "roe": null,
            "roe_4q": 0,
            "gross_profit": null,
            "gross_margin": null,
            "gross_margin_4q_avg": 0,
            "net_income": null,
            "revenue": null,
            "common_shares": 60000,
            "book_valuer_per_share": 16.44,
            "book_valuer_per_share_4q_avg": 4.11,
            "equity": 98666,
            "current_ratio": 163.4,
            "debt_ratio": 56.07,
            "inventory_turnover_ratio": null,
            "account_receivable_turnover_ratio": null,
            "reinvestment_rate": null,
            "research_to_sale_ratio": null,
            "price_fair": 0,
            "eps_avg_yearly": 0,
            "eps_latest_yearly": 0,
            "eps_growth_yearly": 0
        },
        "20121": {
            "year_quarter": 20121,
            "year": 2012,
            "quarter": 1,
            "eps": null,
            "eps_growth_year": null,
            "eps_4q": null,
            "eps_4q_growth_year": null,
            "roe": null,
            "roe_4q": 0,
            "gross_profit": null,
            "gross_margin": null,
            "gross_margin_4q_avg": 0,
            "net_income": null,
            "revenue": null,
            "common_shares": null,
            "book_valuer_per_share": null,
            "book_valuer_per_share_4q_avg": 4.11,
            "equity": null,
            "current_ratio": null,
            "debt_ratio": null,
            "inventory_turnover_ratio": null,
            "account_receivable_turnover_ratio": null,
            "reinvestment_rate": null,
            "research_to_sale_ratio": null,
            "price_fair": 0,
            "eps_avg_yearly": 0,
            "eps_latest_yearly": 0,
            "eps_growth_yearly": 0
        },
        "20122": {
            "year_quarter": 20122,
            "year": 2012,
            "quarter": 2,
            "eps": null,
            "eps_growth_year": null,
            "eps_4q": null,
            "eps_4q_growth_year": null,
            "roe": null,
            "roe_4q": 0,
            "gross_profit": null,
            "gross_margin": null,
            "gross_margin_4q_avg": 0,
            "net_income": null,
            "revenue": null,
            "common_shares": null,
            "book_valuer_per_share": null,
            "book_valuer_per_share_4q_avg": 4.11,
            "equity": null,
            "current_ratio": null,
            "debt_ratio": null,
            "inventory_turnover_ratio": null,
            "account_receivable_turnover_ratio": null,
            "reinvestment_rate": null,
            "research_to_sale_ratio": null,
            "price_fair": 0,
            "eps_avg_yearly": 0,
            "eps_latest_yearly": 0,
            "eps_growth_yearly": 0
        },
        "20123": {
            "year_quarter": 20123,
            "year": 2012,
            "quarter": 3,
            "eps": null,
            "eps_growth_year": null,
            "eps_4q": null,
            "eps_4q_growth_year": null,
            "roe": null,
            "roe_4q": 0,
            "gross_profit": null,
            "gross_margin": null,
            "gross_margin_4q_avg": 0,
            "net_income": null,
            "revenue": null,
            "common_shares": null,
            "book_valuer_per_share": null,
            "book_valuer_per_share_4q_avg": 4.11,
            "equity": null,
            "current_ratio": null,
            "debt_ratio": null,
            "inventory_turnover_ratio": null,
            "account_receivable_turnover_ratio": null,
            "reinvestment_rate": null,
            "research_to_sale_ratio": null,
            "price_fair": 0,
            "eps_avg_yearly": 0,
            "eps_latest_yearly": 0,
            "eps_growth_yearly": 0
        },
        "20124": {
            "year_quarter": 20124,
            "year": 2012,
            "quarter": 4,
            "eps": null,
            "eps_growth_year": null,
            "eps_4q": null,
            "eps_4q_growth_year": null,
            "roe": null,
            "roe_4q": 0,
            "gross_profit": null,
            "gross_margin": null,
            "gross_margin_4q_avg": 0,
            "net_income": null,
            "revenue": null,
            "common_shares": 84000,
            "book_valuer_per_share": 14.33,
            "book_valuer_per_share_4q_avg": 3.58,
            "equity": 120350,
            "current_ratio": 172.89,
            "debt_ratio": 50.66,
            "inventory_turnover_ratio": null,
            "account_receivable_turnover_ratio": null,
            "reinvestment_rate": null,
            "research_to_sale_ratio": null,
            "price_fair": 0,
            "eps_avg_yearly": 0,
            "eps_latest_yearly": 0,
            "eps_growth_yearly": 0
        },
        "20131": {
            "year_quarter": 20131,
            "year": 2013,
            "quarter": 1,
            "eps": null,
            "eps_growth_year": null,
            "eps_4q": null,
            "eps_4q_growth_year": null,
            "roe": null,
            "roe_4q": 0,
            "gross_profit": null,
            "gross_margin": null,
            "gross_margin_4q_avg": 0,
            "net_income": null,
            "revenue": null,
            "common_shares": null,
            "book_valuer_per_share": null,
            "book_valuer_per_share_4q_avg": 3.58,
            "equity": null,
            "current_ratio": null,
            "debt_ratio": null,
            "inventory_turnover_ratio": null,
            "account_receivable_turnover_ratio": null,
            "reinvestment_rate": null,
            "research_to_sale_ratio": null,
            "price_fair": 0,
            "eps_avg_yearly": 0,
            "eps_latest_yearly": 0,
            "eps_growth_yearly": 0
        },
        "20132": {
            "year_quarter": 20132,
            "year": 2013,
            "quarter": 2,
            "eps": null,
            "eps_growth_year": null,
            "eps_4q": null,
            "eps_4q_growth_year": null,
            "roe": null,
            "roe_4q": 0,
            "gross_profit": null,
            "gross_margin": null,
            "gross_margin_4q_avg": 0,
            "net_income": null,
            "revenue": null,
            "common_shares": null,
            "book_valuer_per_share": null,
            "book_valuer_per_share_4q_avg": 3.58,
            "equity": null,
            "current_ratio": null,
            "debt_ratio": null,
            "inventory_turnover_ratio": null,
            "account_receivable_turnover_ratio": null,
            "reinvestment_rate": null,
            "research_to_sale_ratio": null,
            "price_fair": 0,
            "eps_avg_yearly": 0,
            "eps_latest_yearly": 0,
            "eps_growth_yearly": 0
        },
        "20133": {
            "year_quarter": 20133,
            "year": 2013,
            "quarter": 3,
            "eps": null,
            "eps_growth_year": null,
            "eps_4q": null,
            "eps_4q_growth_year": null,
            "roe": null,
            "roe_4q": 0,
            "gross_profit": null,
            "gross_margin": null,
            "gross_margin_4q_avg": 0,
            "net_income": null,
            "revenue": null,
            "common_shares": null,
            "book_valuer_per_share": null,
            "book_valuer_per_share_4q_avg": 3.58,
            "equity": null,
            "current_ratio": null,
            "debt_ratio": null,
            "inventory_turnover_ratio": null,
            "account_receivable_turnover_ratio": null,
            "reinvestment_rate": null,
            "research_to_sale_ratio": null,
            "price_fair": 0,
            "eps_avg_yearly": 0,
            "eps_latest_yearly": 0,
            "eps_growth_yearly": 0
        },
        "20134": {
            "year_quarter": 20134,
            "year": 2013,
            "quarter": 4,
            "eps": null,
            "eps_growth_year": null,
            "eps_4q": null,
            "eps_4q_growth_year": null,
            "roe": null,
            "roe_4q": 0,
            "gross_profit": null,
            "gross_margin": null,
            "gross_margin_4q_avg": 0,
            "net_income": null,
            "revenue": null,
            "common_shares": 105550,
            "book_valuer_per_share": null,
            "book_valuer_per_share_4q_avg": 0,
            "equity": 169508,
            "current_ratio": null,
            "debt_ratio": null,
            "inventory_turnover_ratio": null,
            "account_receivable_turnover_ratio": null,
            "reinvestment_rate": null,
            "research_to_sale_ratio": null,
            "price_fair": 0,
            "eps_avg_yearly": 0,
            "eps_latest_yearly": 0,
            "eps_growth_yearly": 0
        },
        "20141": {
            "year_quarter": 20141,
            "year": 2014,
            "quarter": 1,
            "eps": null,
            "eps_growth_year": null,
            "eps_4q": null,
            "eps_4q_growth_year": null,
            "roe": null,
            "roe_4q": 0,
            "gross_profit": 29287,
            "gross_margin": null,
            "gross_margin_4q_avg": 0,
            "net_income": 5458,
            "revenue": 70480,
            "common_shares": 105550,
            "book_valuer_per_share": 16.7,
            "book_valuer_per_share_4q_avg": 4.18,
            "equity": 176246,
            "current_ratio": 195.13,
            "debt_ratio": 42.08,
            "inventory_turnover_ratio": null,
            "account_receivable_turnover_ratio": null,
            "reinvestment_rate": null,
            "research_to_sale_ratio": null,
            "price_fair": 0,
            "eps_avg_yearly": 0,
            "eps_latest_yearly": 0,
            "eps_growth_yearly": 0
        },
        "20142": {
            "year_quarter": 20142,
            "year": 2014,
            "quarter": 2,
            "eps": null,
            "eps_growth_year": null,
            "eps_4q": null,
            "eps_4q_growth_year": null,
            "roe": null,
            "roe_4q": 0,
            "gross_profit": 40144,
            "gross_margin": null,
            "gross_margin_4q_avg": 0,
            "net_income": 10217,
            "revenue": 97641,
            "common_shares": 143283,
            "book_valuer_per_share": 13.23,
            "book_valuer_per_share_4q_avg": 7.48,
            "equity": 189623,
            "current_ratio": 199.4,
            "debt_ratio": 42.52,
            "inventory_turnover_ratio": null,
            "account_receivable_turnover_ratio": null,
            "reinvestment_rate": null,
            "research_to_sale_ratio": null,
            "price_fair": 0,
            "eps_avg_yearly": 0,
            "eps_latest_yearly": 0,
            "eps_growth_yearly": 0
        },
        "20143": {
            "year_quarter": 20143,
            "year": 2014,
            "quarter": 3,
            "eps": null,
            "eps_growth_year": null,
            "eps_4q": null,
            "eps_4q_growth_year": null,
            "roe": null,
            "roe_4q": 0,
            "gross_profit": null,
            "gross_margin": null,
            "gross_margin_4q_avg": 0,
            "net_income": null,
            "revenue": null,
            "common_shares": null,
            "book_valuer_per_share": null,
            "book_valuer_per_share_4q_avg": 7.48,
            "equity": null,
            "current_ratio": null,
            "debt_ratio": null,
            "inventory_turnover_ratio": null,
            "account_receivable_turnover_ratio": null,
            "reinvestment_rate": null,
            "research_to_sale_ratio": null,
            "price_fair": 0,
            "eps_avg_yearly": 0,
            "eps_latest_yearly": 0,
            "eps_growth_yearly": 0
        },
        "20144": {
            "year_quarter": 20144,
            "year": 2014,
            "quarter": 4,
            "eps": null,
            "eps_growth_year": null,
            "eps_4q": null,
            "eps_4q_growth_year": null,
            "roe": null,
            "roe_4q": 0,
            "gross_profit": null,
            "gross_margin": null,
            "gross_margin_4q_avg": 0,
            "net_income": null,
            "revenue": null,
            "common_shares": 153283,
            "book_valuer_per_share": 18,
            "book_valuer_per_share_4q_avg": 11.98,
            "equity": 275262,
            "current_ratio": 258.19,
            "debt_ratio": 33.67,
            "inventory_turnover_ratio": null,
            "account_receivable_turnover_ratio": null,
            "reinvestment_rate": null,
            "research_to_sale_ratio": null,
            "price_fair": 0,
            "eps_avg_yearly": 0,
            "eps_latest_yearly": 0,
            "eps_growth_yearly": 0
        },
        "20151": {
            "year_quarter": 20151,
            "year": 2015,
            "quarter": 1,
            "eps": 0.65,
            "eps_growth_year": null,
            "eps_4q": null,
            "eps_4q_growth_year": null,
            "roe": 3.55,
            "roe_4q": 3.55,
            "gross_profit": 54938,
            "gross_margin": 41.53,
            "gross_margin_4q_avg": 10.38,
            "net_income": 9966,
            "revenue": 132281,
            "common_shares": 153283,
            "book_valuer_per_share": 18.68,
            "book_valuer_per_share_4q_avg": 12.48,
            "equity": 286270,
            "current_ratio": 214.81,
            "debt_ratio": 41.25,
            "inventory_turnover_ratio": 0.62,
            "account_receivable_turnover_ratio": 1.55,
            "reinvestment_rate": null,
            "research_to_sale_ratio": 10.07,
            "price_fair": 0,
            "eps_avg_yearly": 0,
            "eps_latest_yearly": 0,
            "eps_growth_yearly": 0
        },
        "20152": {
            "year_quarter": 20152,
            "year": 2015,
            "quarter": 2,
            "eps": 0.44,
            "eps_growth_year": null,
            "eps_4q": null,
            "eps_4q_growth_year": null,
            "roe": 2.82,
            "roe_4q": 6.369999999999999,
            "gross_profit": 56116,
            "gross_margin": 41.87,
            "gross_margin_4q_avg": 20.85,
            "net_income": 8112,
            "revenue": 134032,
            "common_shares": 153283,
            "book_valuer_per_share": 18.82,
            "book_valuer_per_share_4q_avg": 13.88,
            "equity": 288502,
            "current_ratio": 224.34,
            "debt_ratio": 39.49,
            "inventory_turnover_ratio": 0.53,
            "account_receivable_turnover_ratio": 1.6,
            "reinvestment_rate": null,
            "research_to_sale_ratio": 8.88,
            "price_fair": 5.28,
            "eps_avg_yearly": 1.76,
            "eps_latest_yearly": 1.76,
            "eps_growth_yearly": -129.23
        },
        "20153": {
            "year_quarter": 20153,
            "year": 2015,
            "quarter": 3,
            "eps": null,
            "eps_growth_year": null,
            "eps_4q": null,
            "eps_4q_growth_year": null,
            "roe": null,
            "roe_4q": 6.369999999999999,
            "gross_profit": 62064,
            "gross_margin": null,
            "gross_margin_4q_avg": 20.85,
            "net_income": 15858,
            "revenue": 153225,
            "common_shares": 183939,
            "book_valuer_per_share": 16.62,
            "book_valuer_per_share_4q_avg": 18.03,
            "equity": 305772,
            "current_ratio": 225.81,
            "debt_ratio": 38.04,
            "inventory_turnover_ratio": null,
            "account_receivable_turnover_ratio": null,
            "reinvestment_rate": null,
            "research_to_sale_ratio": null,
            "price_fair": 5.28,
            "eps_avg_yearly": 1.76,
            "eps_latest_yearly": 1.76,
            "eps_growth_yearly": -129.23
        },
        "20154": {
            "year_quarter": 20154,
            "year": 2015,
            "quarter": 4,
            "eps": null,
            "eps_growth_year": null,
            "eps_4q": null,
            "eps_4q_growth_year": null,
            "roe": null,
            "roe_4q": 6.369999999999999,
            "gross_profit": 54515,
            "gross_margin": null,
            "gross_margin_4q_avg": 20.85,
            "net_income": 8660,
            "revenue": 138892,
            "common_shares": 183939,
            "book_valuer_per_share": 17.09,
            "book_valuer_per_share_4q_avg": 17.8,
            "equity": 314314,
            "current_ratio": 225.79,
            "debt_ratio": 38.69,
            "inventory_turnover_ratio": null,
            "account_receivable_turnover_ratio": null,
            "reinvestment_rate": null,
            "research_to_sale_ratio": null,
            "price_fair": 5.28,
            "eps_avg_yearly": 1.76,
            "eps_latest_yearly": 1.76,
            "eps_growth_yearly": -129.23
        },
        "20161": {
            "year_quarter": 20161,
            "year": 2016,
            "quarter": 1,
            "eps": 0.27,
            "eps_growth_year": -58.46,
            "eps_4q": 0.71,
            "eps_4q_growth_year": null,
            "roe": 1.67,
            "roe_4q": 4.49,
            "gross_profit": 58388,
            "gross_margin": 37.06,
            "gross_margin_4q_avg": 19.73,
            "net_income": 5031,
            "revenue": 157535,
            "common_shares": 183939,
            "book_valuer_per_share": 15.58,
            "book_valuer_per_share_4q_avg": 17.03,
            "equity": 286566,
            "current_ratio": 188.38,
            "debt_ratio": 45.74,
            "inventory_turnover_ratio": 0.72,
            "account_receivable_turnover_ratio": 1.63,
            "reinvestment_rate": null,
            "research_to_sale_ratio": 10.53,
            "price_fair": 5.28,
            "eps_avg_yearly": 1.76,
            "eps_latest_yearly": 1.76,
            "eps_growth_yearly": -129.23
        },
        "20162": {
            "year_quarter": 20162,
            "year": 2016,
            "quarter": 2,
            "eps": 0.78,
            "eps_growth_year": 76.87,
            "eps_4q": 1.04,
            "eps_4q_growth_year": null,
            "roe": 4.84,
            "roe_4q": 6.51,
            "gross_profit": 70947,
            "gross_margin": 38.6,
            "gross_margin_4q_avg": 18.92,
            "net_income": 14283,
            "revenue": 183785,
            "common_shares": 183939,
            "book_valuer_per_share": 16.37,
            "book_valuer_per_share_4q_avg": 16.42,
            "equity": 303308,
            "current_ratio": 168.2,
            "debt_ratio": 51.05,
            "inventory_turnover_ratio": 0.63,
            "account_receivable_turnover_ratio": 1.51,
            "reinvestment_rate": null,
            "research_to_sale_ratio": 8.84,
            "price_fair": 85.4,
            "eps_avg_yearly": 2.44,
            "eps_latest_yearly": 3.12,
            "eps_growth_yearly": 313.16
        },
        "20163": {
            "year_quarter": 20163,
            "year": 2016,
            "quarter": 3,
            "eps": 0.49,
            "eps_growth_year": null,
            "eps_4q": 1.38,
            "eps_4q_growth_year": null,
            "roe": 2.6,
            "roe_4q": 9.11,
            "gross_profit": 68076,
            "gross_margin": 39.76,
            "gross_margin_4q_avg": 28.86,
            "net_income": 9853,
            "revenue": 171214,
            "common_shares": 210449,
            "book_valuer_per_share": 21.41,
            "book_valuer_per_share_4q_avg": 17.61,
            "equity": 454078,
            "current_ratio": 238.68,
            "debt_ratio": 35.86,
            "inventory_turnover_ratio": 0.47,
            "account_receivable_turnover_ratio": 1.18,
            "reinvestment_rate": null,
            "research_to_sale_ratio": 10.44,
            "price_fair": 79.8,
            "eps_avg_yearly": 2.28,
            "eps_latest_yearly": 1.96,
            "eps_growth_yearly": 159.2
        },
        "20164": {
            "year_quarter": 20164,
            "year": 2016,
            "quarter": 4,
            "eps": 0.07,
            "eps_growth_year": null,
            "eps_4q": 1.44,
            "eps_4q_growth_year": null,
            "roe": 0.32,
            "roe_4q": 9.43,
            "gross_profit": 50581,
            "gross_margin": 32.99,
            "gross_margin_4q_avg": 37.1,
            "net_income": 1439,
            "revenue": 153314,
            "common_shares": 212089,
            "book_valuer_per_share": 21.45,
            "book_valuer_per_share_4q_avg": 18.7,
            "equity": 455718,
            "current_ratio": 304.83,
            "debt_ratio": 29.1,
            "inventory_turnover_ratio": 0.5,
            "account_receivable_turnover_ratio": 1.06,
            "reinvestment_rate": null,
            "research_to_sale_ratio": 9.63,
            "price_fair": 62.3,
            "eps_avg_yearly": 1.78,
            "eps_latest_yearly": 0.28,
            "eps_growth_yearly": 33.69
        },
        "20171": {
            "year_quarter": 20171,
            "year": 2017,
            "quarter": 1,
            "eps": -0.68,
            "eps_growth_year": -351.85,
            "eps_4q": 0.52,
            "eps_4q_growth_year": -27.16,
            "roe": -3.23,
            "roe_4q": 4.529999999999999,
            "gross_profit": 38992,
            "gross_margin": 30.58,
            "gross_margin_4q_avg": 35.48,
            "net_income": -14479,
            "revenue": 127525,
            "common_shares": 212499,
            "book_valuer_per_share": 20.62,
            "book_valuer_per_share_4q_avg": 19.96,
            "equity": 439500,
            "current_ratio": 318.72,
            "debt_ratio": 27.44,
            "inventory_turnover_ratio": 0.51,
            "account_receivable_turnover_ratio": 0.91,
            "reinvestment_rate": null,
            "research_to_sale_ratio": 14.11,
            "price_fair": 62.3,
            "eps_avg_yearly": 1.78,
            "eps_latest_yearly": 0.28,
            "eps_growth_yearly": 33.69
        },
        "20172": {
            "year_quarter": 20172,
            "year": 2017,
            "quarter": 2,
            "eps": -0.33,
            "eps_growth_year": -142.31,
            "eps_4q": -0.48,
            "eps_4q_growth_year": -146.1,
            "roe": -1.65,
            "roe_4q": -1.9599999999999995,
            "gross_profit": 42960,
            "gross_margin": 33.31,
            "gross_margin_4q_avg": 34.16,
            "net_income": -7084,
            "revenue": 128972,
            "common_shares": 213189,
            "book_valuer_per_share": 19.55,
            "book_valuer_per_share_4q_avg": 20.76,
            "equity": 417953,
            "current_ratio": 282,
            "debt_ratio": 30.39,
            "inventory_turnover_ratio": 0.58,
            "account_receivable_turnover_ratio": 0.93,
            "reinvestment_rate": null,
            "research_to_sale_ratio": 16.21,
            "price_fair": 62.3,
            "eps_avg_yearly": 1.78,
            "eps_latest_yearly": 0.28,
            "eps_growth_yearly": 33.69
        },
        "20173": {
            "year_quarter": 20173,
            "year": 2017,
            "quarter": 3,
            "eps": 0.05,
            "eps_growth_year": -89.8,
            "eps_4q": -0.89,
            "eps_4q_growth_year": -164.64,
            "roe": 0.27,
            "roe_4q": -4.289999999999999,
            "gross_profit": 47862,
            "gross_margin": 38.48,
            "gross_margin_4q_avg": 33.84,
            "net_income": 1123,
            "revenue": 124393,
            "common_shares": 213749,
            "book_valuer_per_share": 19.64,
            "book_valuer_per_share_4q_avg": 20.32,
            "equity": 419698,
            "current_ratio": 275.79,
            "debt_ratio": 31.44,
            "inventory_turnover_ratio": 0.56,
            "account_receivable_turnover_ratio": 0.87,
            "reinvestment_rate": null,
            "research_to_sale_ratio": 14.67,
            "price_fair": 62.3,
            "eps_avg_yearly": 1.78,
            "eps_latest_yearly": 0.28,
            "eps_growth_yearly": 33.69
        },
        "20174": {
            "year_quarter": 20174,
            "year": 2017,
            "quarter": 4,
            "eps": -0.66,
            "eps_growth_year": -1075.84,
            "eps_4q": -1.62,
            "eps_4q_growth_year": -212.28,
            "roe": -3.42,
            "roe_4q": -8.03,
            "gross_profit": 32613,
            "gross_margin": 31.92,
            "gross_margin_4q_avg": 33.57,
            "net_income": -14125,
            "revenue": 102187,
            "common_shares": 213749,
            "book_valuer_per_share": 18.98,
            "book_valuer_per_share_4q_avg": 19.7,
            "equity": 405684,
            "current_ratio": 293.03,
            "debt_ratio": 29.02,
            "inventory_turnover_ratio": 0.55,
            "account_receivable_turnover_ratio": 0.74,
            "reinvestment_rate": null,
            "research_to_sale_ratio": 11.68,
            "price_fair": 62.3,
            "eps_avg_yearly": 1.78,
            "eps_latest_yearly": 0.28,
            "eps_growth_yearly": 33.69
        },
        "20181": {
            "year_quarter": 20181,
            "year": 2018,
            "quarter": 1,
            "eps": -0.11,
            "eps_growth_year": null,
            "eps_4q": -1.05,
            "eps_4q_growth_year": -301.98,
            "roe": -0.59,
            "roe_4q": -5.39,
            "gross_profit": 40203,
            "gross_margin": 34.6,
            "gross_margin_4q_avg": 34.58,
            "net_income": -2385,
            "revenue": 116206,
            "common_shares": 213749,
            "book_valuer_per_share": 18.89,
            "book_valuer_per_share_4q_avg": 19.27,
            "equity": 403806,
            "current_ratio": 266.1,
            "debt_ratio": 32.63,
            "inventory_turnover_ratio": 0.61,
            "account_receivable_turnover_ratio": 0.86,
            "reinvestment_rate": null,
            "research_to_sale_ratio": 12.73,
            "price_fair": 62.3,
            "eps_avg_yearly": 1.78,
            "eps_latest_yearly": 0.28,
            "eps_growth_yearly": 33.69
        },
        "20182": {
            "year_quarter": 20182,
            "year": 2018,
            "quarter": 2,
            "eps": 0.29,
            "eps_growth_year": null,
            "eps_4q": -0.42,
            "eps_4q_growth_year": null,
            "roe": 1.55,
            "roe_4q": -2.19,
            "gross_profit": 44467,
            "gross_margin": 36.48,
            "gross_margin_4q_avg": 35.37,
            "net_income": 6306,
            "revenue": 121892,
            "common_shares": 213749,
            "book_valuer_per_share": 19.17,
            "book_valuer_per_share_4q_avg": 19.17,
            "equity": 409844,
            "current_ratio": 304.96,
            "debt_ratio": 28.26,
            "inventory_turnover_ratio": 0.63,
            "account_receivable_turnover_ratio": 0.87,
            "reinvestment_rate": null,
            "research_to_sale_ratio": 12.2,
            "price_fair": 62.3,
            "eps_avg_yearly": 1.78,
            "eps_latest_yearly": 0.28,
            "eps_growth_yearly": 33.69
        },
        "20183": {
            "year_quarter": 20183,
            "year": 2018,
            "quarter": 3,
            "eps": -0.47,
            "eps_growth_year": -1040,
            "eps_4q": -0.95,
            "eps_4q_growth_year": null,
            "roe": -2.51,
            "roe_4q": -4.97,
            "gross_profit": 22842,
            "gross_margin": 34.9,
            "gross_margin_4q_avg": 34.48,
            "net_income": -10143,
            "revenue": 65455,
            "common_shares": 213749,
            "book_valuer_per_share": 18.68,
            "book_valuer_per_share_4q_avg": 18.93,
            "equity": 399205,
            "current_ratio": 338.92,
            "debt_ratio": 24.8,
            "inventory_turnover_ratio": 0.37,
            "account_receivable_turnover_ratio": 0.52,
            "reinvestment_rate": null,
            "research_to_sale_ratio": 20.96,
            "price_fair": 62.3,
            "eps_avg_yearly": 1.78,
            "eps_latest_yearly": 0.28,
            "eps_growth_yearly": 33.69
        },
        "20184": {
            "year_quarter": 20184,
            "year": 2018,
            "quarter": 4,
            "eps": -0.8,
            "eps_growth_year": null,
            "eps_4q": -1.09,
            "eps_4q_growth_year": null,
            "roe": -4.37,
            "roe_4q": -5.92,
            "gross_profit": 23243,
            "gross_margin": 32.84,
            "gross_margin_4q_avg": 34.71,
            "net_income": -17076,
            "revenue": 70786,
            "common_shares": 213749,
            "book_valuer_per_share": 17.9,
            "book_valuer_per_share_4q_avg": 18.66,
            "equity": 382593,
            "current_ratio": 339.16,
            "debt_ratio": 24.39,
            "inventory_turnover_ratio": 0.43,
            "account_receivable_turnover_ratio": 0.79,
            "reinvestment_rate": 218.24,
            "research_to_sale_ratio": 17.84,
            "price_fair": 62.3,
            "eps_avg_yearly": 1.78,
            "eps_latest_yearly": 0.28,
            "eps_growth_yearly": 33.69
        },
        "20191": {
            "year_quarter": 20191,
            "year": 2019,
            "quarter": 1,
            "eps": -0.24,
            "eps_growth_year": null,
            "eps_4q": -1.22,
            "eps_4q_growth_year": null,
            "roe": -1.33,
            "roe_4q": -6.660000000000001,
            "gross_profit": 21931,
            "gross_margin": 33.35,
            "gross_margin_4q_avg": 34.39,
            "net_income": -5058,
            "revenue": 65768,
            "common_shares": 213749,
            "book_valuer_per_share": 17.65,
            "book_valuer_per_share_4q_avg": 18.35,
            "equity": 377312,
            "current_ratio": 335.22,
            "debt_ratio": 30.13,
            "inventory_turnover_ratio": 0.42,
            "account_receivable_turnover_ratio": 0.89,
            "reinvestment_rate": 7914.92,
            "research_to_sale_ratio": 20.37,
            "price_fair": 62.3,
            "eps_avg_yearly": 1.78,
            "eps_latest_yearly": 0.28,
            "eps_growth_yearly": 33.69
        },
        "20192": {
            "year_quarter": 20192,
            "year": 2019,
            "quarter": 2,
            "eps": 0.25,
            "eps_growth_year": -13.79,
            "eps_4q": -1.26,
            "eps_4q_growth_year": null,
            "roe": 1.42,
            "roe_4q": -6.79,
            "gross_profit": 38161,
            "gross_margin": 40.26,
            "gross_margin_4q_avg": 35.34,
            "net_income": 5393,
            "revenue": 94795,
            "common_shares": 213749,
            "book_valuer_per_share": 17.92,
            "book_valuer_per_share_4q_avg": 18.04,
            "equity": 382984,
            "current_ratio": 319.9,
            "debt_ratio": 31.07,
            "inventory_turnover_ratio": 0.58,
            "account_receivable_turnover_ratio": 1.18,
            "reinvestment_rate": null,
            "research_to_sale_ratio": 15.74,
            "price_fair": 62.53,
            "eps_avg_yearly": 1.79,
            "eps_latest_yearly": 0.28,
            "eps_growth_yearly": 87.99
        },
        "20193": {
            "year_quarter": 20193,
            "year": 2019,
            "quarter": 3,
            "eps": 0.23,
            "eps_growth_year": null,
            "eps_4q": -0.55,
            "eps_4q_growth_year": null,
            "roe": 1.31,
            "roe_4q": -2.97,
            "gross_profit": 36957,
            "gross_margin": 40.14,
            "gross_margin_4q_avg": 36.65,
            "net_income": 5036,
            "revenue": 92063,
            "common_shares": 213749,
            "book_valuer_per_share": 18.13,
            "book_valuer_per_share_4q_avg": 17.9,
            "equity": 387604,
            "current_ratio": 304.24,
            "debt_ratio": 32.33,
            "inventory_turnover_ratio": 0.61,
            "account_receivable_turnover_ratio": 1.11,
            "reinvestment_rate": null,
            "research_to_sale_ratio": 15.63,
            "price_fair": 54.95,
            "eps_avg_yearly": 1.57,
            "eps_latest_yearly": 0.92,
            "eps_growth_yearly": 58
        },
        "20194": {
            "year_quarter": 20194,
            "year": 2019,
            "quarter": 4,
            "eps": -0,
            "eps_growth_year": null,
            "eps_4q": 0.25,
            "eps_4q_growth_year": null,
            "roe": -0.02,
            "roe_4q": 1.38,
            "gross_profit": 34781,
            "gross_margin": 36.95,
            "gross_margin_4q_avg": 37.68,
            "net_income": -93,
            "revenue": 94140,
            "common_shares": 213749,
            "book_valuer_per_share": 18.13,
            "book_valuer_per_share_4q_avg": 17.96,
            "equity": 387531,
            "current_ratio": 317.47,
            "debt_ratio": 30.6,
            "inventory_turnover_ratio": 0.67,
            "account_receivable_turnover_ratio": 1.12,
            "reinvestment_rate": null,
            "research_to_sale_ratio": 14.18,
            "price_fair": 54.95,
            "eps_avg_yearly": 1.57,
            "eps_latest_yearly": 0.92,
            "eps_growth_yearly": 58
        },
        "20201": {
            "year_quarter": 20201,
            "year": 2020,
            "quarter": 1,
            "eps": -0.1,
            "eps_growth_year": null,
            "eps_4q": 0.39,
            "eps_4q_growth_year": null,
            "roe": -0.54,
            "roe_4q": 2.17,
            "gross_profit": 28417,
            "gross_margin": 35.92,
            "gross_margin_4q_avg": 38.32,
            "net_income": -2097,
            "revenue": 79122,
            "common_shares": 213749,
            "book_valuer_per_share": 18.04,
            "book_valuer_per_share_4q_avg": 18.06,
            "equity": 385549,
            "current_ratio": 315.79,
            "debt_ratio": 31.06,
            "inventory_turnover_ratio": 0.54,
            "account_receivable_turnover_ratio": 0.94,
            "reinvestment_rate": null,
            "research_to_sale_ratio": 17.61,
            "price_fair": 54.95,
            "eps_avg_yearly": 1.57,
            "eps_latest_yearly": 0.92,
            "eps_growth_yearly": 58
        },
        "20202": {
            "year_quarter": 20202,
            "year": 2020,
            "quarter": 2,
            "eps": -0.3,
            "eps_growth_year": -220,
            "eps_4q": -0.16,
            "eps_4q_growth_year": null,
            "roe": -1.66,
            "roe_4q": -0.9100000000000001,
            "gross_profit": 24663,
            "gross_margin": 32.42,
            "gross_margin_4q_avg": 36.36,
            "net_income": -6319,
            "revenue": 76084,
            "common_shares": 213749,
            "book_valuer_per_share": 17.66,
            "book_valuer_per_share_4q_avg": 17.99,
            "equity": 377452,
            "current_ratio": 339.62,
            "debt_ratio": 29.44,
            "inventory_turnover_ratio": 0.54,
            "account_receivable_turnover_ratio": 0.86,
            "reinvestment_rate": null,
            "research_to_sale_ratio": 18.24,
            "price_fair": 3.16,
            "eps_avg_yearly": 1.05,
            "eps_latest_yearly": 0.92,
            "eps_growth_yearly": -174.53
        },
        "20203": {
            "year_quarter": 20203,
            "year": 2020,
            "quarter": 3,
            "eps": 0.53,
            "eps_growth_year": 130.43,
            "eps_4q": 0.13,
            "eps_4q_growth_year": null,
            "roe": 2.96,
            "roe_4q": 0.74,
            "gross_profit": 37595,
            "gross_margin": 38.16,
            "gross_margin_4q_avg": 35.86,
            "net_income": 11327,
            "revenue": 98530,
            "common_shares": 213749,
            "book_valuer_per_share": 18.18,
            "book_valuer_per_share_4q_avg": 18,
            "equity": 388585,
            "current_ratio": 320.82,
            "debt_ratio": 30.2,
            "inventory_turnover_ratio": 0.69,
            "account_receivable_turnover_ratio": 0.96,
            "reinvestment_rate": null,
            "research_to_sale_ratio": 14.26,
            "price_fair": 1.8,
            "eps_avg_yearly": 0.6,
            "eps_latest_yearly": 0.92,
            "eps_growth_yearly": -187.43
        },
        "20204": {
            "year_quarter": 20204,
            "year": 2020,
            "quarter": 4,
            "eps": 0.1,
            "eps_growth_year": null,
            "eps_4q": 0.24,
            "eps_4q_growth_year": -3.66,
            "roe": 0.56,
            "roe_4q": 1.32,
            "gross_profit": 35672,
            "gross_margin": 35.63,
            "gross_margin_4q_avg": 35.53,
            "net_income": 2174,
            "revenue": 100109,
            "common_shares": 213749,
            "book_valuer_per_share": 18.25,
            "book_valuer_per_share_4q_avg": 18.03,
            "equity": 390137,
            "current_ratio": 308.55,
            "debt_ratio": 31.23,
            "inventory_turnover_ratio": 0.77,
            "account_receivable_turnover_ratio": 0.88,
            "reinvestment_rate": null,
            "research_to_sale_ratio": 15.28,
            "price_fair": 1.98,
            "eps_avg_yearly": 0.66,
            "eps_latest_yearly": 0.4,
            "eps_growth_yearly": -178.26
        },
        "20211": {
            "year_quarter": 20211,
            "year": 2021,
            "quarter": 1,
            "eps": 0.08,
            "eps_growth_year": null,
            "eps_4q": 0.41,
            "eps_4q_growth_year": 7.2,
            "roe": 0.42,
            "roe_4q": 2.2800000000000002,
            "gross_profit": 33138,
            "gross_margin": 38.27,
            "gross_margin_4q_avg": 36.12,
            "net_income": 1650,
            "revenue": 86598,
            "common_shares": 213749,
            "book_valuer_per_share": 18.32,
            "book_valuer_per_share_4q_avg": 18.1,
            "equity": 391568,
            "current_ratio": 302.67,
            "debt_ratio": 31.63,
            "inventory_turnover_ratio": 0.63,
            "account_receivable_turnover_ratio": 0.76,
            "reinvestment_rate": null,
            "research_to_sale_ratio": 15.55,
            "price_fair": 1.64,
            "eps_avg_yearly": 0.55,
            "eps_latest_yearly": 0.32,
            "eps_growth_yearly": -145.51
        },
        "20212": {
            "year_quarter": 20212,
            "year": 2021,
            "quarter": 2,
            "eps": 0.31,
            "eps_growth_year": null,
            "eps_4q": 1.02,
            "eps_4q_growth_year": null,
            "roe": 1.7,
            "roe_4q": 5.640000000000001,
            "gross_profit": 42625,
            "gross_margin": 40.9,
            "gross_margin_4q_avg": 38.24,
            "net_income": 6701,
            "revenue": 104225,
            "common_shares": 213749,
            "book_valuer_per_share": 18.65,
            "book_valuer_per_share_4q_avg": 18.35,
            "equity": 398546,
            "current_ratio": 278.27,
            "debt_ratio": 34.96,
            "inventory_turnover_ratio": 0.65,
            "account_receivable_turnover_ratio": 0.94,
            "reinvestment_rate": null,
            "research_to_sale_ratio": 13.92,
            "price_fair": 25.2,
            "eps_avg_yearly": 0.72,
            "eps_latest_yearly": 1.24,
            "eps_growth_yearly": 178.37
        },
        "20213": {
            "year_quarter": 20213,
            "year": 2021,
            "quarter": 3,
            "eps": 0.94,
            "eps_growth_year": 77.36,
            "eps_4q": 1.44,
            "eps_4q_growth_year": 989.25,
            "roe": 4.96,
            "roe_4q": 7.640000000000001,
            "gross_profit": 62671,
            "gross_margin": 43.54,
            "gross_margin_4q_avg": 39.59,
            "net_income": 20170,
            "revenue": 143936,
            "common_shares": 213749,
            "book_valuer_per_share": 19.44,
            "book_valuer_per_share_4q_avg": 18.67,
            "equity": 415432,
            "current_ratio": 227.06,
            "debt_ratio": 41.9,
            "inventory_turnover_ratio": 0.69,
            "account_receivable_turnover_ratio": 1.13,
            "reinvestment_rate": -3517.52,
            "research_to_sale_ratio": 10.07,
            "price_fair": 46.48,
            "eps_avg_yearly": 1.33,
            "eps_latest_yearly": 3.76,
            "eps_growth_yearly": 305.27
        },
        "20214": {
            "year_quarter": 20214,
            "year": 2021,
            "quarter": 4,
            "eps": 0.67,
            "eps_growth_year": 556.21,
            "eps_4q": 2,
            "eps_4q_growth_year": 741.43,
            "roe": 3.38,
            "roe_4q": 10.459999999999999,
            "gross_profit": 51595,
            "gross_margin": 41.75,
            "gross_margin_4q_avg": 41.12,
            "net_income": 14266,
            "revenue": 123576,
            "common_shares": 213749,
            "book_valuer_per_share": 20.07,
            "book_valuer_per_share_4q_avg": 19.12,
            "equity": 428946,
            "current_ratio": 221.76,
            "debt_ratio": 42.57,
            "inventory_turnover_ratio": 0.48,
            "account_receivable_turnover_ratio": 0.98,
            "reinvestment_rate": -168.99,
            "research_to_sale_ratio": 11.73,
            "price_fair": 54.37,
            "eps_avg_yearly": 1.55,
            "eps_latest_yearly": 2.68,
            "eps_growth_yearly": 235.25
        },
        "20221": {
            "year_quarter": 20221,
            "year": 2022,
            "quarter": 1,
            "eps": 1.04,
            "eps_growth_year": 1200,
            "eps_4q": 2.96,
            "eps_4q_growth_year": 616.51,
            "roe": 5.04,
            "roe_4q": 15.079999999999998,
            "gross_profit": 47945,
            "gross_margin": 41.64,
            "gross_margin_4q_avg": 41.96,
            "net_income": 22145,
            "revenue": 115134,
            "common_shares": 213749,
            "book_valuer_per_share": 21.03,
            "book_valuer_per_share_4q_avg": 19.8,
            "equity": 449601,
            "current_ratio": 213.91,
            "debt_ratio": 42.19,
            "inventory_turnover_ratio": 0.39,
            "account_receivable_turnover_ratio": 1.03,
            "reinvestment_rate": -110.6,
            "research_to_sale_ratio": 11.74,
            "price_fair": 67.4,
            "eps_avg_yearly": 1.93,
            "eps_latest_yearly": 4.16,
            "eps_growth_yearly": 233.2
        },
        "20222": {
            "year_quarter": 20222,
            "year": 2022,
            "quarter": 2,
            "eps": 0.55,
            "eps_growth_year": 77.42,
            "eps_4q": 2.98,
            "eps_4q_growth_year": 191.31,
            "roe": 2.87,
            "roe_4q": 16.25,
            "gross_profit": 41219,
            "gross_margin": 41.97,
            "gross_margin_4q_avg": 42.23,
            "net_income": 12805,
            "revenue": 98203,
            "common_shares": 213749,
            "book_valuer_per_share": 20.76,
            "book_valuer_per_share_4q_avg": 20.33,
            "equity": 443638,
            "current_ratio": 210.36,
            "debt_ratio": 41.64,
            "inventory_turnover_ratio": 0.3,
            "account_receivable_turnover_ratio": 0.86,
            "reinvestment_rate": -93.08,
            "research_to_sale_ratio": 13.75,
            "price_fair": 68.6,
            "eps_avg_yearly": 1.96,
            "eps_latest_yearly": 2.2,
            "eps_growth_yearly": 180.49
        },
        "20223": {
            "year_quarter": 20223,
            "year": 2022,
            "quarter": 3,
            "eps": 0.08,
            "eps_growth_year": -91.49,
            "eps_4q": 2.19,
            "eps_4q_growth_year": 52.73,
            "roe": 0.42,
            "roe_4q": 11.71,
            "gross_profit": 26766,
            "gross_margin": 32.7,
            "gross_margin_4q_avg": 39.52,
            "net_income": 1885,
            "revenue": 81841,
            "common_shares": 232986,
            "book_valuer_per_share": 19.11,
            "book_valuer_per_share_4q_avg": 20.24,
            "equity": 445235,
            "current_ratio": 276.02,
            "debt_ratio": 30.95,
            "inventory_turnover_ratio": 0.29,
            "account_receivable_turnover_ratio": 0.78,
            "reinvestment_rate": -66.45,
            "research_to_sale_ratio": 16.04,
            "price_fair": 62.22,
            "eps_avg_yearly": 1.78,
            "eps_latest_yearly": 0.32,
            "eps_growth_yearly": 122.46
        },
        "20224": {
            "year_quarter": 20224,
            "year": 2022,
            "quarter": 4,
            "eps": -0.44,
            "eps_growth_year": -165.52,
            "eps_4q": 1.14,
            "eps_4q_growth_year": -42.87,
            "roe": -2.31,
            "roe_4q": 6.02,
            "gross_profit": 17157,
            "gross_margin": 28.22,
            "gross_margin_4q_avg": 36.13,
            "net_income": -10189,
            "revenue": 60803,
            "common_shares": 232986,
            "book_valuer_per_share": 18.73,
            "book_valuer_per_share_4q_avg": 19.91,
            "equity": 436412,
            "current_ratio": 294.9,
            "debt_ratio": 28.21,
            "inventory_turnover_ratio": 0.25,
            "account_receivable_turnover_ratio": 0.88,
            "reinvestment_rate": -59.22,
            "research_to_sale_ratio": 20.9,
            "price_fair": 62.22,
            "eps_avg_yearly": 1.78,
            "eps_latest_yearly": 0.32,
            "eps_growth_yearly": 122.46
        },
        "20231": {
            "year_quarter": 20231,
            "year": 2023,
            "quarter": 1,
            "eps": -0.24,
            "eps_growth_year": -123.08,
            "eps_4q": -0.05,
            "eps_4q_growth_year": -101.71,
            "roe": -1.31,
            "roe_4q": -0.33000000000000007,
            "gross_profit": 24140,
            "gross_margin": 33.9,
            "gross_margin_4q_avg": 34.2,
            "net_income": -5683,
            "revenue": 71204,
            "common_shares": 232986,
            "book_valuer_per_share": 18.49,
            "book_valuer_per_share_4q_avg": 19.27,
            "equity": 430681,
            "current_ratio": 257.89,
            "debt_ratio": 32.59,
            "inventory_turnover_ratio": 0.29,
            "account_receivable_turnover_ratio": 1.32,
            "reinvestment_rate": -54.65,
            "research_to_sale_ratio": 18.13,
            "price_fair": 62.22,
            "eps_avg_yearly": 1.78,
            "eps_latest_yearly": 0.32,
            "eps_growth_yearly": 122.46
        }
    },
    "months": {
        "2014-09": {
            "month": "2014-09",
            "price": "99.23",
            "revenue": 28138
        },
        "2014-10": {
            "month": "2014-10",
            "price": "99.27",
            "revenue": 41430
        },
        "2014-11": {
            "month": "2014-11",
            "price": "92.58",
            "revenue": 35575
        },
        "2014-12": {
            "month": "2014-12",
            "price": "89.43",
            "revenue": 57334
        },
        "2015-01": {
            "month": "2015-01",
            "price": "92.44",
            "revenue": 49138
        },
        "2015-02": {
            "month": "2015-02",
            "price": "95.54",
            "revenue": 37525
        },
        "2015-03": {
            "month": "2015-03",
            "price": "106.91",
            "revenue": 46875
        },
        "2015-04": {
            "month": "2015-04",
            "price": "109.11",
            "revenue": 45903
        },
        "2015-05": {
            "month": "2015-05",
            "price": "109.01",
            "revenue": 43295
        },
        "2015-06": {
            "month": "2015-06",
            "price": "107.97",
            "revenue": 43577
        },
        "2015-07": {
            "month": "2015-07",
            "price": "89.03",
            "revenue": 51319
        },
        "2015-08": {
            "month": "2015-08",
            "price": "60.04",
            "revenue": 51070
        },
        "2015-09": {
            "month": "2015-09",
            "price": "57.93",
            "revenue": 50835
        },
        "2015-10": {
            "month": "2015-10",
            "price": "67.20",
            "revenue": 40839
        },
        "2015-11": {
            "month": "2015-11",
            "price": "64.09",
            "revenue": 43588
        },
        "2015-12": {
            "month": "2015-12",
            "price": "65.68",
            "revenue": 54465
        },
        "2016-01": {
            "month": "2016-01",
            "price": "60.92",
            "revenue": 52757
        },
        "2016-02": {
            "month": "2016-02",
            "price": "61.15",
            "revenue": 44102
        },
        "2016-03": {
            "month": "2016-03",
            "price": "64.55",
            "revenue": 60675
        },
        "2016-04": {
            "month": "2016-04",
            "price": "77.41",
            "revenue": 63185
        },
        "2016-05": {
            "month": "2016-05",
            "price": "73.64",
            "revenue": 59603
        },
        "2016-06": {
            "month": "2016-06",
            "price": "78.50",
            "revenue": 60998
        },
        "2016-07": {
            "month": "2016-07",
            "price": "75.37",
            "revenue": 64625
        },
        "2016-08": {
            "month": "2016-08",
            "price": "82.97",
            "revenue": 54773
        },
        "2016-09": {
            "month": "2016-09",
            "price": "77.85",
            "revenue": 51816
        },
        "2016-10": {
            "month": "2016-10",
            "price": "62.70",
            "revenue": 48150
        },
        "2016-11": {
            "month": "2016-11",
            "price": "48.88",
            "revenue": 50371
        },
        "2016-12": {
            "month": "2016-12",
            "price": "51.19",
            "revenue": 54793
        },
        "2017-01": {
            "month": "2017-01",
            "price": "47.42",
            "revenue": 46133
        },
        "2017-02": {
            "month": "2017-02",
            "price": "52.86",
            "revenue": 35688
        },
        "2017-03": {
            "month": "2017-03",
            "price": "47.15",
            "revenue": 45703
        },
        "2017-04": {
            "month": "2017-04",
            "price": "39.62",
            "revenue": 38112
        },
        "2017-05": {
            "month": "2017-05",
            "price": "37.84",
            "revenue": 48143
        },
        "2017-06": {
            "month": "2017-06",
            "price": "37.24",
            "revenue": 42717
        },
        "2017-07": {
            "month": "2017-07",
            "price": "31.35",
            "revenue": 45901
        },
        "2017-08": {
            "month": "2017-08",
            "price": "30.92",
            "revenue": 42536
        },
        "2017-09": {
            "month": "2017-09",
            "price": "29.03",
            "revenue": 35956
        },
        "2017-10": {
            "month": "2017-10",
            "price": "27.81",
            "revenue": 31794
        },
        "2017-11": {
            "month": "2017-11",
            "price": "28.20",
            "revenue": 33189
        },
        "2017-12": {
            "month": "2017-12",
            "price": "29.13",
            "revenue": 37204
        },
        "2018-01": {
            "month": "2018-01",
            "price": "29.52",
            "revenue": 37892
        },
        "2018-02": {
            "month": "2018-02",
            "price": "25.98",
            "revenue": 33859
        },
        "2018-03": {
            "month": "2018-03",
            "price": "25.74",
            "revenue": 44455
        },
        "2018-04": {
            "month": "2018-04",
            "price": "24.07",
            "revenue": 41319
        },
        "2018-05": {
            "month": "2018-05",
            "price": "23.58",
            "revenue": 40209
        },
        "2018-06": {
            "month": "2018-06",
            "price": "23.83",
            "revenue": 40364
        },
        "2018-07": {
            "month": "2018-07",
            "price": "21.66",
            "revenue": 25148
        },
        "2018-08": {
            "month": "2018-08",
            "price": "20.28",
            "revenue": 20738
        },
        "2018-09": {
            "month": "2018-09",
            "price": "18.22",
            "revenue": 19570
        },
        "2018-10": {
            "month": "2018-10",
            "price": "17.99",
            "revenue": 25373
        },
        "2018-11": {
            "month": "2018-11",
            "price": "16.95",
            "revenue": 22432
        },
        "2018-12": {
            "month": "2018-12",
            "price": "16.58",
            "revenue": 22981
        },
        "2019-01": {
            "month": "2019-01",
            "price": "16.02",
            "revenue": 21681
        },
        "2019-02": {
            "month": "2019-02",
            "price": "16.83",
            "revenue": 19938
        },
        "2019-03": {
            "month": "2019-03",
            "price": "17.30",
            "revenue": 24149
        },
        "2019-04": {
            "month": "2019-04",
            "price": "18.92",
            "revenue": 30984
        },
        "2019-05": {
            "month": "2019-05",
            "price": "16.43",
            "revenue": 31728
        },
        "2019-06": {
            "month": "2019-06",
            "price": "15.27",
            "revenue": 32083
        },
        "2019-07": {
            "month": "2019-07",
            "price": "16.98",
            "revenue": 30247
        },
        "2019-08": {
            "month": "2019-08",
            "price": "17.48",
            "revenue": 30725
        },
        "2019-09": {
            "month": "2019-09",
            "price": "19.69",
            "revenue": 31091
        },
        "2019-10": {
            "month": "2019-10",
            "price": "26.07",
            "revenue": 30088
        },
        "2019-11": {
            "month": "2019-11",
            "price": "26.47",
            "revenue": 30332
        },
        "2019-12": {
            "month": "2019-12",
            "price": "24.23",
            "revenue": 33720
        },
        "2020-01": {
            "month": "2020-01",
            "price": "23.46",
            "revenue": 24671
        },
        "2020-02": {
            "month": "2020-02",
            "price": "20.76",
            "revenue": 21607
        },
        "2020-03": {
            "month": "2020-03",
            "price": "15.69",
            "revenue": 32844
        },
        "2020-04": {
            "month": "2020-04",
            "price": "16.60",
            "revenue": 25060
        },
        "2020-05": {
            "month": "2020-05",
            "price": "19.20",
            "revenue": 23254
        },
        "2020-06": {
            "month": "2020-06",
            "price": "20.78",
            "revenue": 27770
        },
        "2020-07": {
            "month": "2020-07",
            "price": "18.90",
            "revenue": 30425
        },
        "2020-08": {
            "month": "2020-08",
            "price": "21.62",
            "revenue": 33632
        },
        "2020-09": {
            "month": "2020-09",
            "price": "22.73",
            "revenue": 34473
        },
        "2020-10": {
            "month": "2020-10",
            "price": "27.09",
            "revenue": 35697
        },
        "2020-11": {
            "month": "2020-11",
            "price": "26.25",
            "revenue": 32742
        },
        "2020-12": {
            "month": "2020-12",
            "price": "25.15",
            "revenue": 31670
        },
        "2021-01": {
            "month": "2021-01",
            "price": "25.60",
            "revenue": 25226
        },
        "2021-02": {
            "month": "2021-02",
            "price": "25.36",
            "revenue": 27353
        },
        "2021-03": {
            "month": "2021-03",
            "price": "31.00",
            "revenue": 34019
        },
        "2021-04": {
            "month": "2021-04",
            "price": "29.54",
            "revenue": 34540
        },
        "2021-05": {
            "month": "2021-05",
            "price": "24.24",
            "revenue": 32687
        },
        "2021-06": {
            "month": "2021-06",
            "price": "25.76",
            "revenue": 36998
        },
        "2021-07": {
            "month": "2021-07",
            "price": "26.28",
            "revenue": 46454
        },
        "2021-08": {
            "month": "2021-08",
            "price": "27.74",
            "revenue": 47115
        },
        "2021-09": {
            "month": "2021-09",
            "price": "29.26",
            "revenue": 50367
        },
        "2021-10": {
            "month": "2021-10",
            "price": "31.95",
            "revenue": 40291
        },
        "2021-11": {
            "month": "2021-11",
            "price": "30.80",
            "revenue": 40684
        },
        "2021-12": {
            "month": "2021-12",
            "price": "36.18",
            "revenue": 41360
        },
        "2022-01": {
            "month": "2022-01",
            "price": "34.05",
            "revenue": 37113
        },
        "2022-02": {
            "month": "2022-02",
            "price": "31.53",
            "revenue": 33362
        },
        "2022-03": {
            "month": "2022-03",
            "price": "31.40",
            "revenue": 44659
        },
        "2022-04": {
            "month": "2022-04",
            "price": "33.60",
            "revenue": 37779
        },
        "2022-05": {
            "month": "2022-05",
            "price": "36.07",
            "revenue": 27787
        },
        "2022-06": {
            "month": "2022-06",
            "price": "34.25",
            "revenue": 32637
        },
        "2022-07": {
            "month": "2022-07",
            "price": "30.05",
            "revenue": 30502
        },
        "2022-08": {
            "month": "2022-08",
            "price": "31.37",
            "revenue": 25539
        },
        "2022-09": {
            "month": "2022-09",
            "price": "33.04",
            "revenue": 25800
        },
        "2022-10": {
            "month": "2022-10",
            "price": "27.67",
            "revenue": 20218
        },
        "2022-11": {
            "month": "2022-11",
            "price": "26.15",
            "revenue": 20183
        },
        "2022-12": {
            "month": "2022-12",
            "price": "24.85",
            "revenue": 20401
        },
        "2023-01": {
            "month": "2023-01",
            "price": "23.96",
            "revenue": 16386
        },
        "2023-02": {
            "month": "2023-02",
            "price": "25.13",
            "revenue": 24375
        },
        "2023-03": {
            "month": "2023-03",
            "price": "26.74",
            "revenue": 30444
        },
        "2023-04": {
            "month": "2023-04",
            "price": "29.25",
            "revenue": 28167
        },
        "2023-05": {
            "month": "2023-05",
            "price": "29.72",
            "revenue": 28343
        }
    }
}
