{
    "summary": {
        "stock_name": "氣立",
        "stock_id": "4555",
        "category": "電機機械",
        "main_business": "氣動執行元件<br>氣動控制元件<br>氣源處理元件及氣動輔助元件之研發,生產及銷售",
        "website_url": "https://www.chelic.com/",
        "ceo": "游平政",
        "pe_ratio": 28,
        "report_year_from": 2012,
        "report_year_to": 2023,
        "age": 11,
        "eps_negative_percentage": 0,
        "eps_growth_avg": {
            "last_all": 6.09,
            "last_2y": 47.77,
            "last_4y": 14.71,
            "last_8y": null,
            "last_12y": null,
            "last_16y": null,
            "last_20y": null,
            "at_2006_last_3y": null,
            "at_2007_last_3y": null,
            "at_2008_last_3y": null,
            "at_2009_last_3y": null,
            "at_2010_last_3y": null,
            "at_2011_last_3y": null,
            "at_2012_last_3y": null,
            "at_2013_last_3y": null,
            "at_2014_last_3y": null,
            "at_2015_last_3y": null,
            "at_2016_last_3y": null,
            "at_2017_last_3y": null,
            "at_2018_last_3y": null,
            "at_2019_last_3y": -25.17,
            "at_2020_last_3y": 11.66,
            "at_2021_last_3y": 25.12,
            "at_2022_last_3y": 17.55,
            "at_2023_last_3y": 17.55,
            "at_2006_last_all": null,
            "at_2007_last_all": null,
            "at_2008_last_all": null,
            "at_2009_last_all": null,
            "at_2010_last_all": null,
            "at_2011_last_all": null,
            "at_2012_last_all": null,
            "at_2013_last_all": null,
            "at_2014_last_all": null,
            "at_2015_last_all": null,
            "at_2016_last_all": null,
            "at_2017_last_all": -15.45,
            "at_2018_last_all": -9.19,
            "at_2019_last_all": -25.17,
            "at_2020_last_all": -0.14,
            "at_2021_last_all": 11.59,
            "at_2022_last_all": 6.09,
            "at_2023_last_all": 6.09
        },
        "latest_eps": 1.82,
        "latest_price": 51.7,
        "latest_roe": 4.59,
        "latest_gross_margin": 31.22,
        "latest_equity": 2929798,
        "latest_revenue": 342595,
        "latest_gross_profit": 106966,
        "latest_net_income": 3039,
        "latest_debt_ratio": 35.87,
        "latest_current_ratio": 218.49,
        "latest_account_receivable_turnover_ratio": 0.7,
        "latest_inventory_turnover_ratio": 0.22,
        "latest_reinvestment_rate": 60.44,
        "latest_research_to_sale_ratio": 8.65
    },
    "eps_dividends": {
        "2001": {
            "cash": 0,
            "stock": 0,
            "eps": 0
        },
        "2002": {
            "cash": 0,
            "stock": 0,
            "eps": 0
        },
        "2003": {
            "cash": 0,
            "stock": 0,
            "eps": 0
        },
        "2004": {
            "cash": 0,
            "stock": 0,
            "eps": 0
        },
        "2005": {
            "cash": 0,
            "stock": 0,
            "eps": 0
        },
        "2006": {
            "cash": 0,
            "stock": 0,
            "eps": 0
        },
        "2007": {
            "cash": 0,
            "stock": 0,
            "eps": 0
        },
        "2008": {
            "cash": 0,
            "stock": 0,
            "eps": 0
        },
        "2009": {
            "cash": 0,
            "stock": 0,
            "eps": 0
        },
        "2010": {
            "cash": 0,
            "stock": 0,
            "eps": 0
        },
        "2011": {
            "cash": 0,
            "stock": 0,
            "eps": 0
        },
        "2012": {
            "cash": 0,
            "stock": 0,
            "eps": 0
        },
        "2013": {
            "cash": 0,
            "stock": 0,
            "eps": 0
        },
        "2014": {
            "cash": 0,
            "stock": 0,
            "eps": 0
        },
        "2015": {
            "cash": 3.5,
            "stock": 0,
            "eps": 3.93
        },
        "2016": {
            "cash": 3.1,
            "stock": 0,
            "eps": 2.07
        },
        "2017": {
            "cash": 2,
            "stock": 0,
            "eps": 2.41
        },
        "2018": {
            "cash": 2,
            "stock": 0,
            "eps": 2.49
        },
        "2019": {
            "cash": 2,
            "stock": 0,
            "eps": 0.67
        },
        "2020": {
            "cash": 1.2,
            "stock": 0,
            "eps": 2.05
        },
        "2021": {
            "cash": 1.5,
            "stock": 0,
            "eps": 3.49
        },
        "2022": {
            "cash": 1.8,
            "stock": 0,
            "eps": 2.55
        },
        "2023": {
            "cash": 1.55,
            "stock": 0,
            "eps": 0.04
        }
    },
    "dividends": {
        "2015-07-31": {
            "cash": 3.5,
            "stock": 0
        },
        "2016-07-28": {
            "cash": 3.1,
            "stock": 0
        },
        "2017-09-20": {
            "cash": 2,
            "stock": 0
        },
        "2018-08-13": {
            "cash": 2,
            "stock": 0
        },
        "2019-08-13": {
            "cash": 2,
            "stock": 0
        },
        "2020-08-20": {
            "cash": 1.2,
            "stock": 0
        },
        "2021-10-12": {
            "cash": 1.5,
            "stock": 0
        },
        "2022-09-30": {
            "cash": 1.8,
            "stock": 0
        },
        "2023-03-15": {
            "cash": 1.55,
            "stock": 0
        }
    },
    "prices": {
        "200101": "無",
        "200102": "無",
        "200103": "無",
        "200104": "無",
        "200105": "無",
        "200106": "無",
        "200107": "無",
        "200108": "無",
        "200109": "無",
        "200110": "無",
        "200111": "無",
        "200112": "無",
        "200201": "無",
        "200202": "無",
        "200203": "無",
        "200204": "無",
        "200205": "無",
        "200206": "無",
        "200207": "無",
        "200208": "無",
        "200209": "無",
        "200210": "無",
        "200211": "無",
        "200212": "無",
        "200301": "無",
        "200302": "無",
        "200303": "無",
        "200304": "無",
        "200305": "無",
        "200306": "無",
        "200307": "無",
        "200308": "無",
        "200309": "無",
        "200310": "無",
        "200311": "無",
        "200312": "無",
        "200401": "無",
        "200402": "無",
        "200403": "無",
        "200404": "無",
        "200405": "無",
        "200406": "無",
        "200407": "無",
        "200408": "無",
        "200409": "無",
        "200410": "無",
        "200411": "無",
        "200412": "無",
        "200501": "無",
        "200502": "無",
        "200503": "無",
        "200504": "無",
        "200505": "無",
        "200506": "無",
        "200507": "無",
        "200508": "無",
        "200509": "無",
        "200510": "無",
        "200511": "無",
        "200512": "無",
        "200601": "無",
        "200602": "無",
        "200603": "無",
        "200604": "無",
        "200605": "無",
        "200606": "無",
        "200607": "無",
        "200608": "無",
        "200609": "無",
        "200610": "無",
        "200611": "無",
        "200612": "無",
        "200701": "無",
        "200702": "無",
        "200703": "無",
        "200704": "無",
        "200705": "無",
        "200706": "無",
        "200707": "無",
        "200708": "無",
        "200709": "無",
        "200710": "無",
        "200711": "無",
        "200712": "無",
        "200801": "無",
        "200802": "無",
        "200803": "無",
        "200804": "無",
        "200805": "無",
        "200806": "無",
        "200807": "無",
        "200808": "無",
        "200809": "無",
        "200810": "無",
        "200811": "無",
        "200812": "無",
        "200901": "無",
        "200902": "無",
        "200903": "無",
        "200904": "無",
        "200905": "無",
        "200906": "無",
        "200907": "無",
        "200908": "無",
        "200909": "無",
        "200910": "無",
        "200911": "無",
        "200912": "無",
        "201001": "無",
        "201002": "無",
        "201003": "無",
        "201004": "無",
        "201005": "無",
        "201006": "無",
        "201007": "無",
        "201008": "無",
        "201009": "無",
        "201010": "無",
        "201011": "無",
        "201012": "無",
        "201101": "無",
        "201102": "無",
        "201103": "無",
        "201104": "無",
        "201105": "無",
        "201106": "無",
        "201107": "無",
        "201108": "無",
        "201109": "無",
        "201110": "無",
        "201111": "無",
        "201112": "無",
        "201201": "無",
        "201202": "無",
        "201203": "無",
        "201204": "無",
        "201205": "無",
        "201206": "無",
        "201207": "無",
        "201208": "無",
        "201209": "無",
        "201210": "無",
        "201211": "無",
        "201212": "無",
        "201301": "無",
        "201302": "無",
        "201303": "無",
        "201304": "無",
        "201305": "無",
        "201306": "無",
        "201307": "無",
        "201308": "無",
        "201309": "無",
        "201310": "無",
        "201311": "無",
        "201312": "無",
        "201401": "無",
        "201402": "無",
        "201403": "無",
        "201404": "無",
        "201405": "無",
        "201406": "無",
        "201407": "無",
        "201408": "無",
        "201409": "111.73",
        "201410": "98.25",
        "201411": "95.75",
        "201412": "107.09",
        "201501": "107.24",
        "201502": "110.06",
        "201503": "116.94",
        "201504": "110.58",
        "201505": "101.96",
        "201506": "103.10",
        "201507": "98.54",
        "201508": "85.39",
        "201509": "85.04",
        "201510": "79.45",
        "201511": "79.80",
        "201512": "73.77",
        "201601": "69.12",
        "201602": "71.35",
        "201603": "73.62",
        "201604": "71.48",
        "201605": "69.78",
        "201606": "70.50",
        "201607": "65.76",
        "201608": "62.79",
        "201609": "61.97",
        "201610": "55.24",
        "201611": "56.70",
        "201612": "60.25",
        "201701": "61.83",
        "201702": "62.36",
        "201703": "60.15",
        "201704": "61.52",
        "201705": "61.06",
        "201706": "61.45",
        "201707": "63.41",
        "201708": "62.89",
        "201709": "61.79",
        "201710": "62.89",
        "201711": "65.68",
        "201712": "67.99",
        "201801": "68.70",
        "201802": "68.12",
        "201803": "75.72",
        "201804": "80.28",
        "201805": "78.05",
        "201806": "76.48",
        "201807": "69.76",
        "201808": "65.00",
        "201809": "63.87",
        "201810": "62.15",
        "201811": "58.32",
        "201812": "57.83",
        "201901": "57.73",
        "201902": "58.18",
        "201903": "58.74",
        "201904": "60.48",
        "201905": "59.10",
        "201906": "56.83",
        "201907": "55.09",
        "201908": "53.83",
        "201909": "53.12",
        "201910": "49.85",
        "201911": "49.55",
        "201912": "49.52",
        "202001": "49.45",
        "202002": "47.56",
        "202003": "45.91",
        "202004": "52.11",
        "202005": "54.12",
        "202006": "52.61",
        "202007": "49.24",
        "202008": "49.66",
        "202009": "49.03",
        "202010": "48.36",
        "202011": "48.75",
        "202012": "49.52",
        "202101": "49.22",
        "202102": "52.15",
        "202103": "59.23",
        "202104": "55.55",
        "202105": "50.98",
        "202106": "54.54",
        "202107": "58.02",
        "202108": "56.32",
        "202109": "55.04",
        "202110": "52.95",
        "202111": "52.97",
        "202112": "51.69",
        "202201": "52.41",
        "202202": "55.04",
        "202203": "56.51",
        "202204": "57.36",
        "202205": "57.16",
        "202206": "57.94",
        "202207": "56.69",
        "202208": "56.90",
        "202209": "53.00",
        "202210": "49.71",
        "202211": "50.38",
        "202212": "50.03",
        "202301": "49.85",
        "202302": "49.82",
        "202303": "48.87",
        "202304": "48.51",
        "202305": "49.08",
        "202306": "51.85"
    },
    "quarters": {
        "20011": {
            "year_quarter": 20011,
            "year": 2001,
            "quarter": 1,
            "eps": null,
            "eps_growth_year": null,
            "eps_4q": null,
            "eps_4q_growth_year": null,
            "roe": null,
            "roe_4q": 0,
            "gross_profit": null,
            "gross_margin": null,
            "gross_margin_4q_avg": 0,
            "net_income": null,
            "revenue": null,
            "common_shares": null,
            "book_valuer_per_share": null,
            "book_valuer_per_share_4q_avg": 0,
            "equity": null,
            "current_ratio": null,
            "debt_ratio": null,
            "inventory_turnover_ratio": null,
            "account_receivable_turnover_ratio": null,
            "reinvestment_rate": null,
            "research_to_sale_ratio": null,
            "price_fair": 0,
            "eps_avg_yearly": 0,
            "eps_latest_yearly": 0,
            "eps_growth_yearly": 0
        },
        "20012": {
            "year_quarter": 20012,
            "year": 2001,
            "quarter": 2,
            "eps": null,
            "eps_growth_year": null,
            "eps_4q": null,
            "eps_4q_growth_year": null,
            "roe": null,
            "roe_4q": 0,
            "gross_profit": null,
            "gross_margin": null,
            "gross_margin_4q_avg": 0,
            "net_income": null,
            "revenue": null,
            "common_shares": null,
            "book_valuer_per_share": null,
            "book_valuer_per_share_4q_avg": 0,
            "equity": null,
            "current_ratio": null,
            "debt_ratio": null,
            "inventory_turnover_ratio": null,
            "account_receivable_turnover_ratio": null,
            "reinvestment_rate": null,
            "research_to_sale_ratio": null,
            "price_fair": 0,
            "eps_avg_yearly": 0,
            "eps_latest_yearly": 0,
            "eps_growth_yearly": 0
        },
        "20013": {
            "year_quarter": 20013,
            "year": 2001,
            "quarter": 3,
            "eps": null,
            "eps_growth_year": null,
            "eps_4q": null,
            "eps_4q_growth_year": null,
            "roe": null,
            "roe_4q": 0,
            "gross_profit": null,
            "gross_margin": null,
            "gross_margin_4q_avg": 0,
            "net_income": null,
            "revenue": null,
            "common_shares": null,
            "book_valuer_per_share": null,
            "book_valuer_per_share_4q_avg": 0,
            "equity": null,
            "current_ratio": null,
            "debt_ratio": null,
            "inventory_turnover_ratio": null,
            "account_receivable_turnover_ratio": null,
            "reinvestment_rate": null,
            "research_to_sale_ratio": null,
            "price_fair": 0,
            "eps_avg_yearly": 0,
            "eps_latest_yearly": 0,
            "eps_growth_yearly": 0
        },
        "20014": {
            "year_quarter": 20014,
            "year": 2001,
            "quarter": 4,
            "eps": null,
            "eps_growth_year": null,
            "eps_4q": null,
            "eps_4q_growth_year": null,
            "roe": null,
            "roe_4q": 0,
            "gross_profit": null,
            "gross_margin": null,
            "gross_margin_4q_avg": 0,
            "net_income": null,
            "revenue": null,
            "common_shares": null,
            "book_valuer_per_share": null,
            "book_valuer_per_share_4q_avg": 0,
            "equity": null,
            "current_ratio": null,
            "debt_ratio": null,
            "inventory_turnover_ratio": null,
            "account_receivable_turnover_ratio": null,
            "reinvestment_rate": null,
            "research_to_sale_ratio": null,
            "price_fair": 0,
            "eps_avg_yearly": 0,
            "eps_latest_yearly": 0,
            "eps_growth_yearly": 0
        },
        "20021": {
            "year_quarter": 20021,
            "year": 2002,
            "quarter": 1,
            "eps": null,
            "eps_growth_year": null,
            "eps_4q": null,
            "eps_4q_growth_year": null,
            "roe": null,
            "roe_4q": 0,
            "gross_profit": null,
            "gross_margin": null,
            "gross_margin_4q_avg": 0,
            "net_income": null,
            "revenue": null,
            "common_shares": null,
            "book_valuer_per_share": null,
            "book_valuer_per_share_4q_avg": 0,
            "equity": null,
            "current_ratio": null,
            "debt_ratio": null,
            "inventory_turnover_ratio": null,
            "account_receivable_turnover_ratio": null,
            "reinvestment_rate": null,
            "research_to_sale_ratio": null,
            "price_fair": 0,
            "eps_avg_yearly": 0,
            "eps_latest_yearly": 0,
            "eps_growth_yearly": 0
        },
        "20022": {
            "year_quarter": 20022,
            "year": 2002,
            "quarter": 2,
            "eps": null,
            "eps_growth_year": null,
            "eps_4q": null,
            "eps_4q_growth_year": null,
            "roe": null,
            "roe_4q": 0,
            "gross_profit": null,
            "gross_margin": null,
            "gross_margin_4q_avg": 0,
            "net_income": null,
            "revenue": null,
            "common_shares": null,
            "book_valuer_per_share": null,
            "book_valuer_per_share_4q_avg": 0,
            "equity": null,
            "current_ratio": null,
            "debt_ratio": null,
            "inventory_turnover_ratio": null,
            "account_receivable_turnover_ratio": null,
            "reinvestment_rate": null,
            "research_to_sale_ratio": null,
            "price_fair": 0,
            "eps_avg_yearly": 0,
            "eps_latest_yearly": 0,
            "eps_growth_yearly": 0
        },
        "20023": {
            "year_quarter": 20023,
            "year": 2002,
            "quarter": 3,
            "eps": null,
            "eps_growth_year": null,
            "eps_4q": null,
            "eps_4q_growth_year": null,
            "roe": null,
            "roe_4q": 0,
            "gross_profit": null,
            "gross_margin": null,
            "gross_margin_4q_avg": 0,
            "net_income": null,
            "revenue": null,
            "common_shares": null,
            "book_valuer_per_share": null,
            "book_valuer_per_share_4q_avg": 0,
            "equity": null,
            "current_ratio": null,
            "debt_ratio": null,
            "inventory_turnover_ratio": null,
            "account_receivable_turnover_ratio": null,
            "reinvestment_rate": null,
            "research_to_sale_ratio": null,
            "price_fair": 0,
            "eps_avg_yearly": 0,
            "eps_latest_yearly": 0,
            "eps_growth_yearly": 0
        },
        "20024": {
            "year_quarter": 20024,
            "year": 2002,
            "quarter": 4,
            "eps": null,
            "eps_growth_year": null,
            "eps_4q": null,
            "eps_4q_growth_year": null,
            "roe": null,
            "roe_4q": 0,
            "gross_profit": null,
            "gross_margin": null,
            "gross_margin_4q_avg": 0,
            "net_income": null,
            "revenue": null,
            "common_shares": null,
            "book_valuer_per_share": null,
            "book_valuer_per_share_4q_avg": 0,
            "equity": null,
            "current_ratio": null,
            "debt_ratio": null,
            "inventory_turnover_ratio": null,
            "account_receivable_turnover_ratio": null,
            "reinvestment_rate": null,
            "research_to_sale_ratio": null,
            "price_fair": 0,
            "eps_avg_yearly": 0,
            "eps_latest_yearly": 0,
            "eps_growth_yearly": 0
        },
        "20031": {
            "year_quarter": 20031,
            "year": 2003,
            "quarter": 1,
            "eps": null,
            "eps_growth_year": null,
            "eps_4q": null,
            "eps_4q_growth_year": null,
            "roe": null,
            "roe_4q": 0,
            "gross_profit": null,
            "gross_margin": null,
            "gross_margin_4q_avg": 0,
            "net_income": null,
            "revenue": null,
            "common_shares": null,
            "book_valuer_per_share": null,
            "book_valuer_per_share_4q_avg": 0,
            "equity": null,
            "current_ratio": null,
            "debt_ratio": null,
            "inventory_turnover_ratio": null,
            "account_receivable_turnover_ratio": null,
            "reinvestment_rate": null,
            "research_to_sale_ratio": null,
            "price_fair": 0,
            "eps_avg_yearly": 0,
            "eps_latest_yearly": 0,
            "eps_growth_yearly": 0
        },
        "20032": {
            "year_quarter": 20032,
            "year": 2003,
            "quarter": 2,
            "eps": null,
            "eps_growth_year": null,
            "eps_4q": null,
            "eps_4q_growth_year": null,
            "roe": null,
            "roe_4q": 0,
            "gross_profit": null,
            "gross_margin": null,
            "gross_margin_4q_avg": 0,
            "net_income": null,
            "revenue": null,
            "common_shares": null,
            "book_valuer_per_share": null,
            "book_valuer_per_share_4q_avg": 0,
            "equity": null,
            "current_ratio": null,
            "debt_ratio": null,
            "inventory_turnover_ratio": null,
            "account_receivable_turnover_ratio": null,
            "reinvestment_rate": null,
            "research_to_sale_ratio": null,
            "price_fair": 0,
            "eps_avg_yearly": 0,
            "eps_latest_yearly": 0,
            "eps_growth_yearly": 0
        },
        "20033": {
            "year_quarter": 20033,
            "year": 2003,
            "quarter": 3,
            "eps": null,
            "eps_growth_year": null,
            "eps_4q": null,
            "eps_4q_growth_year": null,
            "roe": null,
            "roe_4q": 0,
            "gross_profit": null,
            "gross_margin": null,
            "gross_margin_4q_avg": 0,
            "net_income": null,
            "revenue": null,
            "common_shares": null,
            "book_valuer_per_share": null,
            "book_valuer_per_share_4q_avg": 0,
            "equity": null,
            "current_ratio": null,
            "debt_ratio": null,
            "inventory_turnover_ratio": null,
            "account_receivable_turnover_ratio": null,
            "reinvestment_rate": null,
            "research_to_sale_ratio": null,
            "price_fair": 0,
            "eps_avg_yearly": 0,
            "eps_latest_yearly": 0,
            "eps_growth_yearly": 0
        },
        "20034": {
            "year_quarter": 20034,
            "year": 2003,
            "quarter": 4,
            "eps": null,
            "eps_growth_year": null,
            "eps_4q": null,
            "eps_4q_growth_year": null,
            "roe": null,
            "roe_4q": 0,
            "gross_profit": null,
            "gross_margin": null,
            "gross_margin_4q_avg": 0,
            "net_income": null,
            "revenue": null,
            "common_shares": null,
            "book_valuer_per_share": null,
            "book_valuer_per_share_4q_avg": 0,
            "equity": null,
            "current_ratio": null,
            "debt_ratio": null,
            "inventory_turnover_ratio": null,
            "account_receivable_turnover_ratio": null,
            "reinvestment_rate": null,
            "research_to_sale_ratio": null,
            "price_fair": 0,
            "eps_avg_yearly": 0,
            "eps_latest_yearly": 0,
            "eps_growth_yearly": 0
        },
        "20041": {
            "year_quarter": 20041,
            "year": 2004,
            "quarter": 1,
            "eps": null,
            "eps_growth_year": null,
            "eps_4q": null,
            "eps_4q_growth_year": null,
            "roe": null,
            "roe_4q": 0,
            "gross_profit": null,
            "gross_margin": null,
            "gross_margin_4q_avg": 0,
            "net_income": null,
            "revenue": null,
            "common_shares": null,
            "book_valuer_per_share": null,
            "book_valuer_per_share_4q_avg": 0,
            "equity": null,
            "current_ratio": null,
            "debt_ratio": null,
            "inventory_turnover_ratio": null,
            "account_receivable_turnover_ratio": null,
            "reinvestment_rate": null,
            "research_to_sale_ratio": null,
            "price_fair": 0,
            "eps_avg_yearly": 0,
            "eps_latest_yearly": 0,
            "eps_growth_yearly": 0
        },
        "20042": {
            "year_quarter": 20042,
            "year": 2004,
            "quarter": 2,
            "eps": null,
            "eps_growth_year": null,
            "eps_4q": null,
            "eps_4q_growth_year": null,
            "roe": null,
            "roe_4q": 0,
            "gross_profit": null,
            "gross_margin": null,
            "gross_margin_4q_avg": 0,
            "net_income": null,
            "revenue": null,
            "common_shares": null,
            "book_valuer_per_share": null,
            "book_valuer_per_share_4q_avg": 0,
            "equity": null,
            "current_ratio": null,
            "debt_ratio": null,
            "inventory_turnover_ratio": null,
            "account_receivable_turnover_ratio": null,
            "reinvestment_rate": null,
            "research_to_sale_ratio": null,
            "price_fair": 0,
            "eps_avg_yearly": 0,
            "eps_latest_yearly": 0,
            "eps_growth_yearly": 0
        },
        "20043": {
            "year_quarter": 20043,
            "year": 2004,
            "quarter": 3,
            "eps": null,
            "eps_growth_year": null,
            "eps_4q": null,
            "eps_4q_growth_year": null,
            "roe": null,
            "roe_4q": 0,
            "gross_profit": null,
            "gross_margin": null,
            "gross_margin_4q_avg": 0,
            "net_income": null,
            "revenue": null,
            "common_shares": null,
            "book_valuer_per_share": null,
            "book_valuer_per_share_4q_avg": 0,
            "equity": null,
            "current_ratio": null,
            "debt_ratio": null,
            "inventory_turnover_ratio": null,
            "account_receivable_turnover_ratio": null,
            "reinvestment_rate": null,
            "research_to_sale_ratio": null,
            "price_fair": 0,
            "eps_avg_yearly": 0,
            "eps_latest_yearly": 0,
            "eps_growth_yearly": 0
        },
        "20044": {
            "year_quarter": 20044,
            "year": 2004,
            "quarter": 4,
            "eps": null,
            "eps_growth_year": null,
            "eps_4q": null,
            "eps_4q_growth_year": null,
            "roe": null,
            "roe_4q": 0,
            "gross_profit": null,
            "gross_margin": null,
            "gross_margin_4q_avg": 0,
            "net_income": null,
            "revenue": null,
            "common_shares": null,
            "book_valuer_per_share": null,
            "book_valuer_per_share_4q_avg": 0,
            "equity": null,
            "current_ratio": null,
            "debt_ratio": null,
            "inventory_turnover_ratio": null,
            "account_receivable_turnover_ratio": null,
            "reinvestment_rate": null,
            "research_to_sale_ratio": null,
            "price_fair": 0,
            "eps_avg_yearly": 0,
            "eps_latest_yearly": 0,
            "eps_growth_yearly": 0
        },
        "20051": {
            "year_quarter": 20051,
            "year": 2005,
            "quarter": 1,
            "eps": null,
            "eps_growth_year": null,
            "eps_4q": null,
            "eps_4q_growth_year": null,
            "roe": null,
            "roe_4q": 0,
            "gross_profit": null,
            "gross_margin": null,
            "gross_margin_4q_avg": 0,
            "net_income": null,
            "revenue": null,
            "common_shares": null,
            "book_valuer_per_share": null,
            "book_valuer_per_share_4q_avg": 0,
            "equity": null,
            "current_ratio": null,
            "debt_ratio": null,
            "inventory_turnover_ratio": null,
            "account_receivable_turnover_ratio": null,
            "reinvestment_rate": null,
            "research_to_sale_ratio": null,
            "price_fair": 0,
            "eps_avg_yearly": 0,
            "eps_latest_yearly": 0,
            "eps_growth_yearly": 0
        },
        "20052": {
            "year_quarter": 20052,
            "year": 2005,
            "quarter": 2,
            "eps": null,
            "eps_growth_year": null,
            "eps_4q": null,
            "eps_4q_growth_year": null,
            "roe": null,
            "roe_4q": 0,
            "gross_profit": null,
            "gross_margin": null,
            "gross_margin_4q_avg": 0,
            "net_income": null,
            "revenue": null,
            "common_shares": null,
            "book_valuer_per_share": null,
            "book_valuer_per_share_4q_avg": 0,
            "equity": null,
            "current_ratio": null,
            "debt_ratio": null,
            "inventory_turnover_ratio": null,
            "account_receivable_turnover_ratio": null,
            "reinvestment_rate": null,
            "research_to_sale_ratio": null,
            "price_fair": 0,
            "eps_avg_yearly": 0,
            "eps_latest_yearly": 0,
            "eps_growth_yearly": 0
        },
        "20053": {
            "year_quarter": 20053,
            "year": 2005,
            "quarter": 3,
            "eps": null,
            "eps_growth_year": null,
            "eps_4q": null,
            "eps_4q_growth_year": null,
            "roe": null,
            "roe_4q": 0,
            "gross_profit": null,
            "gross_margin": null,
            "gross_margin_4q_avg": 0,
            "net_income": null,
            "revenue": null,
            "common_shares": null,
            "book_valuer_per_share": null,
            "book_valuer_per_share_4q_avg": 0,
            "equity": null,
            "current_ratio": null,
            "debt_ratio": null,
            "inventory_turnover_ratio": null,
            "account_receivable_turnover_ratio": null,
            "reinvestment_rate": null,
            "research_to_sale_ratio": null,
            "price_fair": 0,
            "eps_avg_yearly": 0,
            "eps_latest_yearly": 0,
            "eps_growth_yearly": 0
        },
        "20054": {
            "year_quarter": 20054,
            "year": 2005,
            "quarter": 4,
            "eps": null,
            "eps_growth_year": null,
            "eps_4q": null,
            "eps_4q_growth_year": null,
            "roe": null,
            "roe_4q": 0,
            "gross_profit": null,
            "gross_margin": null,
            "gross_margin_4q_avg": 0,
            "net_income": null,
            "revenue": null,
            "common_shares": null,
            "book_valuer_per_share": null,
            "book_valuer_per_share_4q_avg": 0,
            "equity": null,
            "current_ratio": null,
            "debt_ratio": null,
            "inventory_turnover_ratio": null,
            "account_receivable_turnover_ratio": null,
            "reinvestment_rate": null,
            "research_to_sale_ratio": null,
            "price_fair": 0,
            "eps_avg_yearly": 0,
            "eps_latest_yearly": 0,
            "eps_growth_yearly": 0
        },
        "20061": {
            "year_quarter": 20061,
            "year": 2006,
            "quarter": 1,
            "eps": null,
            "eps_growth_year": null,
            "eps_4q": null,
            "eps_4q_growth_year": null,
            "roe": null,
            "roe_4q": 0,
            "gross_profit": null,
            "gross_margin": null,
            "gross_margin_4q_avg": 0,
            "net_income": null,
            "revenue": null,
            "common_shares": null,
            "book_valuer_per_share": null,
            "book_valuer_per_share_4q_avg": 0,
            "equity": null,
            "current_ratio": null,
            "debt_ratio": null,
            "inventory_turnover_ratio": null,
            "account_receivable_turnover_ratio": null,
            "reinvestment_rate": null,
            "research_to_sale_ratio": null,
            "price_fair": 0,
            "eps_avg_yearly": 0,
            "eps_latest_yearly": 0,
            "eps_growth_yearly": 0
        },
        "20062": {
            "year_quarter": 20062,
            "year": 2006,
            "quarter": 2,
            "eps": null,
            "eps_growth_year": null,
            "eps_4q": null,
            "eps_4q_growth_year": null,
            "roe": null,
            "roe_4q": 0,
            "gross_profit": null,
            "gross_margin": null,
            "gross_margin_4q_avg": 0,
            "net_income": null,
            "revenue": null,
            "common_shares": null,
            "book_valuer_per_share": null,
            "book_valuer_per_share_4q_avg": 0,
            "equity": null,
            "current_ratio": null,
            "debt_ratio": null,
            "inventory_turnover_ratio": null,
            "account_receivable_turnover_ratio": null,
            "reinvestment_rate": null,
            "research_to_sale_ratio": null,
            "price_fair": 0,
            "eps_avg_yearly": 0,
            "eps_latest_yearly": 0,
            "eps_growth_yearly": 0
        },
        "20063": {
            "year_quarter": 20063,
            "year": 2006,
            "quarter": 3,
            "eps": null,
            "eps_growth_year": null,
            "eps_4q": null,
            "eps_4q_growth_year": null,
            "roe": null,
            "roe_4q": 0,
            "gross_profit": null,
            "gross_margin": null,
            "gross_margin_4q_avg": 0,
            "net_income": null,
            "revenue": null,
            "common_shares": null,
            "book_valuer_per_share": null,
            "book_valuer_per_share_4q_avg": 0,
            "equity": null,
            "current_ratio": null,
            "debt_ratio": null,
            "inventory_turnover_ratio": null,
            "account_receivable_turnover_ratio": null,
            "reinvestment_rate": null,
            "research_to_sale_ratio": null,
            "price_fair": 0,
            "eps_avg_yearly": 0,
            "eps_latest_yearly": 0,
            "eps_growth_yearly": 0
        },
        "20064": {
            "year_quarter": 20064,
            "year": 2006,
            "quarter": 4,
            "eps": null,
            "eps_growth_year": null,
            "eps_4q": null,
            "eps_4q_growth_year": null,
            "roe": null,
            "roe_4q": 0,
            "gross_profit": null,
            "gross_margin": null,
            "gross_margin_4q_avg": 0,
            "net_income": null,
            "revenue": null,
            "common_shares": null,
            "book_valuer_per_share": null,
            "book_valuer_per_share_4q_avg": 0,
            "equity": null,
            "current_ratio": null,
            "debt_ratio": null,
            "inventory_turnover_ratio": null,
            "account_receivable_turnover_ratio": null,
            "reinvestment_rate": null,
            "research_to_sale_ratio": null,
            "price_fair": 0,
            "eps_avg_yearly": 0,
            "eps_latest_yearly": 0,
            "eps_growth_yearly": 0
        },
        "20071": {
            "year_quarter": 20071,
            "year": 2007,
            "quarter": 1,
            "eps": null,
            "eps_growth_year": null,
            "eps_4q": null,
            "eps_4q_growth_year": null,
            "roe": null,
            "roe_4q": 0,
            "gross_profit": null,
            "gross_margin": null,
            "gross_margin_4q_avg": 0,
            "net_income": null,
            "revenue": null,
            "common_shares": null,
            "book_valuer_per_share": null,
            "book_valuer_per_share_4q_avg": 0,
            "equity": null,
            "current_ratio": null,
            "debt_ratio": null,
            "inventory_turnover_ratio": null,
            "account_receivable_turnover_ratio": null,
            "reinvestment_rate": null,
            "research_to_sale_ratio": null,
            "price_fair": 0,
            "eps_avg_yearly": 0,
            "eps_latest_yearly": 0,
            "eps_growth_yearly": 0
        },
        "20072": {
            "year_quarter": 20072,
            "year": 2007,
            "quarter": 2,
            "eps": null,
            "eps_growth_year": null,
            "eps_4q": null,
            "eps_4q_growth_year": null,
            "roe": null,
            "roe_4q": 0,
            "gross_profit": null,
            "gross_margin": null,
            "gross_margin_4q_avg": 0,
            "net_income": null,
            "revenue": null,
            "common_shares": null,
            "book_valuer_per_share": null,
            "book_valuer_per_share_4q_avg": 0,
            "equity": null,
            "current_ratio": null,
            "debt_ratio": null,
            "inventory_turnover_ratio": null,
            "account_receivable_turnover_ratio": null,
            "reinvestment_rate": null,
            "research_to_sale_ratio": null,
            "price_fair": 0,
            "eps_avg_yearly": 0,
            "eps_latest_yearly": 0,
            "eps_growth_yearly": 0
        },
        "20073": {
            "year_quarter": 20073,
            "year": 2007,
            "quarter": 3,
            "eps": null,
            "eps_growth_year": null,
            "eps_4q": null,
            "eps_4q_growth_year": null,
            "roe": null,
            "roe_4q": 0,
            "gross_profit": null,
            "gross_margin": null,
            "gross_margin_4q_avg": 0,
            "net_income": null,
            "revenue": null,
            "common_shares": null,
            "book_valuer_per_share": null,
            "book_valuer_per_share_4q_avg": 0,
            "equity": null,
            "current_ratio": null,
            "debt_ratio": null,
            "inventory_turnover_ratio": null,
            "account_receivable_turnover_ratio": null,
            "reinvestment_rate": null,
            "research_to_sale_ratio": null,
            "price_fair": 0,
            "eps_avg_yearly": 0,
            "eps_latest_yearly": 0,
            "eps_growth_yearly": 0
        },
        "20074": {
            "year_quarter": 20074,
            "year": 2007,
            "quarter": 4,
            "eps": null,
            "eps_growth_year": null,
            "eps_4q": null,
            "eps_4q_growth_year": null,
            "roe": null,
            "roe_4q": 0,
            "gross_profit": null,
            "gross_margin": null,
            "gross_margin_4q_avg": 0,
            "net_income": null,
            "revenue": null,
            "common_shares": null,
            "book_valuer_per_share": null,
            "book_valuer_per_share_4q_avg": 0,
            "equity": null,
            "current_ratio": null,
            "debt_ratio": null,
            "inventory_turnover_ratio": null,
            "account_receivable_turnover_ratio": null,
            "reinvestment_rate": null,
            "research_to_sale_ratio": null,
            "price_fair": 0,
            "eps_avg_yearly": 0,
            "eps_latest_yearly": 0,
            "eps_growth_yearly": 0
        },
        "20081": {
            "year_quarter": 20081,
            "year": 2008,
            "quarter": 1,
            "eps": null,
            "eps_growth_year": null,
            "eps_4q": null,
            "eps_4q_growth_year": null,
            "roe": null,
            "roe_4q": 0,
            "gross_profit": null,
            "gross_margin": null,
            "gross_margin_4q_avg": 0,
            "net_income": null,
            "revenue": null,
            "common_shares": null,
            "book_valuer_per_share": null,
            "book_valuer_per_share_4q_avg": 0,
            "equity": null,
            "current_ratio": null,
            "debt_ratio": null,
            "inventory_turnover_ratio": null,
            "account_receivable_turnover_ratio": null,
            "reinvestment_rate": null,
            "research_to_sale_ratio": null,
            "price_fair": 0,
            "eps_avg_yearly": 0,
            "eps_latest_yearly": 0,
            "eps_growth_yearly": 0
        },
        "20082": {
            "year_quarter": 20082,
            "year": 2008,
            "quarter": 2,
            "eps": null,
            "eps_growth_year": null,
            "eps_4q": null,
            "eps_4q_growth_year": null,
            "roe": null,
            "roe_4q": 0,
            "gross_profit": null,
            "gross_margin": null,
            "gross_margin_4q_avg": 0,
            "net_income": null,
            "revenue": null,
            "common_shares": null,
            "book_valuer_per_share": null,
            "book_valuer_per_share_4q_avg": 0,
            "equity": null,
            "current_ratio": null,
            "debt_ratio": null,
            "inventory_turnover_ratio": null,
            "account_receivable_turnover_ratio": null,
            "reinvestment_rate": null,
            "research_to_sale_ratio": null,
            "price_fair": 0,
            "eps_avg_yearly": 0,
            "eps_latest_yearly": 0,
            "eps_growth_yearly": 0
        },
        "20083": {
            "year_quarter": 20083,
            "year": 2008,
            "quarter": 3,
            "eps": null,
            "eps_growth_year": null,
            "eps_4q": null,
            "eps_4q_growth_year": null,
            "roe": null,
            "roe_4q": 0,
            "gross_profit": null,
            "gross_margin": null,
            "gross_margin_4q_avg": 0,
            "net_income": null,
            "revenue": null,
            "common_shares": null,
            "book_valuer_per_share": null,
            "book_valuer_per_share_4q_avg": 0,
            "equity": null,
            "current_ratio": null,
            "debt_ratio": null,
            "inventory_turnover_ratio": null,
            "account_receivable_turnover_ratio": null,
            "reinvestment_rate": null,
            "research_to_sale_ratio": null,
            "price_fair": 0,
            "eps_avg_yearly": 0,
            "eps_latest_yearly": 0,
            "eps_growth_yearly": 0
        },
        "20084": {
            "year_quarter": 20084,
            "year": 2008,
            "quarter": 4,
            "eps": null,
            "eps_growth_year": null,
            "eps_4q": null,
            "eps_4q_growth_year": null,
            "roe": null,
            "roe_4q": 0,
            "gross_profit": null,
            "gross_margin": null,
            "gross_margin_4q_avg": 0,
            "net_income": null,
            "revenue": null,
            "common_shares": null,
            "book_valuer_per_share": null,
            "book_valuer_per_share_4q_avg": 0,
            "equity": null,
            "current_ratio": null,
            "debt_ratio": null,
            "inventory_turnover_ratio": null,
            "account_receivable_turnover_ratio": null,
            "reinvestment_rate": null,
            "research_to_sale_ratio": null,
            "price_fair": 0,
            "eps_avg_yearly": 0,
            "eps_latest_yearly": 0,
            "eps_growth_yearly": 0
        },
        "20091": {
            "year_quarter": 20091,
            "year": 2009,
            "quarter": 1,
            "eps": null,
            "eps_growth_year": null,
            "eps_4q": null,
            "eps_4q_growth_year": null,
            "roe": null,
            "roe_4q": 0,
            "gross_profit": null,
            "gross_margin": null,
            "gross_margin_4q_avg": 0,
            "net_income": null,
            "revenue": null,
            "common_shares": null,
            "book_valuer_per_share": null,
            "book_valuer_per_share_4q_avg": 0,
            "equity": null,
            "current_ratio": null,
            "debt_ratio": null,
            "inventory_turnover_ratio": null,
            "account_receivable_turnover_ratio": null,
            "reinvestment_rate": null,
            "research_to_sale_ratio": null,
            "price_fair": 0,
            "eps_avg_yearly": 0,
            "eps_latest_yearly": 0,
            "eps_growth_yearly": 0
        },
        "20092": {
            "year_quarter": 20092,
            "year": 2009,
            "quarter": 2,
            "eps": null,
            "eps_growth_year": null,
            "eps_4q": null,
            "eps_4q_growth_year": null,
            "roe": null,
            "roe_4q": 0,
            "gross_profit": null,
            "gross_margin": null,
            "gross_margin_4q_avg": 0,
            "net_income": null,
            "revenue": null,
            "common_shares": null,
            "book_valuer_per_share": null,
            "book_valuer_per_share_4q_avg": 0,
            "equity": null,
            "current_ratio": null,
            "debt_ratio": null,
            "inventory_turnover_ratio": null,
            "account_receivable_turnover_ratio": null,
            "reinvestment_rate": null,
            "research_to_sale_ratio": null,
            "price_fair": 0,
            "eps_avg_yearly": 0,
            "eps_latest_yearly": 0,
            "eps_growth_yearly": 0
        },
        "20093": {
            "year_quarter": 20093,
            "year": 2009,
            "quarter": 3,
            "eps": null,
            "eps_growth_year": null,
            "eps_4q": null,
            "eps_4q_growth_year": null,
            "roe": null,
            "roe_4q": 0,
            "gross_profit": null,
            "gross_margin": null,
            "gross_margin_4q_avg": 0,
            "net_income": null,
            "revenue": null,
            "common_shares": null,
            "book_valuer_per_share": null,
            "book_valuer_per_share_4q_avg": 0,
            "equity": null,
            "current_ratio": null,
            "debt_ratio": null,
            "inventory_turnover_ratio": null,
            "account_receivable_turnover_ratio": null,
            "reinvestment_rate": null,
            "research_to_sale_ratio": null,
            "price_fair": 0,
            "eps_avg_yearly": 0,
            "eps_latest_yearly": 0,
            "eps_growth_yearly": 0
        },
        "20094": {
            "year_quarter": 20094,
            "year": 2009,
            "quarter": 4,
            "eps": null,
            "eps_growth_year": null,
            "eps_4q": null,
            "eps_4q_growth_year": null,
            "roe": null,
            "roe_4q": 0,
            "gross_profit": null,
            "gross_margin": null,
            "gross_margin_4q_avg": 0,
            "net_income": null,
            "revenue": null,
            "common_shares": null,
            "book_valuer_per_share": null,
            "book_valuer_per_share_4q_avg": 0,
            "equity": null,
            "current_ratio": null,
            "debt_ratio": null,
            "inventory_turnover_ratio": null,
            "account_receivable_turnover_ratio": null,
            "reinvestment_rate": null,
            "research_to_sale_ratio": null,
            "price_fair": 0,
            "eps_avg_yearly": 0,
            "eps_latest_yearly": 0,
            "eps_growth_yearly": 0
        },
        "20101": {
            "year_quarter": 20101,
            "year": 2010,
            "quarter": 1,
            "eps": null,
            "eps_growth_year": null,
            "eps_4q": null,
            "eps_4q_growth_year": null,
            "roe": null,
            "roe_4q": 0,
            "gross_profit": null,
            "gross_margin": null,
            "gross_margin_4q_avg": 0,
            "net_income": null,
            "revenue": null,
            "common_shares": null,
            "book_valuer_per_share": null,
            "book_valuer_per_share_4q_avg": 0,
            "equity": null,
            "current_ratio": null,
            "debt_ratio": null,
            "inventory_turnover_ratio": null,
            "account_receivable_turnover_ratio": null,
            "reinvestment_rate": null,
            "research_to_sale_ratio": null,
            "price_fair": 0,
            "eps_avg_yearly": 0,
            "eps_latest_yearly": 0,
            "eps_growth_yearly": 0
        },
        "20102": {
            "year_quarter": 20102,
            "year": 2010,
            "quarter": 2,
            "eps": null,
            "eps_growth_year": null,
            "eps_4q": null,
            "eps_4q_growth_year": null,
            "roe": null,
            "roe_4q": 0,
            "gross_profit": null,
            "gross_margin": null,
            "gross_margin_4q_avg": 0,
            "net_income": null,
            "revenue": null,
            "common_shares": null,
            "book_valuer_per_share": null,
            "book_valuer_per_share_4q_avg": 0,
            "equity": null,
            "current_ratio": null,
            "debt_ratio": null,
            "inventory_turnover_ratio": null,
            "account_receivable_turnover_ratio": null,
            "reinvestment_rate": null,
            "research_to_sale_ratio": null,
            "price_fair": 0,
            "eps_avg_yearly": 0,
            "eps_latest_yearly": 0,
            "eps_growth_yearly": 0
        },
        "20103": {
            "year_quarter": 20103,
            "year": 2010,
            "quarter": 3,
            "eps": null,
            "eps_growth_year": null,
            "eps_4q": null,
            "eps_4q_growth_year": null,
            "roe": null,
            "roe_4q": 0,
            "gross_profit": null,
            "gross_margin": null,
            "gross_margin_4q_avg": 0,
            "net_income": null,
            "revenue": null,
            "common_shares": null,
            "book_valuer_per_share": null,
            "book_valuer_per_share_4q_avg": 0,
            "equity": null,
            "current_ratio": null,
            "debt_ratio": null,
            "inventory_turnover_ratio": null,
            "account_receivable_turnover_ratio": null,
            "reinvestment_rate": null,
            "research_to_sale_ratio": null,
            "price_fair": 0,
            "eps_avg_yearly": 0,
            "eps_latest_yearly": 0,
            "eps_growth_yearly": 0
        },
        "20104": {
            "year_quarter": 20104,
            "year": 2010,
            "quarter": 4,
            "eps": null,
            "eps_growth_year": null,
            "eps_4q": null,
            "eps_4q_growth_year": null,
            "roe": null,
            "roe_4q": 0,
            "gross_profit": null,
            "gross_margin": null,
            "gross_margin_4q_avg": 0,
            "net_income": null,
            "revenue": null,
            "common_shares": null,
            "book_valuer_per_share": null,
            "book_valuer_per_share_4q_avg": 0,
            "equity": null,
            "current_ratio": null,
            "debt_ratio": null,
            "inventory_turnover_ratio": null,
            "account_receivable_turnover_ratio": null,
            "reinvestment_rate": null,
            "research_to_sale_ratio": null,
            "price_fair": 0,
            "eps_avg_yearly": 0,
            "eps_latest_yearly": 0,
            "eps_growth_yearly": 0
        },
        "20111": {
            "year_quarter": 20111,
            "year": 2011,
            "quarter": 1,
            "eps": null,
            "eps_growth_year": null,
            "eps_4q": null,
            "eps_4q_growth_year": null,
            "roe": null,
            "roe_4q": 0,
            "gross_profit": null,
            "gross_margin": null,
            "gross_margin_4q_avg": 0,
            "net_income": null,
            "revenue": null,
            "common_shares": null,
            "book_valuer_per_share": null,
            "book_valuer_per_share_4q_avg": 0,
            "equity": null,
            "current_ratio": null,
            "debt_ratio": null,
            "inventory_turnover_ratio": null,
            "account_receivable_turnover_ratio": null,
            "reinvestment_rate": null,
            "research_to_sale_ratio": null,
            "price_fair": 0,
            "eps_avg_yearly": 0,
            "eps_latest_yearly": 0,
            "eps_growth_yearly": 0
        },
        "20112": {
            "year_quarter": 20112,
            "year": 2011,
            "quarter": 2,
            "eps": null,
            "eps_growth_year": null,
            "eps_4q": null,
            "eps_4q_growth_year": null,
            "roe": null,
            "roe_4q": 0,
            "gross_profit": null,
            "gross_margin": null,
            "gross_margin_4q_avg": 0,
            "net_income": null,
            "revenue": null,
            "common_shares": null,
            "book_valuer_per_share": null,
            "book_valuer_per_share_4q_avg": 0,
            "equity": null,
            "current_ratio": null,
            "debt_ratio": null,
            "inventory_turnover_ratio": null,
            "account_receivable_turnover_ratio": null,
            "reinvestment_rate": null,
            "research_to_sale_ratio": null,
            "price_fair": 0,
            "eps_avg_yearly": 0,
            "eps_latest_yearly": 0,
            "eps_growth_yearly": 0
        },
        "20113": {
            "year_quarter": 20113,
            "year": 2011,
            "quarter": 3,
            "eps": null,
            "eps_growth_year": null,
            "eps_4q": null,
            "eps_4q_growth_year": null,
            "roe": null,
            "roe_4q": 0,
            "gross_profit": null,
            "gross_margin": null,
            "gross_margin_4q_avg": 0,
            "net_income": null,
            "revenue": null,
            "common_shares": null,
            "book_valuer_per_share": null,
            "book_valuer_per_share_4q_avg": 0,
            "equity": null,
            "current_ratio": null,
            "debt_ratio": null,
            "inventory_turnover_ratio": null,
            "account_receivable_turnover_ratio": null,
            "reinvestment_rate": null,
            "research_to_sale_ratio": null,
            "price_fair": 0,
            "eps_avg_yearly": 0,
            "eps_latest_yearly": 0,
            "eps_growth_yearly": 0
        },
        "20114": {
            "year_quarter": 20114,
            "year": 2011,
            "quarter": 4,
            "eps": null,
            "eps_growth_year": null,
            "eps_4q": null,
            "eps_4q_growth_year": null,
            "roe": null,
            "roe_4q": 0,
            "gross_profit": null,
            "gross_margin": null,
            "gross_margin_4q_avg": 0,
            "net_income": null,
            "revenue": null,
            "common_shares": 498000,
            "book_valuer_per_share": 24.73,
            "book_valuer_per_share_4q_avg": 6.18,
            "equity": 1231520,
            "current_ratio": 83.17,
            "debt_ratio": 25.37,
            "inventory_turnover_ratio": null,
            "account_receivable_turnover_ratio": null,
            "reinvestment_rate": null,
            "research_to_sale_ratio": null,
            "price_fair": 0,
            "eps_avg_yearly": 0,
            "eps_latest_yearly": 0,
            "eps_growth_yearly": 0
        },
        "20121": {
            "year_quarter": 20121,
            "year": 2012,
            "quarter": 1,
            "eps": null,
            "eps_growth_year": null,
            "eps_4q": null,
            "eps_4q_growth_year": null,
            "roe": null,
            "roe_4q": 0,
            "gross_profit": null,
            "gross_margin": null,
            "gross_margin_4q_avg": 0,
            "net_income": null,
            "revenue": null,
            "common_shares": null,
            "book_valuer_per_share": null,
            "book_valuer_per_share_4q_avg": 6.18,
            "equity": null,
            "current_ratio": null,
            "debt_ratio": null,
            "inventory_turnover_ratio": null,
            "account_receivable_turnover_ratio": null,
            "reinvestment_rate": null,
            "research_to_sale_ratio": null,
            "price_fair": 0,
            "eps_avg_yearly": 0,
            "eps_latest_yearly": 0,
            "eps_growth_yearly": 0
        },
        "20122": {
            "year_quarter": 20122,
            "year": 2012,
            "quarter": 2,
            "eps": null,
            "eps_growth_year": null,
            "eps_4q": null,
            "eps_4q_growth_year": null,
            "roe": null,
            "roe_4q": 0,
            "gross_profit": null,
            "gross_margin": null,
            "gross_margin_4q_avg": 0,
            "net_income": null,
            "revenue": null,
            "common_shares": null,
            "book_valuer_per_share": null,
            "book_valuer_per_share_4q_avg": 6.18,
            "equity": null,
            "current_ratio": null,
            "debt_ratio": null,
            "inventory_turnover_ratio": null,
            "account_receivable_turnover_ratio": null,
            "reinvestment_rate": null,
            "research_to_sale_ratio": null,
            "price_fair": 0,
            "eps_avg_yearly": 0,
            "eps_latest_yearly": 0,
            "eps_growth_yearly": 0
        },
        "20123": {
            "year_quarter": 20123,
            "year": 2012,
            "quarter": 3,
            "eps": null,
            "eps_growth_year": null,
            "eps_4q": null,
            "eps_4q_growth_year": null,
            "roe": null,
            "roe_4q": 0,
            "gross_profit": null,
            "gross_margin": null,
            "gross_margin_4q_avg": 0,
            "net_income": null,
            "revenue": null,
            "common_shares": null,
            "book_valuer_per_share": null,
            "book_valuer_per_share_4q_avg": 6.18,
            "equity": null,
            "current_ratio": null,
            "debt_ratio": null,
            "inventory_turnover_ratio": null,
            "account_receivable_turnover_ratio": null,
            "reinvestment_rate": null,
            "research_to_sale_ratio": null,
            "price_fair": 0,
            "eps_avg_yearly": 0,
            "eps_latest_yearly": 0,
            "eps_growth_yearly": 0
        },
        "20124": {
            "year_quarter": 20124,
            "year": 2012,
            "quarter": 4,
            "eps": null,
            "eps_growth_year": null,
            "eps_4q": null,
            "eps_4q_growth_year": null,
            "roe": null,
            "roe_4q": 0,
            "gross_profit": null,
            "gross_margin": null,
            "gross_margin_4q_avg": 0,
            "net_income": null,
            "revenue": null,
            "common_shares": 538000,
            "book_valuer_per_share": 30.56,
            "book_valuer_per_share_4q_avg": 7.64,
            "equity": 1644009,
            "current_ratio": 278.86,
            "debt_ratio": 24.82,
            "inventory_turnover_ratio": null,
            "account_receivable_turnover_ratio": null,
            "reinvestment_rate": null,
            "research_to_sale_ratio": null,
            "price_fair": 0,
            "eps_avg_yearly": 0,
            "eps_latest_yearly": 0,
            "eps_growth_yearly": 0
        },
        "20131": {
            "year_quarter": 20131,
            "year": 2013,
            "quarter": 1,
            "eps": null,
            "eps_growth_year": null,
            "eps_4q": null,
            "eps_4q_growth_year": null,
            "roe": null,
            "roe_4q": 0,
            "gross_profit": null,
            "gross_margin": null,
            "gross_margin_4q_avg": 0,
            "net_income": null,
            "revenue": null,
            "common_shares": null,
            "book_valuer_per_share": null,
            "book_valuer_per_share_4q_avg": 7.64,
            "equity": null,
            "current_ratio": null,
            "debt_ratio": null,
            "inventory_turnover_ratio": null,
            "account_receivable_turnover_ratio": null,
            "reinvestment_rate": null,
            "research_to_sale_ratio": null,
            "price_fair": 0,
            "eps_avg_yearly": 0,
            "eps_latest_yearly": 0,
            "eps_growth_yearly": 0
        },
        "20132": {
            "year_quarter": 20132,
            "year": 2013,
            "quarter": 2,
            "eps": null,
            "eps_growth_year": null,
            "eps_4q": null,
            "eps_4q_growth_year": null,
            "roe": null,
            "roe_4q": 0,
            "gross_profit": null,
            "gross_margin": null,
            "gross_margin_4q_avg": 0,
            "net_income": null,
            "revenue": null,
            "common_shares": null,
            "book_valuer_per_share": null,
            "book_valuer_per_share_4q_avg": 7.64,
            "equity": null,
            "current_ratio": null,
            "debt_ratio": null,
            "inventory_turnover_ratio": null,
            "account_receivable_turnover_ratio": null,
            "reinvestment_rate": null,
            "research_to_sale_ratio": null,
            "price_fair": 0,
            "eps_avg_yearly": 0,
            "eps_latest_yearly": 0,
            "eps_growth_yearly": 0
        },
        "20133": {
            "year_quarter": 20133,
            "year": 2013,
            "quarter": 3,
            "eps": null,
            "eps_growth_year": null,
            "eps_4q": null,
            "eps_4q_growth_year": null,
            "roe": null,
            "roe_4q": 0,
            "gross_profit": null,
            "gross_margin": null,
            "gross_margin_4q_avg": 0,
            "net_income": null,
            "revenue": null,
            "common_shares": null,
            "book_valuer_per_share": null,
            "book_valuer_per_share_4q_avg": 7.64,
            "equity": null,
            "current_ratio": null,
            "debt_ratio": null,
            "inventory_turnover_ratio": null,
            "account_receivable_turnover_ratio": null,
            "reinvestment_rate": null,
            "research_to_sale_ratio": null,
            "price_fair": 0,
            "eps_avg_yearly": 0,
            "eps_latest_yearly": 0,
            "eps_growth_yearly": 0
        },
        "20134": {
            "year_quarter": 20134,
            "year": 2013,
            "quarter": 4,
            "eps": null,
            "eps_growth_year": null,
            "eps_4q": null,
            "eps_4q_growth_year": null,
            "roe": null,
            "roe_4q": 0,
            "gross_profit": null,
            "gross_margin": null,
            "gross_margin_4q_avg": 0,
            "net_income": null,
            "revenue": null,
            "common_shares": 608000,
            "book_valuer_per_share": 35.16,
            "book_valuer_per_share_4q_avg": 8.79,
            "equity": 2137588,
            "current_ratio": 424,
            "debt_ratio": 16.44,
            "inventory_turnover_ratio": null,
            "account_receivable_turnover_ratio": null,
            "reinvestment_rate": null,
            "research_to_sale_ratio": null,
            "price_fair": 0,
            "eps_avg_yearly": 0,
            "eps_latest_yearly": 0,
            "eps_growth_yearly": 0
        },
        "20141": {
            "year_quarter": 20141,
            "year": 2014,
            "quarter": 1,
            "eps": null,
            "eps_growth_year": null,
            "eps_4q": null,
            "eps_4q_growth_year": null,
            "roe": null,
            "roe_4q": 0,
            "gross_profit": 117535,
            "gross_margin": null,
            "gross_margin_4q_avg": 0,
            "net_income": 43145,
            "revenue": 218059,
            "common_shares": 608000,
            "book_valuer_per_share": 35.9,
            "book_valuer_per_share_4q_avg": 17.77,
            "equity": 2183006,
            "current_ratio": 443.19,
            "debt_ratio": 15.6,
            "inventory_turnover_ratio": null,
            "account_receivable_turnover_ratio": null,
            "reinvestment_rate": null,
            "research_to_sale_ratio": null,
            "price_fair": 0,
            "eps_avg_yearly": 0,
            "eps_latest_yearly": 0,
            "eps_growth_yearly": 0
        },
        "20142": {
            "year_quarter": 20142,
            "year": 2014,
            "quarter": 2,
            "eps": null,
            "eps_growth_year": null,
            "eps_4q": null,
            "eps_4q_growth_year": null,
            "roe": null,
            "roe_4q": 0,
            "gross_profit": 208438,
            "gross_margin": null,
            "gross_margin_4q_avg": 0,
            "net_income": 109133,
            "revenue": 368160,
            "common_shares": 608000,
            "book_valuer_per_share": 34.92,
            "book_valuer_per_share_4q_avg": 26.5,
            "equity": 2123136,
            "current_ratio": 259.32,
            "debt_ratio": 23.22,
            "inventory_turnover_ratio": null,
            "account_receivable_turnover_ratio": null,
            "reinvestment_rate": null,
            "research_to_sale_ratio": null,
            "price_fair": 0,
            "eps_avg_yearly": 0,
            "eps_latest_yearly": 0,
            "eps_growth_yearly": 0
        },
        "20143": {
            "year_quarter": 20143,
            "year": 2014,
            "quarter": 3,
            "eps": null,
            "eps_growth_year": null,
            "eps_4q": null,
            "eps_4q_growth_year": null,
            "roe": null,
            "roe_4q": 0,
            "gross_profit": 196616,
            "gross_margin": null,
            "gross_margin_4q_avg": 0,
            "net_income": 102211,
            "revenue": 454445,
            "common_shares": 608000,
            "book_valuer_per_share": 37.01,
            "book_valuer_per_share_4q_avg": 35.75,
            "equity": 2250310,
            "current_ratio": 233.15,
            "debt_ratio": 23.85,
            "inventory_turnover_ratio": null,
            "account_receivable_turnover_ratio": null,
            "reinvestment_rate": null,
            "research_to_sale_ratio": null,
            "price_fair": 0,
            "eps_avg_yearly": 0,
            "eps_latest_yearly": 0,
            "eps_growth_yearly": 0
        },
        "20144": {
            "year_quarter": 20144,
            "year": 2014,
            "quarter": 4,
            "eps": null,
            "eps_growth_year": null,
            "eps_4q": null,
            "eps_4q_growth_year": null,
            "roe": null,
            "roe_4q": 0,
            "gross_profit": 148611,
            "gross_margin": null,
            "gross_margin_4q_avg": 0,
            "net_income": 69079,
            "revenue": 295437,
            "common_shares": 608000,
            "book_valuer_per_share": 38.69,
            "book_valuer_per_share_4q_avg": 36.63,
            "equity": 2352375,
            "current_ratio": 242.8,
            "debt_ratio": 23.04,
            "inventory_turnover_ratio": null,
            "account_receivable_turnover_ratio": null,
            "reinvestment_rate": null,
            "research_to_sale_ratio": null,
            "price_fair": 0,
            "eps_avg_yearly": 0,
            "eps_latest_yearly": 0,
            "eps_growth_yearly": 0
        },
        "20151": {
            "year_quarter": 20151,
            "year": 2015,
            "quarter": 1,
            "eps": 0.64,
            "eps_growth_year": null,
            "eps_4q": 0.64,
            "eps_4q_growth_year": null,
            "roe": 1.65,
            "roe_4q": 1.65,
            "gross_profit": 136457,
            "gross_margin": 50.39,
            "gross_margin_4q_avg": 12.6,
            "net_income": 39108,
            "revenue": 270815,
            "common_shares": 608000,
            "book_valuer_per_share": 39.1,
            "book_valuer_per_share_4q_avg": 37.43,
            "equity": 2377275,
            "current_ratio": 246.23,
            "debt_ratio": 25.94,
            "inventory_turnover_ratio": 0.22,
            "account_receivable_turnover_ratio": 1.12,
            "reinvestment_rate": null,
            "research_to_sale_ratio": 2.95,
            "price_fair": 0,
            "eps_avg_yearly": 0,
            "eps_latest_yearly": 0,
            "eps_growth_yearly": 0
        },
        "20152": {
            "year_quarter": 20152,
            "year": 2015,
            "quarter": 2,
            "eps": 1.54,
            "eps_growth_year": null,
            "eps_4q": 2.19,
            "eps_4q_growth_year": null,
            "roe": 4.07,
            "roe_4q": 5.720000000000001,
            "gross_profit": 203143,
            "gross_margin": 51.66,
            "gross_margin_4q_avg": 25.51,
            "net_income": 93921,
            "revenue": 393201,
            "common_shares": 608000,
            "book_valuer_per_share": 36.85,
            "book_valuer_per_share_4q_avg": 37.91,
            "equity": 2240737,
            "current_ratio": 171.32,
            "debt_ratio": 33.39,
            "inventory_turnover_ratio": 0.3,
            "account_receivable_turnover_ratio": 1.3,
            "reinvestment_rate": null,
            "research_to_sale_ratio": 2.15,
            "price_fair": 215.6,
            "eps_avg_yearly": 6.16,
            "eps_latest_yearly": 6.16,
            "eps_growth_yearly": 562.5
        },
        "20153": {
            "year_quarter": 20153,
            "year": 2015,
            "quarter": 3,
            "eps": 1.6,
            "eps_growth_year": null,
            "eps_4q": 3.79,
            "eps_4q_growth_year": null,
            "roe": 4.21,
            "roe_4q": 9.930000000000001,
            "gross_profit": 188797,
            "gross_margin": 45.01,
            "gross_margin_4q_avg": 36.77,
            "net_income": 97577,
            "revenue": 419469,
            "common_shares": 608000,
            "book_valuer_per_share": 39.3,
            "book_valuer_per_share_4q_avg": 38.49,
            "equity": 2389512,
            "current_ratio": 181.59,
            "debt_ratio": 31.54,
            "inventory_turnover_ratio": 0.36,
            "account_receivable_turnover_ratio": 1.06,
            "reinvestment_rate": null,
            "research_to_sale_ratio": 2.66,
            "price_fair": 219.8,
            "eps_avg_yearly": 6.28,
            "eps_latest_yearly": 6.4,
            "eps_growth_yearly": 289.04
        },
        "20154": {
            "year_quarter": 20154,
            "year": 2015,
            "quarter": 4,
            "eps": 0.15,
            "eps_growth_year": null,
            "eps_4q": 3.6,
            "eps_4q_growth_year": null,
            "roe": 0.39,
            "roe_4q": 10.32,
            "gross_profit": 107952,
            "gross_margin": 38.07,
            "gross_margin_4q_avg": 46.28,
            "net_income": 10009,
            "revenue": 283577,
            "common_shares": 668800,
            "book_valuer_per_share": 41.78,
            "book_valuer_per_share_4q_avg": 39.26,
            "equity": 2794133,
            "current_ratio": 273.61,
            "debt_ratio": 23.61,
            "inventory_turnover_ratio": 0.29,
            "account_receivable_turnover_ratio": 0.86,
            "reinvestment_rate": null,
            "research_to_sale_ratio": 3.73,
            "price_fair": 153.53,
            "eps_avg_yearly": 4.39,
            "eps_latest_yearly": 0.6,
            "eps_growth_yearly": 71.86
        },
        "20161": {
            "year_quarter": 20161,
            "year": 2016,
            "quarter": 1,
            "eps": 0.33,
            "eps_growth_year": -48.44,
            "eps_4q": 3.35,
            "eps_4q_growth_year": 420.41,
            "roe": 0.8,
            "roe_4q": 9.47,
            "gross_profit": 110219,
            "gross_margin": 41.1,
            "gross_margin_4q_avg": 43.96,
            "net_income": 22369,
            "revenue": 268162,
            "common_shares": 668800,
            "book_valuer_per_share": 41.8,
            "book_valuer_per_share_4q_avg": 39.93,
            "equity": 2795739,
            "current_ratio": 398.02,
            "debt_ratio": 17.11,
            "inventory_turnover_ratio": 0.27,
            "account_receivable_turnover_ratio": 1.09,
            "reinvestment_rate": null,
            "research_to_sale_ratio": 4.81,
            "price_fair": 126.7,
            "eps_avg_yearly": 3.62,
            "eps_latest_yearly": 1.32,
            "eps_growth_yearly": 173.9
        },
        "20162": {
            "year_quarter": 20162,
            "year": 2016,
            "quarter": 2,
            "eps": 0.96,
            "eps_growth_year": -37.66,
            "eps_4q": 2.9,
            "eps_4q_growth_year": 32.68,
            "roe": 2.37,
            "roe_4q": 7.77,
            "gross_profit": 164527,
            "gross_margin": 41.76,
            "gross_margin_4q_avg": 41.49,
            "net_income": 64195,
            "revenue": 393958,
            "common_shares": 668800,
            "book_valuer_per_share": 39.18,
            "book_valuer_per_share_4q_avg": 40.52,
            "equity": 2620148,
            "current_ratio": 255.62,
            "debt_ratio": 23.32,
            "inventory_turnover_ratio": 0.39,
            "account_receivable_turnover_ratio": 1.32,
            "reinvestment_rate": null,
            "research_to_sale_ratio": 3.41,
            "price_fair": 128.24,
            "eps_avg_yearly": 3.66,
            "eps_latest_yearly": 3.84,
            "eps_growth_yearly": 291.84
        },
        "20163": {
            "year_quarter": 20163,
            "year": 2016,
            "quarter": 3,
            "eps": 0.63,
            "eps_growth_year": -60.62,
            "eps_4q": 2.07,
            "eps_4q_growth_year": -45.42,
            "roe": 1.6,
            "roe_4q": 5.16,
            "gross_profit": 145391,
            "gross_margin": 47.31,
            "gross_margin_4q_avg": 42.06,
            "net_income": 41884,
            "revenue": 307327,
            "common_shares": 668800,
            "book_valuer_per_share": 39.23,
            "book_valuer_per_share_4q_avg": 40.5,
            "equity": 2623897,
            "current_ratio": 368.48,
            "debt_ratio": 17.57,
            "inventory_turnover_ratio": 0.27,
            "account_receivable_turnover_ratio": 0.95,
            "reinvestment_rate": null,
            "research_to_sale_ratio": 6.14,
            "price_fair": 121.57,
            "eps_avg_yearly": 3.47,
            "eps_latest_yearly": 2.52,
            "eps_growth_yearly": 220.29
        },
        "20164": {
            "year_quarter": 20164,
            "year": 2016,
            "quarter": 4,
            "eps": 0.15,
            "eps_growth_year": 3.09,
            "eps_4q": 2.07,
            "eps_4q_growth_year": -42.33,
            "roe": 0.39,
            "roe_4q": 5.16,
            "gross_profit": 98854,
            "gross_margin": 38.47,
            "gross_margin_4q_avg": 42.16,
            "net_income": 10318,
            "revenue": 256963,
            "common_shares": 668800,
            "book_valuer_per_share": 39.09,
            "book_valuer_per_share_4q_avg": 39.83,
            "equity": 2614599,
            "current_ratio": 418.15,
            "debt_ratio": 15.9,
            "inventory_turnover_ratio": 0.26,
            "account_receivable_turnover_ratio": 0.96,
            "reinvestment_rate": null,
            "research_to_sale_ratio": 12.6,
            "price_fair": 107.2,
            "eps_avg_yearly": 3.06,
            "eps_latest_yearly": 0.6,
            "eps_growth_yearly": 145.28
        },
        "20171": {
            "year_quarter": 20171,
            "year": 2017,
            "quarter": 1,
            "eps": 0.04,
            "eps_growth_year": -87.88,
            "eps_4q": 1.78,
            "eps_4q_growth_year": -46.78,
            "roe": 0.11,
            "roe_4q": 4.470000000000001,
            "gross_profit": 97744,
            "gross_margin": 36.96,
            "gross_margin_4q_avg": 41.13,
            "net_income": 2759,
            "revenue": 264472,
            "common_shares": 668800,
            "book_valuer_per_share": 38.34,
            "book_valuer_per_share_4q_avg": 38.96,
            "equity": 2563853,
            "current_ratio": 435.13,
            "debt_ratio": 15.41,
            "inventory_turnover_ratio": 0.28,
            "account_receivable_turnover_ratio": 1.12,
            "reinvestment_rate": null,
            "research_to_sale_ratio": 7.36,
            "price_fair": 94.5,
            "eps_avg_yearly": 2.7,
            "eps_latest_yearly": 0.16,
            "eps_growth_yearly": 90.45
        },
        "20172": {
            "year_quarter": 20172,
            "year": 2017,
            "quarter": 2,
            "eps": 0.89,
            "eps_growth_year": -7.29,
            "eps_4q": 1.71,
            "eps_4q_growth_year": -41.04,
            "roe": 2.35,
            "roe_4q": 4.45,
            "gross_profit": 165143,
            "gross_margin": 39.49,
            "gross_margin_4q_avg": 40.56,
            "net_income": 59502,
            "revenue": 418214,
            "common_shares": 668800,
            "book_valuer_per_share": 37.52,
            "book_valuer_per_share_4q_avg": 38.55,
            "equity": 2509660,
            "current_ratio": 253.72,
            "debt_ratio": 22.95,
            "inventory_turnover_ratio": 0.42,
            "account_receivable_turnover_ratio": 1.35,
            "reinvestment_rate": null,
            "research_to_sale_ratio": 5.57,
            "price_fair": 97.84,
            "eps_avg_yearly": 2.8,
            "eps_latest_yearly": 3.56,
            "eps_growth_yearly": 1024.85
        },
        "20173": {
            "year_quarter": 20173,
            "year": 2017,
            "quarter": 3,
            "eps": 0.96,
            "eps_growth_year": 52.38,
            "eps_4q": 2.04,
            "eps_4q_growth_year": -1.4,
            "roe": 2.51,
            "roe_4q": 5.359999999999999,
            "gross_profit": 164015,
            "gross_margin": 40.15,
            "gross_margin_4q_avg": 38.77,
            "net_income": 63941,
            "revenue": 408514,
            "common_shares": 668800,
            "book_valuer_per_share": 38.71,
            "book_valuer_per_share_4q_avg": 38.42,
            "equity": 2588798,
            "current_ratio": 248.21,
            "debt_ratio": 23.38,
            "inventory_turnover_ratio": 0.38,
            "account_receivable_turnover_ratio": 1.04,
            "reinvestment_rate": null,
            "research_to_sale_ratio": 5.74,
            "price_fair": 101.5,
            "eps_avg_yearly": 2.9,
            "eps_latest_yearly": 3.84,
            "eps_growth_yearly": 925.51
        },
        "20174": {
            "year_quarter": 20174,
            "year": 2017,
            "quarter": 4,
            "eps": 0.52,
            "eps_growth_year": 239.89,
            "eps_4q": 2.41,
            "eps_4q_growth_year": 16.22,
            "roe": 1.37,
            "roe_4q": 6.340000000000001,
            "gross_profit": 147283,
            "gross_margin": 38.5,
            "gross_margin_4q_avg": 38.78,
            "net_income": 35939,
            "revenue": 382595,
            "common_shares": 668800,
            "book_valuer_per_share": 39.29,
            "book_valuer_per_share_4q_avg": 38.47,
            "equity": 2665338,
            "current_ratio": 269.43,
            "debt_ratio": 25.56,
            "inventory_turnover_ratio": 0.33,
            "account_receivable_turnover_ratio": 1,
            "reinvestment_rate": 63.92,
            "research_to_sale_ratio": 6.74,
            "price_fair": 98.89,
            "eps_avg_yearly": 2.83,
            "eps_latest_yearly": 2.08,
            "eps_growth_yearly": 824.7
        },
        "20181": {
            "year_quarter": 20181,
            "year": 2018,
            "quarter": 1,
            "eps": 0.87,
            "eps_growth_year": 2075,
            "eps_4q": 3.24,
            "eps_4q_growth_year": 81.95,
            "roe": 2.19,
            "roe_4q": 8.42,
            "gross_profit": 144970,
            "gross_margin": 38.23,
            "gross_margin_4q_avg": 39.09,
            "net_income": 59477,
            "revenue": 379217,
            "common_shares": 668800,
            "book_valuer_per_share": 40.71,
            "book_valuer_per_share_4q_avg": 39.06,
            "equity": 2762053,
            "current_ratio": 248.07,
            "debt_ratio": 27.42,
            "inventory_turnover_ratio": 0.28,
            "account_receivable_turnover_ratio": 1,
            "reinvestment_rate": 62.07,
            "research_to_sale_ratio": 6.3,
            "price_fair": 100.8,
            "eps_avg_yearly": 2.88,
            "eps_latest_yearly": 3.48,
            "eps_growth_yearly": 778.42
        },
        "20182": {
            "year_quarter": 20182,
            "year": 2018,
            "quarter": 2,
            "eps": 0.81,
            "eps_growth_year": -8.99,
            "eps_4q": 3.16,
            "eps_4q_growth_year": 84.88,
            "roe": 2.1,
            "roe_4q": 8.17,
            "gross_profit": 189763,
            "gross_margin": 39.26,
            "gross_margin_4q_avg": 39.04,
            "net_income": 57127,
            "revenue": 483360,
            "common_shares": 668800,
            "book_valuer_per_share": 39.54,
            "book_valuer_per_share_4q_avg": 39.56,
            "equity": 2685808,
            "current_ratio": 302.88,
            "debt_ratio": 38.03,
            "inventory_turnover_ratio": 0.33,
            "account_receivable_turnover_ratio": 1.09,
            "reinvestment_rate": 65.37,
            "research_to_sale_ratio": 5.24,
            "price_fair": 101.77,
            "eps_avg_yearly": 2.91,
            "eps_latest_yearly": 3.24,
            "eps_growth_yearly": 716.42
        },
        "20183": {
            "year_quarter": 20183,
            "year": 2018,
            "quarter": 3,
            "eps": 0.35,
            "eps_growth_year": -63.54,
            "eps_4q": 2.56,
            "eps_4q_growth_year": 25.18,
            "roe": 0.99,
            "roe_4q": 6.6499999999999995,
            "gross_profit": 160971,
            "gross_margin": 36.4,
            "gross_margin_4q_avg": 38.1,
            "net_income": 26391,
            "revenue": 442169,
            "common_shares": 668800,
            "book_valuer_per_share": 39.08,
            "book_valuer_per_share_4q_avg": 39.66,
            "equity": 2656638,
            "current_ratio": 384.71,
            "debt_ratio": 35.02,
            "inventory_turnover_ratio": 0.31,
            "account_receivable_turnover_ratio": 0.91,
            "reinvestment_rate": 43.38,
            "research_to_sale_ratio": 6.89,
            "price_fair": 98,
            "eps_avg_yearly": 2.8,
            "eps_latest_yearly": 1.4,
            "eps_growth_yearly": 649.02
        },
        "20184": {
            "year_quarter": 20184,
            "year": 2018,
            "quarter": 4,
            "eps": 0.46,
            "eps_growth_year": -12.5,
            "eps_4q": 2.49,
            "eps_4q_growth_year": 3.25,
            "roe": 1.03,
            "roe_4q": 6.3100000000000005,
            "gross_profit": 140906,
            "gross_margin": 35.26,
            "gross_margin_4q_avg": 37.29,
            "net_income": 27509,
            "revenue": 399625,
            "common_shares": 668800,
            "book_valuer_per_share": 39.67,
            "book_valuer_per_share_4q_avg": 39.75,
            "equity": 2693530,
            "current_ratio": 495.69,
            "debt_ratio": 31.78,
            "inventory_turnover_ratio": 0.3,
            "account_receivable_turnover_ratio": 0.89,
            "reinvestment_rate": 33.76,
            "research_to_sale_ratio": 9.16,
            "price_fair": 95.76,
            "eps_avg_yearly": 2.74,
            "eps_latest_yearly": 1.84,
            "eps_growth_yearly": 614.13
        },
        "20191": {
            "year_quarter": 20191,
            "year": 2019,
            "quarter": 1,
            "eps": 0.22,
            "eps_growth_year": -74.71,
            "eps_4q": 1.83,
            "eps_4q_growth_year": -43.41,
            "roe": 0.58,
            "roe_4q": 4.699999999999999,
            "gross_profit": 109347,
            "gross_margin": 32.22,
            "gross_margin_4q_avg": 35.79,
            "net_income": 15706,
            "revenue": 339419,
            "common_shares": 668800,
            "book_valuer_per_share": 40.49,
            "book_valuer_per_share_4q_avg": 39.7,
            "equity": 2751657,
            "current_ratio": 445.88,
            "debt_ratio": 32.16,
            "inventory_turnover_ratio": 0.27,
            "account_receivable_turnover_ratio": 0.85,
            "reinvestment_rate": 17.12,
            "research_to_sale_ratio": 6.59,
            "price_fair": 91.7,
            "eps_avg_yearly": 2.62,
            "eps_latest_yearly": 0.88,
            "eps_growth_yearly": 562.7
        },
        "20192": {
            "year_quarter": 20192,
            "year": 2019,
            "quarter": 2,
            "eps": 0.16,
            "eps_growth_year": -80.25,
            "eps_4q": 1.18,
            "eps_4q_growth_year": -62.55,
            "roe": 0.68,
            "roe_4q": 3.2800000000000002,
            "gross_profit": 127687,
            "gross_margin": 36.03,
            "gross_margin_4q_avg": 34.98,
            "net_income": 18146,
            "revenue": 354347,
            "common_shares": 668800,
            "book_valuer_per_share": 38.24,
            "book_valuer_per_share_4q_avg": 39.37,
            "equity": 2607213,
            "current_ratio": 162.37,
            "debt_ratio": 35.71,
            "inventory_turnover_ratio": 0.27,
            "account_receivable_turnover_ratio": 0.92,
            "reinvestment_rate": 15.54,
            "research_to_sale_ratio": 7.18,
            "price_fair": 79.63,
            "eps_avg_yearly": 2.28,
            "eps_latest_yearly": 0.64,
            "eps_growth_yearly": 520.73
        },
        "20193": {
            "year_quarter": 20193,
            "year": 2019,
            "quarter": 3,
            "eps": 0.24,
            "eps_growth_year": -31.43,
            "eps_4q": 1.07,
            "eps_4q_growth_year": -57.93,
            "roe": 0.62,
            "roe_4q": 2.91,
            "gross_profit": 110861,
            "gross_margin": 33.48,
            "gross_margin_4q_avg": 34.25,
            "net_income": 16085,
            "revenue": 331083,
            "common_shares": 668800,
            "book_valuer_per_share": 37.47,
            "book_valuer_per_share_4q_avg": 38.97,
            "equity": 2562228,
            "current_ratio": 155.35,
            "debt_ratio": 35.28,
            "inventory_turnover_ratio": 0.27,
            "account_receivable_turnover_ratio": 0.87,
            "reinvestment_rate": 9.96,
            "research_to_sale_ratio": 6.93,
            "price_fair": 67.73,
            "eps_avg_yearly": 1.94,
            "eps_latest_yearly": 0.96,
            "eps_growth_yearly": 532.26
        },
        "20194": {
            "year_quarter": 20194,
            "year": 2019,
            "quarter": 4,
            "eps": 0.05,
            "eps_growth_year": -89.82,
            "eps_4q": 0.66,
            "eps_4q_growth_year": -73.38,
            "roe": 0.19,
            "roe_4q": 2.0700000000000003,
            "gross_profit": 97925,
            "gross_margin": 28.61,
            "gross_margin_4q_avg": 32.59,
            "net_income": 4745,
            "revenue": 342221,
            "common_shares": 668800,
            "book_valuer_per_share": 37.12,
            "book_valuer_per_share_4q_avg": 38.33,
            "equity": 2540070,
            "current_ratio": 151.38,
            "debt_ratio": 34.83,
            "inventory_turnover_ratio": 0.31,
            "account_receivable_turnover_ratio": 0.93,
            "reinvestment_rate": 22.67,
            "research_to_sale_ratio": 6.59,
            "price_fair": 66.85,
            "eps_avg_yearly": 1.91,
            "eps_latest_yearly": 0.2,
            "eps_growth_yearly": 535.12
        },
        "20201": {
            "year_quarter": 20201,
            "year": 2020,
            "quarter": 1,
            "eps": 0.24,
            "eps_growth_year": 9.09,
            "eps_4q": 0.68,
            "eps_4q_growth_year": -62.67,
            "roe": 0.66,
            "roe_4q": 2.1500000000000004,
            "gross_profit": 90720,
            "gross_margin": 30.95,
            "gross_margin_4q_avg": 32.27,
            "net_income": 16733,
            "revenue": 293157,
            "common_shares": 668800,
            "book_valuer_per_share": 36.41,
            "book_valuer_per_share_4q_avg": 37.31,
            "equity": 2492534,
            "current_ratio": 147.52,
            "debt_ratio": 37.26,
            "inventory_turnover_ratio": 0.26,
            "account_receivable_turnover_ratio": 0.82,
            "reinvestment_rate": 24.12,
            "research_to_sale_ratio": 6.53,
            "price_fair": 66.06,
            "eps_avg_yearly": 1.89,
            "eps_latest_yearly": 0.96,
            "eps_growth_yearly": 600.12
        },
        "20202": {
            "year_quarter": 20202,
            "year": 2020,
            "quarter": 2,
            "eps": 0.71,
            "eps_growth_year": 343.75,
            "eps_4q": 1.23,
            "eps_4q_growth_year": 3.76,
            "roe": 1.95,
            "roe_4q": 3.42,
            "gross_profit": 158984,
            "gross_margin": 34.65,
            "gross_margin_4q_avg": 31.92,
            "net_income": 48842,
            "revenue": 458779,
            "common_shares": 668800,
            "book_valuer_per_share": 36.64,
            "book_valuer_per_share_4q_avg": 36.91,
            "equity": 2508629,
            "current_ratio": 197,
            "debt_ratio": 44.85,
            "inventory_turnover_ratio": 0.38,
            "account_receivable_turnover_ratio": 1.13,
            "reinvestment_rate": 37.01,
            "research_to_sale_ratio": 7.04,
            "price_fair": 63.88,
            "eps_avg_yearly": 1.83,
            "eps_latest_yearly": 2.84,
            "eps_growth_yearly": 601.35
        },
        "20203": {
            "year_quarter": 20203,
            "year": 2020,
            "quarter": 3,
            "eps": 0.7,
            "eps_growth_year": 191.67,
            "eps_4q": 1.69,
            "eps_4q_growth_year": 57.29,
            "roe": 1.92,
            "roe_4q": 4.720000000000001,
            "gross_profit": 155175,
            "gross_margin": 36.26,
            "gross_margin_4q_avg": 32.62,
            "net_income": 48965,
            "revenue": 427985,
            "common_shares": 668800,
            "book_valuer_per_share": 37.83,
            "book_valuer_per_share_4q_avg": 37,
            "equity": 2592025,
            "current_ratio": 194.71,
            "debt_ratio": 43.44,
            "inventory_turnover_ratio": 0.34,
            "account_receivable_turnover_ratio": 0.93,
            "reinvestment_rate": 47.34,
            "research_to_sale_ratio": 6.08,
            "price_fair": 64.49,
            "eps_avg_yearly": 1.84,
            "eps_latest_yearly": 2.8,
            "eps_growth_yearly": 609.59
        },
        "20204": {
            "year_quarter": 20204,
            "year": 2020,
            "quarter": 4,
            "eps": 0.4,
            "eps_growth_year": 754.06,
            "eps_4q": 2.04,
            "eps_4q_growth_year": 208.24,
            "roe": 1.06,
            "roe_4q": 5.59,
            "gross_profit": 138045,
            "gross_margin": 34.32,
            "gross_margin_4q_avg": 34.05,
            "net_income": 27832,
            "revenue": 402217,
            "common_shares": 668800,
            "book_valuer_per_share": 39.03,
            "book_valuer_per_share_4q_avg": 37.48,
            "equity": 2674623,
            "current_ratio": 201.93,
            "debt_ratio": 43.07,
            "inventory_turnover_ratio": 0.32,
            "account_receivable_turnover_ratio": 0.88,
            "reinvestment_rate": 62.65,
            "research_to_sale_ratio": 7.07,
            "price_fair": 66.68,
            "eps_avg_yearly": 1.91,
            "eps_latest_yearly": 1.6,
            "eps_growth_yearly": 617.93
        },
        "20211": {
            "year_quarter": 20211,
            "year": 2021,
            "quarter": 1,
            "eps": 0.66,
            "eps_growth_year": 175,
            "eps_4q": 2.47,
            "eps_4q_growth_year": 260.17,
            "roe": 1.75,
            "roe_4q": 6.680000000000001,
            "gross_profit": 162227,
            "gross_margin": 36.25,
            "gross_margin_4q_avg": 35.37,
            "net_income": 46212,
            "revenue": 447581,
            "common_shares": 668800,
            "book_valuer_per_share": 37.92,
            "book_valuer_per_share_4q_avg": 37.86,
            "equity": 2606418,
            "current_ratio": 178.92,
            "debt_ratio": 45.26,
            "inventory_turnover_ratio": 0.34,
            "account_receivable_turnover_ratio": 0.92,
            "reinvestment_rate": 76.89,
            "research_to_sale_ratio": 5.46,
            "price_fair": 72.1,
            "eps_avg_yearly": 2.06,
            "eps_latest_yearly": 2.64,
            "eps_growth_yearly": 652.51
        },
        "20212": {
            "year_quarter": 20212,
            "year": 2021,
            "quarter": 2,
            "eps": 1.23,
            "eps_growth_year": 73.24,
            "eps_4q": 2.98,
            "eps_4q_growth_year": 142.66,
            "roe": 3.21,
            "roe_4q": 7.9399999999999995,
            "gross_profit": 208067,
            "gross_margin": 36.28,
            "gross_margin_4q_avg": 35.78,
            "net_income": 84939,
            "revenue": 573462,
            "common_shares": 668800,
            "book_valuer_per_share": 38.92,
            "book_valuer_per_share_4q_avg": 38.43,
            "equity": 2683831,
            "current_ratio": 203.23,
            "debt_ratio": 41,
            "inventory_turnover_ratio": 0.41,
            "account_receivable_turnover_ratio": 0.99,
            "reinvestment_rate": 75.65,
            "research_to_sale_ratio": 5.09,
            "price_fair": 75.08,
            "eps_avg_yearly": 2.15,
            "eps_latest_yearly": 4.92,
            "eps_growth_yearly": 142.85
        },
        "20213": {
            "year_quarter": 20213,
            "year": 2021,
            "quarter": 3,
            "eps": 1.06,
            "eps_growth_year": 51.43,
            "eps_4q": 3.35,
            "eps_4q_growth_year": 98.16,
            "roe": 2.78,
            "roe_4q": 8.8,
            "gross_profit": 196061,
            "gross_margin": 35.2,
            "gross_margin_4q_avg": 35.51,
            "net_income": 75706,
            "revenue": 557066,
            "common_shares": 669926,
            "book_valuer_per_share": 39.97,
            "book_valuer_per_share_4q_avg": 38.96,
            "equity": 2758400,
            "current_ratio": 209.08,
            "debt_ratio": 40.09,
            "inventory_turnover_ratio": 0.37,
            "account_receivable_turnover_ratio": 0.87,
            "reinvestment_rate": 65.89,
            "research_to_sale_ratio": 6.04,
            "price_fair": 75.95,
            "eps_avg_yearly": 2.17,
            "eps_latest_yearly": 4.24,
            "eps_growth_yearly": 137.43
        },
        "20214": {
            "year_quarter": 20214,
            "year": 2021,
            "quarter": 4,
            "eps": 0.54,
            "eps_growth_year": 35.95,
            "eps_4q": 3.49,
            "eps_4q_growth_year": 71.04,
            "roe": 1.44,
            "roe_4q": 9.18,
            "gross_profit": 158836,
            "gross_margin": 34.9,
            "gross_margin_4q_avg": 35.66,
            "net_income": 40012,
            "revenue": 455066,
            "common_shares": 669926,
            "book_valuer_per_share": 40.77,
            "book_valuer_per_share_4q_avg": 39.4,
            "equity": 2816941,
            "current_ratio": 254.7,
            "debt_ratio": 38.21,
            "inventory_turnover_ratio": 0.28,
            "account_receivable_turnover_ratio": 0.8,
            "reinvestment_rate": 72.07,
            "research_to_sale_ratio": 6.51,
            "price_fair": 76.13,
            "eps_avg_yearly": 2.18,
            "eps_latest_yearly": 2.16,
            "eps_growth_yearly": 136.62
        },
        "20221": {
            "year_quarter": 20221,
            "year": 2022,
            "quarter": 1,
            "eps": 0.75,
            "eps_growth_year": 13.64,
            "eps_4q": 3.58,
            "eps_4q_growth_year": 45.14,
            "roe": 1.89,
            "roe_4q": 9.32,
            "gross_profit": 163191,
            "gross_margin": 34.84,
            "gross_margin_4q_avg": 35.31,
            "net_income": 53190,
            "revenue": 468432,
            "common_shares": 669926,
            "book_valuer_per_share": 40.81,
            "book_valuer_per_share_4q_avg": 40.12,
            "equity": 2826053,
            "current_ratio": 223.68,
            "debt_ratio": 39.37,
            "inventory_turnover_ratio": 0.27,
            "account_receivable_turnover_ratio": 0.9,
            "reinvestment_rate": 82.77,
            "research_to_sale_ratio": 4.94,
            "price_fair": 75.08,
            "eps_avg_yearly": 2.15,
            "eps_latest_yearly": 3,
            "eps_growth_yearly": 129.52
        },
        "20222": {
            "year_quarter": 20222,
            "year": 2022,
            "quarter": 2,
            "eps": 0.8,
            "eps_growth_year": -34.96,
            "eps_4q": 3.16,
            "eps_4q_growth_year": 5.87,
            "roe": 1.97,
            "roe_4q": 8.08,
            "gross_profit": 169646,
            "gross_margin": 34.82,
            "gross_margin_4q_avg": 34.94,
            "net_income": 56005,
            "revenue": 487276,
            "common_shares": 669926,
            "book_valuer_per_share": 41.13,
            "book_valuer_per_share_4q_avg": 40.67,
            "equity": 2847741,
            "current_ratio": 142.04,
            "debt_ratio": 39.73,
            "inventory_turnover_ratio": 0.27,
            "account_receivable_turnover_ratio": 0.87,
            "reinvestment_rate": 65.27,
            "research_to_sale_ratio": 5.02,
            "price_fair": 74.99,
            "eps_avg_yearly": 2.14,
            "eps_latest_yearly": 3.2,
            "eps_growth_yearly": 132.91
        },
        "20223": {
            "year_quarter": 20223,
            "year": 2022,
            "quarter": 3,
            "eps": 0.68,
            "eps_growth_year": -35.85,
            "eps_4q": 2.75,
            "eps_4q_growth_year": -17.79,
            "roe": 1.7,
            "roe_4q": 7,
            "gross_profit": 161294,
            "gross_margin": 34.22,
            "gross_margin_4q_avg": 34.7,
            "net_income": 49452,
            "revenue": 471413,
            "common_shares": 674906,
            "book_valuer_per_share": 42.82,
            "book_valuer_per_share_4q_avg": 41.38,
            "equity": 2987051,
            "current_ratio": 208.01,
            "debt_ratio": 37.23,
            "inventory_turnover_ratio": 0.27,
            "account_receivable_turnover_ratio": 0.82,
            "reinvestment_rate": 66.43,
            "research_to_sale_ratio": 10.34,
            "price_fair": 77.88,
            "eps_avg_yearly": 2.23,
            "eps_latest_yearly": 2.72,
            "eps_growth_yearly": 143.36
        },
        "20224": {
            "year_quarter": 20224,
            "year": 2022,
            "quarter": 4,
            "eps": 0.32,
            "eps_growth_year": -40.21,
            "eps_4q": 2.52,
            "eps_4q_growth_year": -27.88,
            "roe": 0.79,
            "roe_4q": 6.35,
            "gross_profit": 125465,
            "gross_margin": 33.25,
            "gross_margin_4q_avg": 34.28,
            "net_income": 23602,
            "revenue": 377376,
            "common_shares": 681034,
            "book_valuer_per_share": 42.75,
            "book_valuer_per_share_4q_avg": 41.88,
            "equity": 3004630,
            "current_ratio": 227.86,
            "debt_ratio": 35,
            "inventory_turnover_ratio": 0.23,
            "account_receivable_turnover_ratio": 0.7,
            "reinvestment_rate": 65.46,
            "research_to_sale_ratio": 7.68,
            "price_fair": 76.65,
            "eps_avg_yearly": 2.19,
            "eps_latest_yearly": 1.28,
            "eps_growth_yearly": 122.26
        },
        "20231": {
            "year_quarter": 20231,
            "year": 2023,
            "quarter": 1,
            "eps": 0.04,
            "eps_growth_year": -94.67,
            "eps_4q": 1.82,
            "eps_4q_growth_year": -49.22,
            "roe": 0.1,
            "roe_4q": 4.56,
            "gross_profit": 106966,
            "gross_margin": 31.22,
            "gross_margin_4q_avg": 33.38,
            "net_income": 3039,
            "revenue": 342595,
            "common_shares": 683976,
            "book_valuer_per_share": 41.47,
            "book_valuer_per_share_4q_avg": 42.04,
            "equity": 2929798,
            "current_ratio": 218.49,
            "debt_ratio": 35.87,
            "inventory_turnover_ratio": 0.22,
            "account_receivable_turnover_ratio": 0.7,
            "reinvestment_rate": 60.44,
            "research_to_sale_ratio": 8.65,
            "price_fair": 75.08,
            "eps_avg_yearly": 2.15,
            "eps_latest_yearly": 0.16,
            "eps_growth_yearly": 113.43
        }
    },
    "months": {
        "2014-09": {
            "month": "2014-09",
            "price": "111.73",
            "revenue": 124103
        },
        "2014-10": {
            "month": "2014-10",
            "price": "98.25",
            "revenue": 106118
        },
        "2014-11": {
            "month": "2014-11",
            "price": "95.75",
            "revenue": 104484
        },
        "2014-12": {
            "month": "2014-12",
            "price": "107.09",
            "revenue": 85309
        },
        "2015-01": {
            "month": "2015-01",
            "price": "107.24",
            "revenue": 101084
        },
        "2015-02": {
            "month": "2015-02",
            "price": "110.06",
            "revenue": 72674
        },
        "2015-03": {
            "month": "2015-03",
            "price": "116.94",
            "revenue": 97242
        },
        "2015-04": {
            "month": "2015-04",
            "price": "110.58",
            "revenue": 105251
        },
        "2015-05": {
            "month": "2015-05",
            "price": "101.96",
            "revenue": 128469
        },
        "2015-06": {
            "month": "2015-06",
            "price": "103.10",
            "revenue": 160296
        },
        "2015-07": {
            "month": "2015-07",
            "price": "98.54",
            "revenue": 156050
        },
        "2015-08": {
            "month": "2015-08",
            "price": "85.39",
            "revenue": 142730
        },
        "2015-09": {
            "month": "2015-09",
            "price": "85.04",
            "revenue": 121203
        },
        "2015-10": {
            "month": "2015-10",
            "price": "79.45",
            "revenue": 93709
        },
        "2015-11": {
            "month": "2015-11",
            "price": "79.80",
            "revenue": 84468
        },
        "2015-12": {
            "month": "2015-12",
            "price": "73.77",
            "revenue": 88566
        },
        "2016-01": {
            "month": "2016-01",
            "price": "69.12",
            "revenue": 99293
        },
        "2016-02": {
            "month": "2016-02",
            "price": "71.35",
            "revenue": 74238
        },
        "2016-03": {
            "month": "2016-03",
            "price": "73.62",
            "revenue": 94631
        },
        "2016-04": {
            "month": "2016-04",
            "price": "71.48",
            "revenue": 117270
        },
        "2016-05": {
            "month": "2016-05",
            "price": "69.78",
            "revenue": 133666
        },
        "2016-06": {
            "month": "2016-06",
            "price": "70.50",
            "revenue": 141957
        },
        "2016-07": {
            "month": "2016-07",
            "price": "65.76",
            "revenue": 123004
        },
        "2016-08": {
            "month": "2016-08",
            "price": "62.79",
            "revenue": 100900
        },
        "2016-09": {
            "month": "2016-09",
            "price": "61.97",
            "revenue": 81219
        },
        "2016-10": {
            "month": "2016-10",
            "price": "55.24",
            "revenue": 82247
        },
        "2016-11": {
            "month": "2016-11",
            "price": "56.70",
            "revenue": 86979
        },
        "2016-12": {
            "month": "2016-12",
            "price": "60.25",
            "revenue": 92721
        },
        "2017-01": {
            "month": "2017-01",
            "price": "61.83",
            "revenue": 75683
        },
        "2017-02": {
            "month": "2017-02",
            "price": "62.36",
            "revenue": 74333
        },
        "2017-03": {
            "month": "2017-03",
            "price": "60.15",
            "revenue": 113984
        },
        "2017-04": {
            "month": "2017-04",
            "price": "61.52",
            "revenue": 124258
        },
        "2017-05": {
            "month": "2017-05",
            "price": "61.06",
            "revenue": 138425
        },
        "2017-06": {
            "month": "2017-06",
            "price": "61.45",
            "revenue": 152666
        },
        "2017-07": {
            "month": "2017-07",
            "price": "63.41",
            "revenue": 144702
        },
        "2017-08": {
            "month": "2017-08",
            "price": "62.89",
            "revenue": 137707
        },
        "2017-09": {
            "month": "2017-09",
            "price": "61.79",
            "revenue": 125237
        },
        "2017-10": {
            "month": "2017-10",
            "price": "62.89",
            "revenue": 115571
        },
        "2017-11": {
            "month": "2017-11",
            "price": "65.68",
            "revenue": 133356
        },
        "2017-12": {
            "month": "2017-12",
            "price": "67.99",
            "revenue": 129495
        },
        "2018-01": {
            "month": "2018-01",
            "price": "68.70",
            "revenue": 137191
        },
        "2018-02": {
            "month": "2018-02",
            "price": "68.12",
            "revenue": 96244
        },
        "2018-03": {
            "month": "2018-03",
            "price": "75.72",
            "revenue": 145189
        },
        "2018-04": {
            "month": "2018-04",
            "price": "80.28",
            "revenue": 158490
        },
        "2018-05": {
            "month": "2018-05",
            "price": "78.05",
            "revenue": 172209
        },
        "2018-06": {
            "month": "2018-06",
            "price": "76.48",
            "revenue": 159820
        },
        "2018-07": {
            "month": "2018-07",
            "price": "69.76",
            "revenue": 156772
        },
        "2018-08": {
            "month": "2018-08",
            "price": "65.00",
            "revenue": 147311
        },
        "2018-09": {
            "month": "2018-09",
            "price": "63.87",
            "revenue": 136518
        },
        "2018-10": {
            "month": "2018-10",
            "price": "62.15",
            "revenue": 132429
        },
        "2018-11": {
            "month": "2018-11",
            "price": "58.32",
            "revenue": 136337
        },
        "2018-12": {
            "month": "2018-12",
            "price": "57.83",
            "revenue": 123745
        },
        "2019-01": {
            "month": "2019-01",
            "price": "57.73",
            "revenue": 125660
        },
        "2019-02": {
            "month": "2019-02",
            "price": "58.18",
            "revenue": 74510
        },
        "2019-03": {
            "month": "2019-03",
            "price": "58.74",
            "revenue": 138278
        },
        "2019-04": {
            "month": "2019-04",
            "price": "60.48",
            "revenue": 120545
        },
        "2019-05": {
            "month": "2019-05",
            "price": "59.10",
            "revenue": 117309
        },
        "2019-06": {
            "month": "2019-06",
            "price": "56.83",
            "revenue": 115015
        },
        "2019-07": {
            "month": "2019-07",
            "price": "55.09",
            "revenue": 123683
        },
        "2019-08": {
            "month": "2019-08",
            "price": "53.83",
            "revenue": 104559
        },
        "2019-09": {
            "month": "2019-09",
            "price": "53.12",
            "revenue": 101877
        },
        "2019-10": {
            "month": "2019-10",
            "price": "49.85",
            "revenue": 98552
        },
        "2019-11": {
            "month": "2019-11",
            "price": "49.55",
            "revenue": 122944
        },
        "2019-12": {
            "month": "2019-12",
            "price": "49.52",
            "revenue": 119109
        },
        "2020-01": {
            "month": "2020-01",
            "price": "49.45",
            "revenue": 84552
        },
        "2020-02": {
            "month": "2020-02",
            "price": "47.56",
            "revenue": 61576
        },
        "2020-03": {
            "month": "2020-03",
            "price": "45.91",
            "revenue": 145733
        },
        "2020-04": {
            "month": "2020-04",
            "price": "52.11",
            "revenue": 158630
        },
        "2020-05": {
            "month": "2020-05",
            "price": "54.12",
            "revenue": 150572
        },
        "2020-06": {
            "month": "2020-06",
            "price": "52.61",
            "revenue": 145586
        },
        "2020-07": {
            "month": "2020-07",
            "price": "49.24",
            "revenue": 154027
        },
        "2020-08": {
            "month": "2020-08",
            "price": "49.66",
            "revenue": 139953
        },
        "2020-09": {
            "month": "2020-09",
            "price": "49.03",
            "revenue": 133981
        },
        "2020-10": {
            "month": "2020-10",
            "price": "48.36",
            "revenue": 131719
        },
        "2020-11": {
            "month": "2020-11",
            "price": "48.75",
            "revenue": 132904
        },
        "2020-12": {
            "month": "2020-12",
            "price": "49.52",
            "revenue": 136274
        },
        "2021-01": {
            "month": "2021-01",
            "price": "49.22",
            "revenue": 152664
        },
        "2021-02": {
            "month": "2021-02",
            "price": "52.15",
            "revenue": 122547
        },
        "2021-03": {
            "month": "2021-03",
            "price": "59.23",
            "revenue": 171354
        },
        "2021-04": {
            "month": "2021-04",
            "price": "55.55",
            "revenue": 184820
        },
        "2021-05": {
            "month": "2021-05",
            "price": "50.98",
            "revenue": 186931
        },
        "2021-06": {
            "month": "2021-06",
            "price": "54.54",
            "revenue": 199222
        },
        "2021-07": {
            "month": "2021-07",
            "price": "58.02",
            "revenue": 193638
        },
        "2021-08": {
            "month": "2021-08",
            "price": "56.32",
            "revenue": 188963
        },
        "2021-09": {
            "month": "2021-09",
            "price": "55.04",
            "revenue": 172512
        },
        "2021-10": {
            "month": "2021-10",
            "price": "52.95",
            "revenue": 160377
        },
        "2021-11": {
            "month": "2021-11",
            "price": "52.97",
            "revenue": 157394
        },
        "2021-12": {
            "month": "2021-12",
            "price": "51.69",
            "revenue": 137059
        },
        "2022-01": {
            "month": "2022-01",
            "price": "52.41",
            "revenue": 164960
        },
        "2022-02": {
            "month": "2022-02",
            "price": "55.04",
            "revenue": 139745
        },
        "2022-03": {
            "month": "2022-03",
            "price": "56.51",
            "revenue": 162610
        },
        "2022-04": {
            "month": "2022-04",
            "price": "57.36",
            "revenue": 130542
        },
        "2022-05": {
            "month": "2022-05",
            "price": "57.16",
            "revenue": 152948
        },
        "2022-06": {
            "month": "2022-06",
            "price": "57.94",
            "revenue": 201926
        },
        "2022-07": {
            "month": "2022-07",
            "price": "56.69",
            "revenue": 184869
        },
        "2022-08": {
            "month": "2022-08",
            "price": "56.90",
            "revenue": 149859
        },
        "2022-09": {
            "month": "2022-09",
            "price": "53.00",
            "revenue": 135504
        },
        "2022-10": {
            "month": "2022-10",
            "price": "49.71",
            "revenue": 118125
        },
        "2022-11": {
            "month": "2022-11",
            "price": "50.38",
            "revenue": 133748
        },
        "2022-12": {
            "month": "2022-12",
            "price": "50.03",
            "revenue": 124667
        },
        "2023-01": {
            "month": "2023-01",
            "price": "49.85",
            "revenue": 74683
        },
        "2023-02": {
            "month": "2023-02",
            "price": "49.82",
            "revenue": 124414
        },
        "2023-03": {
            "month": "2023-03",
            "price": "48.87",
            "revenue": 142092
        },
        "2023-04": {
            "month": "2023-04",
            "price": "48.51",
            "revenue": 137095
        },
        "2023-05": {
            "month": "2023-05",
            "price": "49.08",
            "revenue": 130480
        }
    }
}
