{
    "summary": {
        "stock_name": "旭然",
        "stock_id": "4556",
        "category": "其他",
        "main_business": "過濾分離設備及周邊產品之研發、設計、製造與銷售",
        "website_url": "https://www.filtrafine.com.tw",
        "ceo": "何宜瑾",
        "pe_ratio": 85,
        "report_year_from": 2013,
        "report_year_to": 2023,
        "age": 11,
        "eps_negative_percentage": 0,
        "eps_growth_avg": {
            "last_all": 3.25,
            "last_2y": -5.45,
            "last_4y": -21.93,
            "last_8y": 3.25,
            "last_12y": null,
            "last_16y": null,
            "last_20y": null,
            "at_2006_last_3y": null,
            "at_2007_last_3y": null,
            "at_2008_last_3y": null,
            "at_2009_last_3y": null,
            "at_2010_last_3y": null,
            "at_2011_last_3y": null,
            "at_2012_last_3y": null,
            "at_2013_last_3y": null,
            "at_2014_last_3y": null,
            "at_2015_last_3y": null,
            "at_2016_last_3y": null,
            "at_2017_last_3y": null,
            "at_2018_last_3y": 34.73,
            "at_2019_last_3y": 2.54,
            "at_2020_last_3y": 4.45,
            "at_2021_last_3y": -8.82,
            "at_2022_last_3y": -8.82,
            "at_2023_last_3y": -16.33,
            "at_2024_last_3y": -16.33,
            "at_2006_last_all": null,
            "at_2007_last_all": null,
            "at_2008_last_all": null,
            "at_2009_last_all": null,
            "at_2010_last_all": null,
            "at_2011_last_all": null,
            "at_2012_last_all": null,
            "at_2013_last_all": null,
            "at_2014_last_all": null,
            "at_2015_last_all": null,
            "at_2016_last_all": 13.91,
            "at_2017_last_all": 12.98,
            "at_2018_last_all": 34.73,
            "at_2019_last_all": 18.92,
            "at_2020_last_all": 7.61,
            "at_2021_last_all": 0.52,
            "at_2022_last_all": 12.95,
            "at_2023_last_all": 3.25,
            "at_2024_last_all": 3.25
        },
        "latest_eps": 0.45,
        "latest_price": 38.05,
        "latest_roe": 2.2,
        "latest_gross_margin": 40.02,
        "latest_equity": 847757,
        "latest_revenue": 158901,
        "latest_gross_profit": 63587,
        "latest_net_income": 3505,
        "latest_debt_ratio": 49.94,
        "latest_current_ratio": 107.02,
        "latest_account_receivable_turnover_ratio": 1.02,
        "latest_inventory_turnover_ratio": 0.36,
        "latest_reinvestment_rate": 432.68,
        "latest_research_to_sale_ratio": 1.52
    },
    "eps_dividends": {
        "2001": {
            "cash": 0,
            "stock": 0,
            "eps": 0
        },
        "2002": {
            "cash": 0,
            "stock": 0,
            "eps": 0
        },
        "2003": {
            "cash": 0,
            "stock": 0,
            "eps": 0
        },
        "2004": {
            "cash": 0,
            "stock": 0,
            "eps": 0
        },
        "2005": {
            "cash": 0,
            "stock": 0,
            "eps": 0
        },
        "2006": {
            "cash": 0,
            "stock": 0,
            "eps": 0
        },
        "2007": {
            "cash": 0,
            "stock": 0,
            "eps": 0
        },
        "2008": {
            "cash": 0,
            "stock": 0,
            "eps": 0
        },
        "2009": {
            "cash": 0,
            "stock": 0,
            "eps": 0
        },
        "2010": {
            "cash": 0,
            "stock": 0,
            "eps": 0
        },
        "2011": {
            "cash": 0,
            "stock": 0,
            "eps": 0
        },
        "2012": {
            "cash": 0,
            "stock": 0,
            "eps": 0
        },
        "2013": {
            "cash": 0,
            "stock": 0,
            "eps": 0
        },
        "2014": {
            "cash": 0,
            "stock": 0,
            "eps": 0.45
        },
        "2015": {
            "cash": 0.7,
            "stock": 0,
            "eps": 0.83
        },
        "2016": {
            "cash": 0.75,
            "stock": 0,
            "eps": 0.36
        },
        "2017": {
            "cash": 0.36,
            "stock": 0,
            "eps": 0.4
        },
        "2018": {
            "cash": 0.36,
            "stock": 0,
            "eps": 1.76
        },
        "2019": {
            "cash": 1.25,
            "stock": 0,
            "eps": 0.98
        },
        "2020": {
            "cash": 0.7,
            "stock": 0,
            "eps": 0.5
        },
        "2021": {
            "cash": 0.45,
            "stock": 0,
            "eps": 0.29
        },
        "2022": {
            "cash": 0.35,
            "stock": 0,
            "eps": 0.78
        },
        "2023": {
            "cash": 0.52,
            "stock": 0,
            "eps": 0.2
        }
    },
    "dividends": {
        "2015-08-14": {
            "cash": 0.7,
            "stock": 0
        },
        "2016-10-07": {
            "cash": 0.75,
            "stock": 0
        },
        "2017-08-29": {
            "cash": 0.36,
            "stock": 0
        },
        "2018-09-21": {
            "cash": 0.36,
            "stock": 0
        },
        "2019-08-09": {
            "cash": 1.25,
            "stock": 0
        },
        "2020-08-24": {
            "cash": 0.7,
            "stock": 0
        },
        "2021-10-25": {
            "cash": 0.45,
            "stock": 0
        },
        "2022-10-05": {
            "cash": 0.35,
            "stock": 0
        },
        "2023-09-05": {
            "cash": 0.52,
            "stock": 0
        }
    },
    "prices": {
        "200101": "無",
        "200102": "無",
        "200103": "無",
        "200104": "無",
        "200105": "無",
        "200106": "無",
        "200107": "無",
        "200108": "無",
        "200109": "無",
        "200110": "無",
        "200111": "無",
        "200112": "無",
        "200201": "無",
        "200202": "無",
        "200203": "無",
        "200204": "無",
        "200205": "無",
        "200206": "無",
        "200207": "無",
        "200208": "無",
        "200209": "無",
        "200210": "無",
        "200211": "無",
        "200212": "無",
        "200301": "無",
        "200302": "無",
        "200303": "無",
        "200304": "無",
        "200305": "無",
        "200306": "無",
        "200307": "無",
        "200308": "無",
        "200309": "無",
        "200310": "無",
        "200311": "無",
        "200312": "無",
        "200401": "無",
        "200402": "無",
        "200403": "無",
        "200404": "無",
        "200405": "無",
        "200406": "無",
        "200407": "無",
        "200408": "無",
        "200409": "無",
        "200410": "無",
        "200411": "無",
        "200412": "無",
        "200501": "無",
        "200502": "無",
        "200503": "無",
        "200504": "無",
        "200505": "無",
        "200506": "無",
        "200507": "無",
        "200508": "無",
        "200509": "無",
        "200510": "無",
        "200511": "無",
        "200512": "無",
        "200601": "無",
        "200602": "無",
        "200603": "無",
        "200604": "無",
        "200605": "無",
        "200606": "無",
        "200607": "無",
        "200608": "無",
        "200609": "無",
        "200610": "無",
        "200611": "無",
        "200612": "無",
        "200701": "無",
        "200702": "無",
        "200703": "無",
        "200704": "無",
        "200705": "無",
        "200706": "無",
        "200707": "無",
        "200708": "無",
        "200709": "無",
        "200710": "無",
        "200711": "無",
        "200712": "無",
        "200801": "無",
        "200802": "無",
        "200803": "無",
        "200804": "無",
        "200805": "無",
        "200806": "無",
        "200807": "無",
        "200808": "無",
        "200809": "無",
        "200810": "無",
        "200811": "無",
        "200812": "無",
        "200901": "無",
        "200902": "無",
        "200903": "無",
        "200904": "無",
        "200905": "無",
        "200906": "無",
        "200907": "無",
        "200908": "無",
        "200909": "無",
        "200910": "無",
        "200911": "無",
        "200912": "無",
        "201001": "無",
        "201002": "無",
        "201003": "無",
        "201004": "無",
        "201005": "無",
        "201006": "無",
        "201007": "無",
        "201008": "無",
        "201009": "無",
        "201010": "無",
        "201011": "無",
        "201012": "無",
        "201101": "無",
        "201102": "無",
        "201103": "無",
        "201104": "無",
        "201105": "無",
        "201106": "無",
        "201107": "無",
        "201108": "無",
        "201109": "無",
        "201110": "無",
        "201111": "無",
        "201112": "無",
        "201201": "無",
        "201202": "無",
        "201203": "無",
        "201204": "無",
        "201205": "無",
        "201206": "無",
        "201207": "無",
        "201208": "無",
        "201209": "無",
        "201210": "無",
        "201211": "無",
        "201212": "無",
        "201301": "無",
        "201302": "無",
        "201303": "無",
        "201304": "無",
        "201305": "無",
        "201306": "無",
        "201307": "無",
        "201308": "無",
        "201309": "無",
        "201310": "無",
        "201311": "無",
        "201312": "無",
        "201401": "無",
        "201402": "無",
        "201403": "無",
        "201404": "無",
        "201405": "無",
        "201406": "無",
        "201407": "無",
        "201408": "無",
        "201409": "無",
        "201410": "38.74",
        "201411": "38.15",
        "201412": "37.54",
        "201501": "38.50",
        "201502": "無",
        "201503": "38.50",
        "201504": "38.33",
        "201505": "37.84",
        "201506": "36.69",
        "201507": "32.58",
        "201508": "27.65",
        "201509": "28.29",
        "201510": "29.66",
        "201511": "30.77",
        "201512": "36.89",
        "201601": "33.19",
        "201602": "33.33",
        "201603": "34.23",
        "201604": "35.00",
        "201605": "33.43",
        "201606": "34.21",
        "201607": "35.13",
        "201608": "33.55",
        "201609": "33.41",
        "201610": "32.96",
        "201611": "32.32",
        "201612": "29.85",
        "201701": "31.37",
        "201702": "35.62",
        "201703": "32.97",
        "201704": "30.76",
        "201705": "30.30",
        "201706": "30.23",
        "201707": "29.87",
        "201708": "29.22",
        "201709": "29.65",
        "201710": "30.13",
        "201711": "31.57",
        "201712": "30.26",
        "201801": "31.22",
        "201802": "29.68",
        "201803": "29.92",
        "201804": "30.68",
        "201805": "31.80",
        "201806": "31.64",
        "201807": "31.34",
        "201808": "32.51",
        "201809": "33.97",
        "201810": "34.00",
        "201811": "34.73",
        "201812": "34.90",
        "201901": "35.58",
        "201902": "34.47",
        "201903": "33.31",
        "201904": "33.26",
        "201905": "32.90",
        "201906": "31.91",
        "201907": "32.46",
        "201908": "32.26",
        "201909": "32.82",
        "201910": "32.47",
        "201911": "32.46",
        "201912": "34.78",
        "202001": "34.16",
        "202002": "33.63",
        "202003": "30.82",
        "202004": "32.12",
        "202005": "34.11",
        "202006": "34.61",
        "202007": "35.89",
        "202008": "38.83",
        "202009": "36.90",
        "202010": "36.18",
        "202011": "33.92",
        "202012": "33.43",
        "202101": "32.58",
        "202102": "34.64",
        "202103": "37.24",
        "202104": "35.11",
        "202105": "32.25",
        "202106": "31.86",
        "202107": "32.58",
        "202108": "31.98",
        "202109": "31.91",
        "202110": "31.34",
        "202111": "30.63",
        "202112": "30.97",
        "202201": "31.28",
        "202202": "31.02",
        "202203": "30.45",
        "202204": "30.63",
        "202205": "30.30",
        "202206": "29.88",
        "202207": "30.24",
        "202208": "30.08",
        "202209": "31.17",
        "202210": "30.95",
        "202211": "30.48",
        "202212": "30.54",
        "202301": "30.30",
        "202302": "30.47",
        "202303": "31.03",
        "202304": "31.09",
        "202305": "30.31",
        "202306": "30.07",
        "202307": "29.76",
        "202308": "29.83",
        "202309": "29.53",
        "202310": "29.80",
        "202311": "29.47",
        "202312": "28.91"
    },
    "quarters": {
        "20011": {
            "year_quarter": 20011,
            "year": 2001,
            "quarter": 1,
            "eps": null,
            "eps_growth_year": null,
            "eps_4q": null,
            "eps_4q_growth_year": null,
            "roe": null,
            "roe_4q": 0,
            "gross_profit": null,
            "gross_margin": null,
            "gross_margin_4q_avg": 0,
            "net_income": null,
            "net_income_4q": null,
            "revenue": null,
            "revenue_4q": null,
            "common_shares": null,
            "book_valuer_per_share": null,
            "book_valuer_per_share_4q_avg": 0,
            "equity": null,
            "current_ratio": null,
            "debt_ratio": null,
            "inventory_turnover_ratio": null,
            "account_receivable_turnover_ratio": null,
            "reinvestment_rate": null,
            "research_to_sale_ratio": null,
            "price_fair": 0,
            "eps_avg_yearly": 0,
            "eps_latest_yearly": 0,
            "eps_growth_yearly": 0
        },
        "20012": {
            "year_quarter": 20012,
            "year": 2001,
            "quarter": 2,
            "eps": null,
            "eps_growth_year": null,
            "eps_4q": null,
            "eps_4q_growth_year": null,
            "roe": null,
            "roe_4q": 0,
            "gross_profit": null,
            "gross_margin": null,
            "gross_margin_4q_avg": 0,
            "net_income": null,
            "net_income_4q": null,
            "revenue": null,
            "revenue_4q": null,
            "common_shares": null,
            "book_valuer_per_share": null,
            "book_valuer_per_share_4q_avg": 0,
            "equity": null,
            "current_ratio": null,
            "debt_ratio": null,
            "inventory_turnover_ratio": null,
            "account_receivable_turnover_ratio": null,
            "reinvestment_rate": null,
            "research_to_sale_ratio": null,
            "price_fair": 0,
            "eps_avg_yearly": 0,
            "eps_latest_yearly": 0,
            "eps_growth_yearly": 0
        },
        "20013": {
            "year_quarter": 20013,
            "year": 2001,
            "quarter": 3,
            "eps": null,
            "eps_growth_year": null,
            "eps_4q": null,
            "eps_4q_growth_year": null,
            "roe": null,
            "roe_4q": 0,
            "gross_profit": null,
            "gross_margin": null,
            "gross_margin_4q_avg": 0,
            "net_income": null,
            "net_income_4q": null,
            "revenue": null,
            "revenue_4q": null,
            "common_shares": null,
            "book_valuer_per_share": null,
            "book_valuer_per_share_4q_avg": 0,
            "equity": null,
            "current_ratio": null,
            "debt_ratio": null,
            "inventory_turnover_ratio": null,
            "account_receivable_turnover_ratio": null,
            "reinvestment_rate": null,
            "research_to_sale_ratio": null,
            "price_fair": 0,
            "eps_avg_yearly": 0,
            "eps_latest_yearly": 0,
            "eps_growth_yearly": 0
        },
        "20014": {
            "year_quarter": 20014,
            "year": 2001,
            "quarter": 4,
            "eps": null,
            "eps_growth_year": null,
            "eps_4q": null,
            "eps_4q_growth_year": null,
            "roe": null,
            "roe_4q": 0,
            "gross_profit": null,
            "gross_margin": null,
            "gross_margin_4q_avg": 0,
            "net_income": null,
            "net_income_4q": null,
            "revenue": null,
            "revenue_4q": null,
            "common_shares": null,
            "book_valuer_per_share": null,
            "book_valuer_per_share_4q_avg": 0,
            "equity": null,
            "current_ratio": null,
            "debt_ratio": null,
            "inventory_turnover_ratio": null,
            "account_receivable_turnover_ratio": null,
            "reinvestment_rate": null,
            "research_to_sale_ratio": null,
            "price_fair": 0,
            "eps_avg_yearly": 0,
            "eps_latest_yearly": 0,
            "eps_growth_yearly": 0
        },
        "20021": {
            "year_quarter": 20021,
            "year": 2002,
            "quarter": 1,
            "eps": null,
            "eps_growth_year": null,
            "eps_4q": null,
            "eps_4q_growth_year": null,
            "roe": null,
            "roe_4q": 0,
            "gross_profit": null,
            "gross_margin": null,
            "gross_margin_4q_avg": 0,
            "net_income": null,
            "net_income_4q": null,
            "revenue": null,
            "revenue_4q": null,
            "common_shares": null,
            "book_valuer_per_share": null,
            "book_valuer_per_share_4q_avg": 0,
            "equity": null,
            "current_ratio": null,
            "debt_ratio": null,
            "inventory_turnover_ratio": null,
            "account_receivable_turnover_ratio": null,
            "reinvestment_rate": null,
            "research_to_sale_ratio": null,
            "price_fair": 0,
            "eps_avg_yearly": 0,
            "eps_latest_yearly": 0,
            "eps_growth_yearly": 0
        },
        "20022": {
            "year_quarter": 20022,
            "year": 2002,
            "quarter": 2,
            "eps": null,
            "eps_growth_year": null,
            "eps_4q": null,
            "eps_4q_growth_year": null,
            "roe": null,
            "roe_4q": 0,
            "gross_profit": null,
            "gross_margin": null,
            "gross_margin_4q_avg": 0,
            "net_income": null,
            "net_income_4q": null,
            "revenue": null,
            "revenue_4q": null,
            "common_shares": null,
            "book_valuer_per_share": null,
            "book_valuer_per_share_4q_avg": 0,
            "equity": null,
            "current_ratio": null,
            "debt_ratio": null,
            "inventory_turnover_ratio": null,
            "account_receivable_turnover_ratio": null,
            "reinvestment_rate": null,
            "research_to_sale_ratio": null,
            "price_fair": 0,
            "eps_avg_yearly": 0,
            "eps_latest_yearly": 0,
            "eps_growth_yearly": 0
        },
        "20023": {
            "year_quarter": 20023,
            "year": 2002,
            "quarter": 3,
            "eps": null,
            "eps_growth_year": null,
            "eps_4q": null,
            "eps_4q_growth_year": null,
            "roe": null,
            "roe_4q": 0,
            "gross_profit": null,
            "gross_margin": null,
            "gross_margin_4q_avg": 0,
            "net_income": null,
            "net_income_4q": null,
            "revenue": null,
            "revenue_4q": null,
            "common_shares": null,
            "book_valuer_per_share": null,
            "book_valuer_per_share_4q_avg": 0,
            "equity": null,
            "current_ratio": null,
            "debt_ratio": null,
            "inventory_turnover_ratio": null,
            "account_receivable_turnover_ratio": null,
            "reinvestment_rate": null,
            "research_to_sale_ratio": null,
            "price_fair": 0,
            "eps_avg_yearly": 0,
            "eps_latest_yearly": 0,
            "eps_growth_yearly": 0
        },
        "20024": {
            "year_quarter": 20024,
            "year": 2002,
            "quarter": 4,
            "eps": null,
            "eps_growth_year": null,
            "eps_4q": null,
            "eps_4q_growth_year": null,
            "roe": null,
            "roe_4q": 0,
            "gross_profit": null,
            "gross_margin": null,
            "gross_margin_4q_avg": 0,
            "net_income": null,
            "net_income_4q": null,
            "revenue": null,
            "revenue_4q": null,
            "common_shares": null,
            "book_valuer_per_share": null,
            "book_valuer_per_share_4q_avg": 0,
            "equity": null,
            "current_ratio": null,
            "debt_ratio": null,
            "inventory_turnover_ratio": null,
            "account_receivable_turnover_ratio": null,
            "reinvestment_rate": null,
            "research_to_sale_ratio": null,
            "price_fair": 0,
            "eps_avg_yearly": 0,
            "eps_latest_yearly": 0,
            "eps_growth_yearly": 0
        },
        "20031": {
            "year_quarter": 20031,
            "year": 2003,
            "quarter": 1,
            "eps": null,
            "eps_growth_year": null,
            "eps_4q": null,
            "eps_4q_growth_year": null,
            "roe": null,
            "roe_4q": 0,
            "gross_profit": null,
            "gross_margin": null,
            "gross_margin_4q_avg": 0,
            "net_income": null,
            "net_income_4q": null,
            "revenue": null,
            "revenue_4q": null,
            "common_shares": null,
            "book_valuer_per_share": null,
            "book_valuer_per_share_4q_avg": 0,
            "equity": null,
            "current_ratio": null,
            "debt_ratio": null,
            "inventory_turnover_ratio": null,
            "account_receivable_turnover_ratio": null,
            "reinvestment_rate": null,
            "research_to_sale_ratio": null,
            "price_fair": 0,
            "eps_avg_yearly": 0,
            "eps_latest_yearly": 0,
            "eps_growth_yearly": 0
        },
        "20032": {
            "year_quarter": 20032,
            "year": 2003,
            "quarter": 2,
            "eps": null,
            "eps_growth_year": null,
            "eps_4q": null,
            "eps_4q_growth_year": null,
            "roe": null,
            "roe_4q": 0,
            "gross_profit": null,
            "gross_margin": null,
            "gross_margin_4q_avg": 0,
            "net_income": null,
            "net_income_4q": null,
            "revenue": null,
            "revenue_4q": null,
            "common_shares": null,
            "book_valuer_per_share": null,
            "book_valuer_per_share_4q_avg": 0,
            "equity": null,
            "current_ratio": null,
            "debt_ratio": null,
            "inventory_turnover_ratio": null,
            "account_receivable_turnover_ratio": null,
            "reinvestment_rate": null,
            "research_to_sale_ratio": null,
            "price_fair": 0,
            "eps_avg_yearly": 0,
            "eps_latest_yearly": 0,
            "eps_growth_yearly": 0
        },
        "20033": {
            "year_quarter": 20033,
            "year": 2003,
            "quarter": 3,
            "eps": null,
            "eps_growth_year": null,
            "eps_4q": null,
            "eps_4q_growth_year": null,
            "roe": null,
            "roe_4q": 0,
            "gross_profit": null,
            "gross_margin": null,
            "gross_margin_4q_avg": 0,
            "net_income": null,
            "net_income_4q": null,
            "revenue": null,
            "revenue_4q": null,
            "common_shares": null,
            "book_valuer_per_share": null,
            "book_valuer_per_share_4q_avg": 0,
            "equity": null,
            "current_ratio": null,
            "debt_ratio": null,
            "inventory_turnover_ratio": null,
            "account_receivable_turnover_ratio": null,
            "reinvestment_rate": null,
            "research_to_sale_ratio": null,
            "price_fair": 0,
            "eps_avg_yearly": 0,
            "eps_latest_yearly": 0,
            "eps_growth_yearly": 0
        },
        "20034": {
            "year_quarter": 20034,
            "year": 2003,
            "quarter": 4,
            "eps": null,
            "eps_growth_year": null,
            "eps_4q": null,
            "eps_4q_growth_year": null,
            "roe": null,
            "roe_4q": 0,
            "gross_profit": null,
            "gross_margin": null,
            "gross_margin_4q_avg": 0,
            "net_income": null,
            "net_income_4q": null,
            "revenue": null,
            "revenue_4q": null,
            "common_shares": null,
            "book_valuer_per_share": null,
            "book_valuer_per_share_4q_avg": 0,
            "equity": null,
            "current_ratio": null,
            "debt_ratio": null,
            "inventory_turnover_ratio": null,
            "account_receivable_turnover_ratio": null,
            "reinvestment_rate": null,
            "research_to_sale_ratio": null,
            "price_fair": 0,
            "eps_avg_yearly": 0,
            "eps_latest_yearly": 0,
            "eps_growth_yearly": 0
        },
        "20041": {
            "year_quarter": 20041,
            "year": 2004,
            "quarter": 1,
            "eps": null,
            "eps_growth_year": null,
            "eps_4q": null,
            "eps_4q_growth_year": null,
            "roe": null,
            "roe_4q": 0,
            "gross_profit": null,
            "gross_margin": null,
            "gross_margin_4q_avg": 0,
            "net_income": null,
            "net_income_4q": null,
            "revenue": null,
            "revenue_4q": null,
            "common_shares": null,
            "book_valuer_per_share": null,
            "book_valuer_per_share_4q_avg": 0,
            "equity": null,
            "current_ratio": null,
            "debt_ratio": null,
            "inventory_turnover_ratio": null,
            "account_receivable_turnover_ratio": null,
            "reinvestment_rate": null,
            "research_to_sale_ratio": null,
            "price_fair": 0,
            "eps_avg_yearly": 0,
            "eps_latest_yearly": 0,
            "eps_growth_yearly": 0
        },
        "20042": {
            "year_quarter": 20042,
            "year": 2004,
            "quarter": 2,
            "eps": null,
            "eps_growth_year": null,
            "eps_4q": null,
            "eps_4q_growth_year": null,
            "roe": null,
            "roe_4q": 0,
            "gross_profit": null,
            "gross_margin": null,
            "gross_margin_4q_avg": 0,
            "net_income": null,
            "net_income_4q": null,
            "revenue": null,
            "revenue_4q": null,
            "common_shares": null,
            "book_valuer_per_share": null,
            "book_valuer_per_share_4q_avg": 0,
            "equity": null,
            "current_ratio": null,
            "debt_ratio": null,
            "inventory_turnover_ratio": null,
            "account_receivable_turnover_ratio": null,
            "reinvestment_rate": null,
            "research_to_sale_ratio": null,
            "price_fair": 0,
            "eps_avg_yearly": 0,
            "eps_latest_yearly": 0,
            "eps_growth_yearly": 0
        },
        "20043": {
            "year_quarter": 20043,
            "year": 2004,
            "quarter": 3,
            "eps": null,
            "eps_growth_year": null,
            "eps_4q": null,
            "eps_4q_growth_year": null,
            "roe": null,
            "roe_4q": 0,
            "gross_profit": null,
            "gross_margin": null,
            "gross_margin_4q_avg": 0,
            "net_income": null,
            "net_income_4q": null,
            "revenue": null,
            "revenue_4q": null,
            "common_shares": null,
            "book_valuer_per_share": null,
            "book_valuer_per_share_4q_avg": 0,
            "equity": null,
            "current_ratio": null,
            "debt_ratio": null,
            "inventory_turnover_ratio": null,
            "account_receivable_turnover_ratio": null,
            "reinvestment_rate": null,
            "research_to_sale_ratio": null,
            "price_fair": 0,
            "eps_avg_yearly": 0,
            "eps_latest_yearly": 0,
            "eps_growth_yearly": 0
        },
        "20044": {
            "year_quarter": 20044,
            "year": 2004,
            "quarter": 4,
            "eps": null,
            "eps_growth_year": null,
            "eps_4q": null,
            "eps_4q_growth_year": null,
            "roe": null,
            "roe_4q": 0,
            "gross_profit": null,
            "gross_margin": null,
            "gross_margin_4q_avg": 0,
            "net_income": null,
            "net_income_4q": null,
            "revenue": null,
            "revenue_4q": null,
            "common_shares": null,
            "book_valuer_per_share": null,
            "book_valuer_per_share_4q_avg": 0,
            "equity": null,
            "current_ratio": null,
            "debt_ratio": null,
            "inventory_turnover_ratio": null,
            "account_receivable_turnover_ratio": null,
            "reinvestment_rate": null,
            "research_to_sale_ratio": null,
            "price_fair": 0,
            "eps_avg_yearly": 0,
            "eps_latest_yearly": 0,
            "eps_growth_yearly": 0
        },
        "20051": {
            "year_quarter": 20051,
            "year": 2005,
            "quarter": 1,
            "eps": null,
            "eps_growth_year": null,
            "eps_4q": null,
            "eps_4q_growth_year": null,
            "roe": null,
            "roe_4q": 0,
            "gross_profit": null,
            "gross_margin": null,
            "gross_margin_4q_avg": 0,
            "net_income": null,
            "net_income_4q": null,
            "revenue": null,
            "revenue_4q": null,
            "common_shares": null,
            "book_valuer_per_share": null,
            "book_valuer_per_share_4q_avg": 0,
            "equity": null,
            "current_ratio": null,
            "debt_ratio": null,
            "inventory_turnover_ratio": null,
            "account_receivable_turnover_ratio": null,
            "reinvestment_rate": null,
            "research_to_sale_ratio": null,
            "price_fair": 0,
            "eps_avg_yearly": 0,
            "eps_latest_yearly": 0,
            "eps_growth_yearly": 0
        },
        "20052": {
            "year_quarter": 20052,
            "year": 2005,
            "quarter": 2,
            "eps": null,
            "eps_growth_year": null,
            "eps_4q": null,
            "eps_4q_growth_year": null,
            "roe": null,
            "roe_4q": 0,
            "gross_profit": null,
            "gross_margin": null,
            "gross_margin_4q_avg": 0,
            "net_income": null,
            "net_income_4q": null,
            "revenue": null,
            "revenue_4q": null,
            "common_shares": null,
            "book_valuer_per_share": null,
            "book_valuer_per_share_4q_avg": 0,
            "equity": null,
            "current_ratio": null,
            "debt_ratio": null,
            "inventory_turnover_ratio": null,
            "account_receivable_turnover_ratio": null,
            "reinvestment_rate": null,
            "research_to_sale_ratio": null,
            "price_fair": 0,
            "eps_avg_yearly": 0,
            "eps_latest_yearly": 0,
            "eps_growth_yearly": 0
        },
        "20053": {
            "year_quarter": 20053,
            "year": 2005,
            "quarter": 3,
            "eps": null,
            "eps_growth_year": null,
            "eps_4q": null,
            "eps_4q_growth_year": null,
            "roe": null,
            "roe_4q": 0,
            "gross_profit": null,
            "gross_margin": null,
            "gross_margin_4q_avg": 0,
            "net_income": null,
            "net_income_4q": null,
            "revenue": null,
            "revenue_4q": null,
            "common_shares": null,
            "book_valuer_per_share": null,
            "book_valuer_per_share_4q_avg": 0,
            "equity": null,
            "current_ratio": null,
            "debt_ratio": null,
            "inventory_turnover_ratio": null,
            "account_receivable_turnover_ratio": null,
            "reinvestment_rate": null,
            "research_to_sale_ratio": null,
            "price_fair": 0,
            "eps_avg_yearly": 0,
            "eps_latest_yearly": 0,
            "eps_growth_yearly": 0
        },
        "20054": {
            "year_quarter": 20054,
            "year": 2005,
            "quarter": 4,
            "eps": null,
            "eps_growth_year": null,
            "eps_4q": null,
            "eps_4q_growth_year": null,
            "roe": null,
            "roe_4q": 0,
            "gross_profit": null,
            "gross_margin": null,
            "gross_margin_4q_avg": 0,
            "net_income": null,
            "net_income_4q": null,
            "revenue": null,
            "revenue_4q": null,
            "common_shares": null,
            "book_valuer_per_share": null,
            "book_valuer_per_share_4q_avg": 0,
            "equity": null,
            "current_ratio": null,
            "debt_ratio": null,
            "inventory_turnover_ratio": null,
            "account_receivable_turnover_ratio": null,
            "reinvestment_rate": null,
            "research_to_sale_ratio": null,
            "price_fair": 0,
            "eps_avg_yearly": 0,
            "eps_latest_yearly": 0,
            "eps_growth_yearly": 0
        },
        "20061": {
            "year_quarter": 20061,
            "year": 2006,
            "quarter": 1,
            "eps": null,
            "eps_growth_year": null,
            "eps_4q": null,
            "eps_4q_growth_year": null,
            "roe": null,
            "roe_4q": 0,
            "gross_profit": null,
            "gross_margin": null,
            "gross_margin_4q_avg": 0,
            "net_income": null,
            "net_income_4q": null,
            "revenue": null,
            "revenue_4q": null,
            "common_shares": null,
            "book_valuer_per_share": null,
            "book_valuer_per_share_4q_avg": 0,
            "equity": null,
            "current_ratio": null,
            "debt_ratio": null,
            "inventory_turnover_ratio": null,
            "account_receivable_turnover_ratio": null,
            "reinvestment_rate": null,
            "research_to_sale_ratio": null,
            "price_fair": 0,
            "eps_avg_yearly": 0,
            "eps_latest_yearly": 0,
            "eps_growth_yearly": 0
        },
        "20062": {
            "year_quarter": 20062,
            "year": 2006,
            "quarter": 2,
            "eps": null,
            "eps_growth_year": null,
            "eps_4q": null,
            "eps_4q_growth_year": null,
            "roe": null,
            "roe_4q": 0,
            "gross_profit": null,
            "gross_margin": null,
            "gross_margin_4q_avg": 0,
            "net_income": null,
            "net_income_4q": null,
            "revenue": null,
            "revenue_4q": null,
            "common_shares": null,
            "book_valuer_per_share": null,
            "book_valuer_per_share_4q_avg": 0,
            "equity": null,
            "current_ratio": null,
            "debt_ratio": null,
            "inventory_turnover_ratio": null,
            "account_receivable_turnover_ratio": null,
            "reinvestment_rate": null,
            "research_to_sale_ratio": null,
            "price_fair": 0,
            "eps_avg_yearly": 0,
            "eps_latest_yearly": 0,
            "eps_growth_yearly": 0
        },
        "20063": {
            "year_quarter": 20063,
            "year": 2006,
            "quarter": 3,
            "eps": null,
            "eps_growth_year": null,
            "eps_4q": null,
            "eps_4q_growth_year": null,
            "roe": null,
            "roe_4q": 0,
            "gross_profit": null,
            "gross_margin": null,
            "gross_margin_4q_avg": 0,
            "net_income": null,
            "net_income_4q": null,
            "revenue": null,
            "revenue_4q": null,
            "common_shares": null,
            "book_valuer_per_share": null,
            "book_valuer_per_share_4q_avg": 0,
            "equity": null,
            "current_ratio": null,
            "debt_ratio": null,
            "inventory_turnover_ratio": null,
            "account_receivable_turnover_ratio": null,
            "reinvestment_rate": null,
            "research_to_sale_ratio": null,
            "price_fair": 0,
            "eps_avg_yearly": 0,
            "eps_latest_yearly": 0,
            "eps_growth_yearly": 0
        },
        "20064": {
            "year_quarter": 20064,
            "year": 2006,
            "quarter": 4,
            "eps": null,
            "eps_growth_year": null,
            "eps_4q": null,
            "eps_4q_growth_year": null,
            "roe": null,
            "roe_4q": 0,
            "gross_profit": null,
            "gross_margin": null,
            "gross_margin_4q_avg": 0,
            "net_income": null,
            "net_income_4q": null,
            "revenue": null,
            "revenue_4q": null,
            "common_shares": null,
            "book_valuer_per_share": null,
            "book_valuer_per_share_4q_avg": 0,
            "equity": null,
            "current_ratio": null,
            "debt_ratio": null,
            "inventory_turnover_ratio": null,
            "account_receivable_turnover_ratio": null,
            "reinvestment_rate": null,
            "research_to_sale_ratio": null,
            "price_fair": 0,
            "eps_avg_yearly": 0,
            "eps_latest_yearly": 0,
            "eps_growth_yearly": 0
        },
        "20071": {
            "year_quarter": 20071,
            "year": 2007,
            "quarter": 1,
            "eps": null,
            "eps_growth_year": null,
            "eps_4q": null,
            "eps_4q_growth_year": null,
            "roe": null,
            "roe_4q": 0,
            "gross_profit": null,
            "gross_margin": null,
            "gross_margin_4q_avg": 0,
            "net_income": null,
            "net_income_4q": null,
            "revenue": null,
            "revenue_4q": null,
            "common_shares": null,
            "book_valuer_per_share": null,
            "book_valuer_per_share_4q_avg": 0,
            "equity": null,
            "current_ratio": null,
            "debt_ratio": null,
            "inventory_turnover_ratio": null,
            "account_receivable_turnover_ratio": null,
            "reinvestment_rate": null,
            "research_to_sale_ratio": null,
            "price_fair": 0,
            "eps_avg_yearly": 0,
            "eps_latest_yearly": 0,
            "eps_growth_yearly": 0
        },
        "20072": {
            "year_quarter": 20072,
            "year": 2007,
            "quarter": 2,
            "eps": null,
            "eps_growth_year": null,
            "eps_4q": null,
            "eps_4q_growth_year": null,
            "roe": null,
            "roe_4q": 0,
            "gross_profit": null,
            "gross_margin": null,
            "gross_margin_4q_avg": 0,
            "net_income": null,
            "net_income_4q": null,
            "revenue": null,
            "revenue_4q": null,
            "common_shares": null,
            "book_valuer_per_share": null,
            "book_valuer_per_share_4q_avg": 0,
            "equity": null,
            "current_ratio": null,
            "debt_ratio": null,
            "inventory_turnover_ratio": null,
            "account_receivable_turnover_ratio": null,
            "reinvestment_rate": null,
            "research_to_sale_ratio": null,
            "price_fair": 0,
            "eps_avg_yearly": 0,
            "eps_latest_yearly": 0,
            "eps_growth_yearly": 0
        },
        "20073": {
            "year_quarter": 20073,
            "year": 2007,
            "quarter": 3,
            "eps": null,
            "eps_growth_year": null,
            "eps_4q": null,
            "eps_4q_growth_year": null,
            "roe": null,
            "roe_4q": 0,
            "gross_profit": null,
            "gross_margin": null,
            "gross_margin_4q_avg": 0,
            "net_income": null,
            "net_income_4q": null,
            "revenue": null,
            "revenue_4q": null,
            "common_shares": null,
            "book_valuer_per_share": null,
            "book_valuer_per_share_4q_avg": 0,
            "equity": null,
            "current_ratio": null,
            "debt_ratio": null,
            "inventory_turnover_ratio": null,
            "account_receivable_turnover_ratio": null,
            "reinvestment_rate": null,
            "research_to_sale_ratio": null,
            "price_fair": 0,
            "eps_avg_yearly": 0,
            "eps_latest_yearly": 0,
            "eps_growth_yearly": 0
        },
        "20074": {
            "year_quarter": 20074,
            "year": 2007,
            "quarter": 4,
            "eps": null,
            "eps_growth_year": null,
            "eps_4q": null,
            "eps_4q_growth_year": null,
            "roe": null,
            "roe_4q": 0,
            "gross_profit": null,
            "gross_margin": null,
            "gross_margin_4q_avg": 0,
            "net_income": null,
            "net_income_4q": null,
            "revenue": null,
            "revenue_4q": null,
            "common_shares": null,
            "book_valuer_per_share": null,
            "book_valuer_per_share_4q_avg": 0,
            "equity": null,
            "current_ratio": null,
            "debt_ratio": null,
            "inventory_turnover_ratio": null,
            "account_receivable_turnover_ratio": null,
            "reinvestment_rate": null,
            "research_to_sale_ratio": null,
            "price_fair": 0,
            "eps_avg_yearly": 0,
            "eps_latest_yearly": 0,
            "eps_growth_yearly": 0
        },
        "20081": {
            "year_quarter": 20081,
            "year": 2008,
            "quarter": 1,
            "eps": null,
            "eps_growth_year": null,
            "eps_4q": null,
            "eps_4q_growth_year": null,
            "roe": null,
            "roe_4q": 0,
            "gross_profit": null,
            "gross_margin": null,
            "gross_margin_4q_avg": 0,
            "net_income": null,
            "net_income_4q": null,
            "revenue": null,
            "revenue_4q": null,
            "common_shares": null,
            "book_valuer_per_share": null,
            "book_valuer_per_share_4q_avg": 0,
            "equity": null,
            "current_ratio": null,
            "debt_ratio": null,
            "inventory_turnover_ratio": null,
            "account_receivable_turnover_ratio": null,
            "reinvestment_rate": null,
            "research_to_sale_ratio": null,
            "price_fair": 0,
            "eps_avg_yearly": 0,
            "eps_latest_yearly": 0,
            "eps_growth_yearly": 0
        },
        "20082": {
            "year_quarter": 20082,
            "year": 2008,
            "quarter": 2,
            "eps": null,
            "eps_growth_year": null,
            "eps_4q": null,
            "eps_4q_growth_year": null,
            "roe": null,
            "roe_4q": 0,
            "gross_profit": null,
            "gross_margin": null,
            "gross_margin_4q_avg": 0,
            "net_income": null,
            "net_income_4q": null,
            "revenue": null,
            "revenue_4q": null,
            "common_shares": null,
            "book_valuer_per_share": null,
            "book_valuer_per_share_4q_avg": 0,
            "equity": null,
            "current_ratio": null,
            "debt_ratio": null,
            "inventory_turnover_ratio": null,
            "account_receivable_turnover_ratio": null,
            "reinvestment_rate": null,
            "research_to_sale_ratio": null,
            "price_fair": 0,
            "eps_avg_yearly": 0,
            "eps_latest_yearly": 0,
            "eps_growth_yearly": 0
        },
        "20083": {
            "year_quarter": 20083,
            "year": 2008,
            "quarter": 3,
            "eps": null,
            "eps_growth_year": null,
            "eps_4q": null,
            "eps_4q_growth_year": null,
            "roe": null,
            "roe_4q": 0,
            "gross_profit": null,
            "gross_margin": null,
            "gross_margin_4q_avg": 0,
            "net_income": null,
            "net_income_4q": null,
            "revenue": null,
            "revenue_4q": null,
            "common_shares": null,
            "book_valuer_per_share": null,
            "book_valuer_per_share_4q_avg": 0,
            "equity": null,
            "current_ratio": null,
            "debt_ratio": null,
            "inventory_turnover_ratio": null,
            "account_receivable_turnover_ratio": null,
            "reinvestment_rate": null,
            "research_to_sale_ratio": null,
            "price_fair": 0,
            "eps_avg_yearly": 0,
            "eps_latest_yearly": 0,
            "eps_growth_yearly": 0
        },
        "20084": {
            "year_quarter": 20084,
            "year": 2008,
            "quarter": 4,
            "eps": null,
            "eps_growth_year": null,
            "eps_4q": null,
            "eps_4q_growth_year": null,
            "roe": null,
            "roe_4q": 0,
            "gross_profit": null,
            "gross_margin": null,
            "gross_margin_4q_avg": 0,
            "net_income": null,
            "net_income_4q": null,
            "revenue": null,
            "revenue_4q": null,
            "common_shares": null,
            "book_valuer_per_share": null,
            "book_valuer_per_share_4q_avg": 0,
            "equity": null,
            "current_ratio": null,
            "debt_ratio": null,
            "inventory_turnover_ratio": null,
            "account_receivable_turnover_ratio": null,
            "reinvestment_rate": null,
            "research_to_sale_ratio": null,
            "price_fair": 0,
            "eps_avg_yearly": 0,
            "eps_latest_yearly": 0,
            "eps_growth_yearly": 0
        },
        "20091": {
            "year_quarter": 20091,
            "year": 2009,
            "quarter": 1,
            "eps": null,
            "eps_growth_year": null,
            "eps_4q": null,
            "eps_4q_growth_year": null,
            "roe": null,
            "roe_4q": 0,
            "gross_profit": null,
            "gross_margin": null,
            "gross_margin_4q_avg": 0,
            "net_income": null,
            "net_income_4q": null,
            "revenue": null,
            "revenue_4q": null,
            "common_shares": null,
            "book_valuer_per_share": null,
            "book_valuer_per_share_4q_avg": 0,
            "equity": null,
            "current_ratio": null,
            "debt_ratio": null,
            "inventory_turnover_ratio": null,
            "account_receivable_turnover_ratio": null,
            "reinvestment_rate": null,
            "research_to_sale_ratio": null,
            "price_fair": 0,
            "eps_avg_yearly": 0,
            "eps_latest_yearly": 0,
            "eps_growth_yearly": 0
        },
        "20092": {
            "year_quarter": 20092,
            "year": 2009,
            "quarter": 2,
            "eps": null,
            "eps_growth_year": null,
            "eps_4q": null,
            "eps_4q_growth_year": null,
            "roe": null,
            "roe_4q": 0,
            "gross_profit": null,
            "gross_margin": null,
            "gross_margin_4q_avg": 0,
            "net_income": null,
            "net_income_4q": null,
            "revenue": null,
            "revenue_4q": null,
            "common_shares": null,
            "book_valuer_per_share": null,
            "book_valuer_per_share_4q_avg": 0,
            "equity": null,
            "current_ratio": null,
            "debt_ratio": null,
            "inventory_turnover_ratio": null,
            "account_receivable_turnover_ratio": null,
            "reinvestment_rate": null,
            "research_to_sale_ratio": null,
            "price_fair": 0,
            "eps_avg_yearly": 0,
            "eps_latest_yearly": 0,
            "eps_growth_yearly": 0
        },
        "20093": {
            "year_quarter": 20093,
            "year": 2009,
            "quarter": 3,
            "eps": null,
            "eps_growth_year": null,
            "eps_4q": null,
            "eps_4q_growth_year": null,
            "roe": null,
            "roe_4q": 0,
            "gross_profit": null,
            "gross_margin": null,
            "gross_margin_4q_avg": 0,
            "net_income": null,
            "net_income_4q": null,
            "revenue": null,
            "revenue_4q": null,
            "common_shares": null,
            "book_valuer_per_share": null,
            "book_valuer_per_share_4q_avg": 0,
            "equity": null,
            "current_ratio": null,
            "debt_ratio": null,
            "inventory_turnover_ratio": null,
            "account_receivable_turnover_ratio": null,
            "reinvestment_rate": null,
            "research_to_sale_ratio": null,
            "price_fair": 0,
            "eps_avg_yearly": 0,
            "eps_latest_yearly": 0,
            "eps_growth_yearly": 0
        },
        "20094": {
            "year_quarter": 20094,
            "year": 2009,
            "quarter": 4,
            "eps": null,
            "eps_growth_year": null,
            "eps_4q": null,
            "eps_4q_growth_year": null,
            "roe": null,
            "roe_4q": 0,
            "gross_profit": null,
            "gross_margin": null,
            "gross_margin_4q_avg": 0,
            "net_income": null,
            "net_income_4q": null,
            "revenue": null,
            "revenue_4q": null,
            "common_shares": null,
            "book_valuer_per_share": null,
            "book_valuer_per_share_4q_avg": 0,
            "equity": null,
            "current_ratio": null,
            "debt_ratio": null,
            "inventory_turnover_ratio": null,
            "account_receivable_turnover_ratio": null,
            "reinvestment_rate": null,
            "research_to_sale_ratio": null,
            "price_fair": 0,
            "eps_avg_yearly": 0,
            "eps_latest_yearly": 0,
            "eps_growth_yearly": 0
        },
        "20101": {
            "year_quarter": 20101,
            "year": 2010,
            "quarter": 1,
            "eps": null,
            "eps_growth_year": null,
            "eps_4q": null,
            "eps_4q_growth_year": null,
            "roe": null,
            "roe_4q": 0,
            "gross_profit": null,
            "gross_margin": null,
            "gross_margin_4q_avg": 0,
            "net_income": null,
            "net_income_4q": null,
            "revenue": null,
            "revenue_4q": null,
            "common_shares": null,
            "book_valuer_per_share": null,
            "book_valuer_per_share_4q_avg": 0,
            "equity": null,
            "current_ratio": null,
            "debt_ratio": null,
            "inventory_turnover_ratio": null,
            "account_receivable_turnover_ratio": null,
            "reinvestment_rate": null,
            "research_to_sale_ratio": null,
            "price_fair": 0,
            "eps_avg_yearly": 0,
            "eps_latest_yearly": 0,
            "eps_growth_yearly": 0
        },
        "20102": {
            "year_quarter": 20102,
            "year": 2010,
            "quarter": 2,
            "eps": null,
            "eps_growth_year": null,
            "eps_4q": null,
            "eps_4q_growth_year": null,
            "roe": null,
            "roe_4q": 0,
            "gross_profit": null,
            "gross_margin": null,
            "gross_margin_4q_avg": 0,
            "net_income": null,
            "net_income_4q": null,
            "revenue": null,
            "revenue_4q": null,
            "common_shares": null,
            "book_valuer_per_share": null,
            "book_valuer_per_share_4q_avg": 0,
            "equity": null,
            "current_ratio": null,
            "debt_ratio": null,
            "inventory_turnover_ratio": null,
            "account_receivable_turnover_ratio": null,
            "reinvestment_rate": null,
            "research_to_sale_ratio": null,
            "price_fair": 0,
            "eps_avg_yearly": 0,
            "eps_latest_yearly": 0,
            "eps_growth_yearly": 0
        },
        "20103": {
            "year_quarter": 20103,
            "year": 2010,
            "quarter": 3,
            "eps": null,
            "eps_growth_year": null,
            "eps_4q": null,
            "eps_4q_growth_year": null,
            "roe": null,
            "roe_4q": 0,
            "gross_profit": null,
            "gross_margin": null,
            "gross_margin_4q_avg": 0,
            "net_income": null,
            "net_income_4q": null,
            "revenue": null,
            "revenue_4q": null,
            "common_shares": null,
            "book_valuer_per_share": null,
            "book_valuer_per_share_4q_avg": 0,
            "equity": null,
            "current_ratio": null,
            "debt_ratio": null,
            "inventory_turnover_ratio": null,
            "account_receivable_turnover_ratio": null,
            "reinvestment_rate": null,
            "research_to_sale_ratio": null,
            "price_fair": 0,
            "eps_avg_yearly": 0,
            "eps_latest_yearly": 0,
            "eps_growth_yearly": 0
        },
        "20104": {
            "year_quarter": 20104,
            "year": 2010,
            "quarter": 4,
            "eps": null,
            "eps_growth_year": null,
            "eps_4q": null,
            "eps_4q_growth_year": null,
            "roe": null,
            "roe_4q": 0,
            "gross_profit": null,
            "gross_margin": null,
            "gross_margin_4q_avg": 0,
            "net_income": null,
            "net_income_4q": null,
            "revenue": null,
            "revenue_4q": null,
            "common_shares": null,
            "book_valuer_per_share": null,
            "book_valuer_per_share_4q_avg": 0,
            "equity": null,
            "current_ratio": null,
            "debt_ratio": null,
            "inventory_turnover_ratio": null,
            "account_receivable_turnover_ratio": null,
            "reinvestment_rate": null,
            "research_to_sale_ratio": null,
            "price_fair": 0,
            "eps_avg_yearly": 0,
            "eps_latest_yearly": 0,
            "eps_growth_yearly": 0
        },
        "20111": {
            "year_quarter": 20111,
            "year": 2011,
            "quarter": 1,
            "eps": null,
            "eps_growth_year": null,
            "eps_4q": null,
            "eps_4q_growth_year": null,
            "roe": null,
            "roe_4q": 0,
            "gross_profit": null,
            "gross_margin": null,
            "gross_margin_4q_avg": 0,
            "net_income": null,
            "net_income_4q": null,
            "revenue": null,
            "revenue_4q": null,
            "common_shares": null,
            "book_valuer_per_share": null,
            "book_valuer_per_share_4q_avg": 0,
            "equity": null,
            "current_ratio": null,
            "debt_ratio": null,
            "inventory_turnover_ratio": null,
            "account_receivable_turnover_ratio": null,
            "reinvestment_rate": null,
            "research_to_sale_ratio": null,
            "price_fair": 0,
            "eps_avg_yearly": 0,
            "eps_latest_yearly": 0,
            "eps_growth_yearly": 0
        },
        "20112": {
            "year_quarter": 20112,
            "year": 2011,
            "quarter": 2,
            "eps": null,
            "eps_growth_year": null,
            "eps_4q": null,
            "eps_4q_growth_year": null,
            "roe": null,
            "roe_4q": 0,
            "gross_profit": null,
            "gross_margin": null,
            "gross_margin_4q_avg": 0,
            "net_income": null,
            "net_income_4q": null,
            "revenue": null,
            "revenue_4q": null,
            "common_shares": null,
            "book_valuer_per_share": null,
            "book_valuer_per_share_4q_avg": 0,
            "equity": null,
            "current_ratio": null,
            "debt_ratio": null,
            "inventory_turnover_ratio": null,
            "account_receivable_turnover_ratio": null,
            "reinvestment_rate": null,
            "research_to_sale_ratio": null,
            "price_fair": 0,
            "eps_avg_yearly": 0,
            "eps_latest_yearly": 0,
            "eps_growth_yearly": 0
        },
        "20113": {
            "year_quarter": 20113,
            "year": 2011,
            "quarter": 3,
            "eps": null,
            "eps_growth_year": null,
            "eps_4q": null,
            "eps_4q_growth_year": null,
            "roe": null,
            "roe_4q": 0,
            "gross_profit": null,
            "gross_margin": null,
            "gross_margin_4q_avg": 0,
            "net_income": null,
            "net_income_4q": null,
            "revenue": null,
            "revenue_4q": null,
            "common_shares": null,
            "book_valuer_per_share": null,
            "book_valuer_per_share_4q_avg": 0,
            "equity": null,
            "current_ratio": null,
            "debt_ratio": null,
            "inventory_turnover_ratio": null,
            "account_receivable_turnover_ratio": null,
            "reinvestment_rate": null,
            "research_to_sale_ratio": null,
            "price_fair": 0,
            "eps_avg_yearly": 0,
            "eps_latest_yearly": 0,
            "eps_growth_yearly": 0
        },
        "20114": {
            "year_quarter": 20114,
            "year": 2011,
            "quarter": 4,
            "eps": null,
            "eps_growth_year": null,
            "eps_4q": null,
            "eps_4q_growth_year": null,
            "roe": null,
            "roe_4q": 0,
            "gross_profit": null,
            "gross_margin": null,
            "gross_margin_4q_avg": 0,
            "net_income": null,
            "net_income_4q": null,
            "revenue": null,
            "revenue_4q": null,
            "common_shares": 235000,
            "book_valuer_per_share": 12.71,
            "book_valuer_per_share_4q_avg": 3.18,
            "equity": 298794,
            "current_ratio": 232.59,
            "debt_ratio": 33.17,
            "inventory_turnover_ratio": null,
            "account_receivable_turnover_ratio": null,
            "reinvestment_rate": null,
            "research_to_sale_ratio": null,
            "price_fair": 0,
            "eps_avg_yearly": 0,
            "eps_latest_yearly": 0,
            "eps_growth_yearly": 0
        },
        "20121": {
            "year_quarter": 20121,
            "year": 2012,
            "quarter": 1,
            "eps": null,
            "eps_growth_year": null,
            "eps_4q": null,
            "eps_4q_growth_year": null,
            "roe": null,
            "roe_4q": 0,
            "gross_profit": null,
            "gross_margin": null,
            "gross_margin_4q_avg": 0,
            "net_income": null,
            "net_income_4q": null,
            "revenue": null,
            "revenue_4q": null,
            "common_shares": null,
            "book_valuer_per_share": null,
            "book_valuer_per_share_4q_avg": 3.18,
            "equity": null,
            "current_ratio": null,
            "debt_ratio": null,
            "inventory_turnover_ratio": null,
            "account_receivable_turnover_ratio": null,
            "reinvestment_rate": null,
            "research_to_sale_ratio": null,
            "price_fair": 0,
            "eps_avg_yearly": 0,
            "eps_latest_yearly": 0,
            "eps_growth_yearly": 0
        },
        "20122": {
            "year_quarter": 20122,
            "year": 2012,
            "quarter": 2,
            "eps": null,
            "eps_growth_year": null,
            "eps_4q": null,
            "eps_4q_growth_year": null,
            "roe": null,
            "roe_4q": 0,
            "gross_profit": null,
            "gross_margin": null,
            "gross_margin_4q_avg": 0,
            "net_income": null,
            "net_income_4q": null,
            "revenue": null,
            "revenue_4q": null,
            "common_shares": null,
            "book_valuer_per_share": null,
            "book_valuer_per_share_4q_avg": 3.18,
            "equity": null,
            "current_ratio": null,
            "debt_ratio": null,
            "inventory_turnover_ratio": null,
            "account_receivable_turnover_ratio": null,
            "reinvestment_rate": null,
            "research_to_sale_ratio": null,
            "price_fair": 0,
            "eps_avg_yearly": 0,
            "eps_latest_yearly": 0,
            "eps_growth_yearly": 0
        },
        "20123": {
            "year_quarter": 20123,
            "year": 2012,
            "quarter": 3,
            "eps": null,
            "eps_growth_year": null,
            "eps_4q": null,
            "eps_4q_growth_year": null,
            "roe": null,
            "roe_4q": 0,
            "gross_profit": null,
            "gross_margin": null,
            "gross_margin_4q_avg": 0,
            "net_income": null,
            "net_income_4q": null,
            "revenue": null,
            "revenue_4q": null,
            "common_shares": null,
            "book_valuer_per_share": null,
            "book_valuer_per_share_4q_avg": 3.18,
            "equity": null,
            "current_ratio": null,
            "debt_ratio": null,
            "inventory_turnover_ratio": null,
            "account_receivable_turnover_ratio": null,
            "reinvestment_rate": null,
            "research_to_sale_ratio": null,
            "price_fair": 0,
            "eps_avg_yearly": 0,
            "eps_latest_yearly": 0,
            "eps_growth_yearly": 0
        },
        "20124": {
            "year_quarter": 20124,
            "year": 2012,
            "quarter": 4,
            "eps": null,
            "eps_growth_year": null,
            "eps_4q": null,
            "eps_4q_growth_year": null,
            "roe": null,
            "roe_4q": 0,
            "gross_profit": null,
            "gross_margin": null,
            "gross_margin_4q_avg": 0,
            "net_income": null,
            "net_income_4q": null,
            "revenue": null,
            "revenue_4q": null,
            "common_shares": 275000,
            "book_valuer_per_share": 12.21,
            "book_valuer_per_share_4q_avg": 3.05,
            "equity": 335696,
            "current_ratio": 382.46,
            "debt_ratio": 30.99,
            "inventory_turnover_ratio": null,
            "account_receivable_turnover_ratio": null,
            "reinvestment_rate": null,
            "research_to_sale_ratio": null,
            "price_fair": 0,
            "eps_avg_yearly": 0,
            "eps_latest_yearly": 0,
            "eps_growth_yearly": 0
        },
        "20131": {
            "year_quarter": 20131,
            "year": 2013,
            "quarter": 1,
            "eps": null,
            "eps_growth_year": null,
            "eps_4q": null,
            "eps_4q_growth_year": null,
            "roe": null,
            "roe_4q": 0,
            "gross_profit": null,
            "gross_margin": null,
            "gross_margin_4q_avg": 0,
            "net_income": null,
            "net_income_4q": null,
            "revenue": null,
            "revenue_4q": null,
            "common_shares": null,
            "book_valuer_per_share": null,
            "book_valuer_per_share_4q_avg": 3.05,
            "equity": null,
            "current_ratio": null,
            "debt_ratio": null,
            "inventory_turnover_ratio": null,
            "account_receivable_turnover_ratio": null,
            "reinvestment_rate": null,
            "research_to_sale_ratio": null,
            "price_fair": 0,
            "eps_avg_yearly": 0,
            "eps_latest_yearly": 0,
            "eps_growth_yearly": 0
        },
        "20132": {
            "year_quarter": 20132,
            "year": 2013,
            "quarter": 2,
            "eps": null,
            "eps_growth_year": null,
            "eps_4q": null,
            "eps_4q_growth_year": null,
            "roe": null,
            "roe_4q": 0,
            "gross_profit": null,
            "gross_margin": null,
            "gross_margin_4q_avg": 0,
            "net_income": null,
            "net_income_4q": null,
            "revenue": null,
            "revenue_4q": null,
            "common_shares": 275000,
            "book_valuer_per_share": null,
            "book_valuer_per_share_4q_avg": 3.05,
            "equity": 349209,
            "current_ratio": null,
            "debt_ratio": null,
            "inventory_turnover_ratio": null,
            "account_receivable_turnover_ratio": null,
            "reinvestment_rate": null,
            "research_to_sale_ratio": null,
            "price_fair": 0,
            "eps_avg_yearly": 0,
            "eps_latest_yearly": 0,
            "eps_growth_yearly": 0
        },
        "20133": {
            "year_quarter": 20133,
            "year": 2013,
            "quarter": 3,
            "eps": null,
            "eps_growth_year": null,
            "eps_4q": null,
            "eps_4q_growth_year": null,
            "roe": null,
            "roe_4q": 0,
            "gross_profit": null,
            "gross_margin": null,
            "gross_margin_4q_avg": 0,
            "net_income": null,
            "net_income_4q": null,
            "revenue": null,
            "revenue_4q": null,
            "common_shares": null,
            "book_valuer_per_share": null,
            "book_valuer_per_share_4q_avg": 3.05,
            "equity": null,
            "current_ratio": null,
            "debt_ratio": null,
            "inventory_turnover_ratio": null,
            "account_receivable_turnover_ratio": null,
            "reinvestment_rate": null,
            "research_to_sale_ratio": null,
            "price_fair": 0,
            "eps_avg_yearly": 0,
            "eps_latest_yearly": 0,
            "eps_growth_yearly": 0
        },
        "20134": {
            "year_quarter": 20134,
            "year": 2013,
            "quarter": 4,
            "eps": null,
            "eps_growth_year": null,
            "eps_4q": null,
            "eps_4q_growth_year": null,
            "roe": null,
            "roe_4q": 0,
            "gross_profit": null,
            "gross_margin": null,
            "gross_margin_4q_avg": 0,
            "net_income": null,
            "net_income_4q": null,
            "revenue": null,
            "revenue_4q": null,
            "common_shares": 275000,
            "book_valuer_per_share": null,
            "book_valuer_per_share_4q_avg": 0,
            "equity": 373843,
            "current_ratio": null,
            "debt_ratio": null,
            "inventory_turnover_ratio": null,
            "account_receivable_turnover_ratio": null,
            "reinvestment_rate": null,
            "research_to_sale_ratio": null,
            "price_fair": 0,
            "eps_avg_yearly": 0,
            "eps_latest_yearly": 0,
            "eps_growth_yearly": 0
        },
        "20141": {
            "year_quarter": 20141,
            "year": 2014,
            "quarter": 1,
            "eps": null,
            "eps_growth_year": null,
            "eps_4q": null,
            "eps_4q_growth_year": null,
            "roe": null,
            "roe_4q": 0,
            "gross_profit": 34020,
            "gross_margin": null,
            "gross_margin_4q_avg": 0,
            "net_income": 1858,
            "net_income_4q": null,
            "revenue": 81117,
            "revenue_4q": null,
            "common_shares": 275000,
            "book_valuer_per_share": 13.77,
            "book_valuer_per_share_4q_avg": 3.44,
            "equity": 378589,
            "current_ratio": 457.57,
            "debt_ratio": 26.92,
            "inventory_turnover_ratio": null,
            "account_receivable_turnover_ratio": null,
            "reinvestment_rate": null,
            "research_to_sale_ratio": null,
            "price_fair": 0,
            "eps_avg_yearly": 0,
            "eps_latest_yearly": 0,
            "eps_growth_yearly": 0
        },
        "20142": {
            "year_quarter": 20142,
            "year": 2014,
            "quarter": 2,
            "eps": 0.45,
            "eps_growth_year": null,
            "eps_4q": null,
            "eps_4q_growth_year": null,
            "roe": 3.46,
            "roe_4q": 3.46,
            "gross_profit": 51179,
            "gross_margin": 49.2,
            "gross_margin_4q_avg": 12.3,
            "net_income": 12508,
            "net_income_4q": null,
            "revenue": 104032,
            "revenue_4q": null,
            "common_shares": 275000,
            "book_valuer_per_share": 12.55,
            "book_valuer_per_share_4q_avg": 6.58,
            "equity": 345052,
            "current_ratio": 284.64,
            "debt_ratio": 34.79,
            "inventory_turnover_ratio": 0.48,
            "account_receivable_turnover_ratio": 2.09,
            "reinvestment_rate": null,
            "research_to_sale_ratio": null,
            "price_fair": 0,
            "eps_avg_yearly": 0,
            "eps_latest_yearly": 0,
            "eps_growth_yearly": 0
        },
        "20143": {
            "year_quarter": 20143,
            "year": 2014,
            "quarter": 3,
            "eps": null,
            "eps_growth_year": null,
            "eps_4q": null,
            "eps_4q_growth_year": null,
            "roe": null,
            "roe_4q": 3.46,
            "gross_profit": 40210,
            "gross_margin": null,
            "gross_margin_4q_avg": 12.3,
            "net_income": 8515,
            "net_income_4q": null,
            "revenue": 108400,
            "revenue_4q": null,
            "common_shares": 320000,
            "book_valuer_per_share": 15.45,
            "book_valuer_per_share_4q_avg": 10.44,
            "equity": 494484,
            "current_ratio": 416.76,
            "debt_ratio": 25.11,
            "inventory_turnover_ratio": null,
            "account_receivable_turnover_ratio": null,
            "reinvestment_rate": null,
            "research_to_sale_ratio": null,
            "price_fair": 0,
            "eps_avg_yearly": 0,
            "eps_latest_yearly": 0,
            "eps_growth_yearly": 0
        },
        "20144": {
            "year_quarter": 20144,
            "year": 2014,
            "quarter": 4,
            "eps": null,
            "eps_growth_year": null,
            "eps_4q": null,
            "eps_4q_growth_year": null,
            "roe": null,
            "roe_4q": 3.46,
            "gross_profit": 48798,
            "gross_margin": null,
            "gross_margin_4q_avg": 12.3,
            "net_income": 14696,
            "net_income_4q": null,
            "revenue": 96404,
            "revenue_4q": null,
            "common_shares": 320000,
            "book_valuer_per_share": 16.17,
            "book_valuer_per_share_4q_avg": 14.49,
            "equity": 517385,
            "current_ratio": 620.62,
            "debt_ratio": 20.28,
            "inventory_turnover_ratio": null,
            "account_receivable_turnover_ratio": null,
            "reinvestment_rate": null,
            "research_to_sale_ratio": null,
            "price_fair": 0,
            "eps_avg_yearly": 0,
            "eps_latest_yearly": 0,
            "eps_growth_yearly": 0
        },
        "20151": {
            "year_quarter": 20151,
            "year": 2015,
            "quarter": 1,
            "eps": null,
            "eps_growth_year": null,
            "eps_4q": null,
            "eps_4q_growth_year": null,
            "roe": null,
            "roe_4q": 3.46,
            "gross_profit": 37261,
            "gross_margin": null,
            "gross_margin_4q_avg": 12.3,
            "net_income": 1221,
            "net_income_4q": null,
            "revenue": 95147,
            "revenue_4q": null,
            "common_shares": 320000,
            "book_valuer_per_share": 16.08,
            "book_valuer_per_share_4q_avg": 15.06,
            "equity": 514608,
            "current_ratio": 349.36,
            "debt_ratio": 25.47,
            "inventory_turnover_ratio": null,
            "account_receivable_turnover_ratio": null,
            "reinvestment_rate": null,
            "research_to_sale_ratio": null,
            "price_fair": 0,
            "eps_avg_yearly": 0,
            "eps_latest_yearly": 0,
            "eps_growth_yearly": 0
        },
        "20152": {
            "year_quarter": 20152,
            "year": 2015,
            "quarter": 2,
            "eps": 0.07,
            "eps_growth_year": -84.61,
            "eps_4q": 0.07,
            "eps_4q_growth_year": null,
            "roe": 0.43,
            "roe_4q": 0.43,
            "gross_profit": 37721,
            "gross_margin": 42.78,
            "gross_margin_4q_avg": 10.7,
            "net_income": 2167,
            "net_income_4q": null,
            "revenue": 88179,
            "revenue_4q": null,
            "common_shares": 320000,
            "book_valuer_per_share": 15.38,
            "book_valuer_per_share_4q_avg": 15.77,
            "equity": 492069,
            "current_ratio": 250.93,
            "debt_ratio": 31.17,
            "inventory_turnover_ratio": 0.41,
            "account_receivable_turnover_ratio": 2.24,
            "reinvestment_rate": null,
            "research_to_sale_ratio": 5.09,
            "price_fair": 0,
            "eps_avg_yearly": 0,
            "eps_latest_yearly": 0,
            "eps_growth_yearly": 0
        },
        "20153": {
            "year_quarter": 20153,
            "year": 2015,
            "quarter": 3,
            "eps": 0.45,
            "eps_growth_year": null,
            "eps_4q": 0.51,
            "eps_4q_growth_year": null,
            "roe": 2.82,
            "roe_4q": 3.25,
            "gross_profit": 43434,
            "gross_margin": 39.45,
            "gross_margin_4q_avg": 20.56,
            "net_income": 14253,
            "net_income_4q": null,
            "revenue": 110106,
            "revenue_4q": null,
            "common_shares": 320000,
            "book_valuer_per_share": 16.22,
            "book_valuer_per_share_4q_avg": 15.96,
            "equity": 518918,
            "current_ratio": 218.36,
            "debt_ratio": 32.68,
            "inventory_turnover_ratio": 0.56,
            "account_receivable_turnover_ratio": 1.31,
            "reinvestment_rate": null,
            "research_to_sale_ratio": 2.2,
            "price_fair": 63,
            "eps_avg_yearly": 1.8,
            "eps_latest_yearly": 1.8,
            "eps_growth_yearly": 2171.43
        },
        "20154": {
            "year_quarter": 20154,
            "year": 2015,
            "quarter": 4,
            "eps": 0.31,
            "eps_growth_year": null,
            "eps_4q": 0.78,
            "eps_4q_growth_year": null,
            "roe": 1.91,
            "roe_4q": 5.159999999999999,
            "gross_profit": 51529,
            "gross_margin": 47.7,
            "gross_margin_4q_avg": 32.48,
            "net_income": 10900,
            "net_income_4q": null,
            "revenue": 108029,
            "revenue_4q": null,
            "common_shares": 351960,
            "book_valuer_per_share": 17.72,
            "book_valuer_per_share_4q_avg": 16.35,
            "equity": 623827,
            "current_ratio": 255.54,
            "debt_ratio": 29.69,
            "inventory_turnover_ratio": 0.49,
            "account_receivable_turnover_ratio": 1.19,
            "reinvestment_rate": null,
            "research_to_sale_ratio": 3.21,
            "price_fair": 53.2,
            "eps_avg_yearly": 1.52,
            "eps_latest_yearly": 1.24,
            "eps_growth_yearly": 1023.49
        },
        "20161": {
            "year_quarter": 20161,
            "year": 2016,
            "quarter": 1,
            "eps": 0.03,
            "eps_growth_year": null,
            "eps_4q": 0.81,
            "eps_4q_growth_year": null,
            "roe": 0.17,
            "roe_4q": 5.33,
            "gross_profit": 39395,
            "gross_margin": 49.74,
            "gross_margin_4q_avg": 44.92,
            "net_income": 1065,
            "net_income_4q": null,
            "revenue": 79201,
            "revenue_4q": null,
            "common_shares": 351980,
            "book_valuer_per_share": 17.63,
            "book_valuer_per_share_4q_avg": 16.74,
            "equity": 620472,
            "current_ratio": 214.93,
            "debt_ratio": 30.49,
            "inventory_turnover_ratio": 0.33,
            "account_receivable_turnover_ratio": 0.95,
            "reinvestment_rate": null,
            "research_to_sale_ratio": 4.65,
            "price_fair": 36.87,
            "eps_avg_yearly": 1.05,
            "eps_latest_yearly": 0.12,
            "eps_growth_yearly": 561.9
        },
        "20162": {
            "year_quarter": 20162,
            "year": 2016,
            "quarter": 2,
            "eps": 0.25,
            "eps_growth_year": 257.14,
            "eps_4q": 1,
            "eps_4q_growth_year": 1371.36,
            "roe": 1.45,
            "roe_4q": 6.35,
            "gross_profit": 43512,
            "gross_margin": 45.31,
            "gross_margin_4q_avg": 45.55,
            "net_income": 8865,
            "net_income_4q": null,
            "revenue": 96031,
            "revenue_4q": null,
            "common_shares": 352100,
            "book_valuer_per_share": 17.01,
            "book_valuer_per_share_4q_avg": 17.15,
            "equity": 598776,
            "current_ratio": 184.97,
            "debt_ratio": 33.68,
            "inventory_turnover_ratio": 0.39,
            "account_receivable_turnover_ratio": 1.2,
            "reinvestment_rate": null,
            "research_to_sale_ratio": 3.86,
            "price_fair": 36.4,
            "eps_avg_yearly": 1.04,
            "eps_latest_yearly": 1,
            "eps_growth_yearly": 1154.76
        },
        "20163": {
            "year_quarter": 20163,
            "year": 2016,
            "quarter": 3,
            "eps": 0,
            "eps_growth_year": -100,
            "eps_4q": 0.59,
            "eps_4q_growth_year": 15.26,
            "roe": 0,
            "roe_4q": 3.53,
            "gross_profit": 38463,
            "gross_margin": 45.5,
            "gross_margin_4q_avg": 47.06,
            "net_income": 1,
            "net_income_4q": null,
            "revenue": 84540,
            "revenue_4q": null,
            "common_shares": 352220,
            "book_valuer_per_share": 16.79,
            "book_valuer_per_share_4q_avg": 17.29,
            "equity": 591410,
            "current_ratio": 146.81,
            "debt_ratio": 38.38,
            "inventory_turnover_ratio": 0.32,
            "account_receivable_turnover_ratio": 1.05,
            "reinvestment_rate": null,
            "research_to_sale_ratio": 5,
            "price_fair": 36.4,
            "eps_avg_yearly": 1.04,
            "eps_latest_yearly": 1,
            "eps_growth_yearly": 1154.76
        },
        "20164": {
            "year_quarter": 20164,
            "year": 2016,
            "quarter": 4,
            "eps": 0.08,
            "eps_growth_year": -74.85,
            "eps_4q": 0.36,
            "eps_4q_growth_year": -53.65,
            "roe": 0.46,
            "roe_4q": 2.08,
            "gross_profit": 37142,
            "gross_margin": 35,
            "gross_margin_4q_avg": 43.89,
            "net_income": 2744,
            "net_income_4q": null,
            "revenue": 106119,
            "revenue_4q": null,
            "common_shares": 352280,
            "book_valuer_per_share": 16.93,
            "book_valuer_per_share_4q_avg": 17.09,
            "equity": 596269,
            "current_ratio": 267.33,
            "debt_ratio": 40.19,
            "inventory_turnover_ratio": 0.46,
            "account_receivable_turnover_ratio": 1.2,
            "reinvestment_rate": null,
            "research_to_sale_ratio": 9.71,
            "price_fair": 36.4,
            "eps_avg_yearly": 1.04,
            "eps_latest_yearly": 1,
            "eps_growth_yearly": 1154.76
        },
        "20171": {
            "year_quarter": 20171,
            "year": 2017,
            "quarter": 1,
            "eps": -0.21,
            "eps_growth_year": -800,
            "eps_4q": 0.12,
            "eps_4q_growth_year": -85.24,
            "roe": -1.27,
            "roe_4q": 0.6399999999999999,
            "gross_profit": 34964,
            "gross_margin": 40.9,
            "gross_margin_4q_avg": 41.68,
            "net_income": -7418,
            "net_income_4q": null,
            "revenue": 85492,
            "revenue_4q": null,
            "common_shares": 352280,
            "book_valuer_per_share": 16.33,
            "book_valuer_per_share_4q_avg": 16.77,
            "equity": 575322,
            "current_ratio": 239.61,
            "debt_ratio": 41.6,
            "inventory_turnover_ratio": 0.32,
            "account_receivable_turnover_ratio": 0.95,
            "reinvestment_rate": null,
            "research_to_sale_ratio": 6.46,
            "price_fair": 36.4,
            "eps_avg_yearly": 1.04,
            "eps_latest_yearly": 1,
            "eps_growth_yearly": 1154.76
        },
        "20172": {
            "year_quarter": 20172,
            "year": 2017,
            "quarter": 2,
            "eps": 0.28,
            "eps_growth_year": 12,
            "eps_4q": 0.14,
            "eps_4q_growth_year": -85.52,
            "roe": 1.7,
            "roe_4q": 0.8899999999999999,
            "gross_profit": 42334,
            "gross_margin": 40.28,
            "gross_margin_4q_avg": 40.42,
            "net_income": 9757,
            "net_income_4q": null,
            "revenue": 105089,
            "revenue_4q": null,
            "common_shares": 352280,
            "book_valuer_per_share": 16.31,
            "book_valuer_per_share_4q_avg": 16.59,
            "equity": 574632,
            "current_ratio": 222.5,
            "debt_ratio": 42.67,
            "inventory_turnover_ratio": 0.39,
            "account_receivable_turnover_ratio": 1.25,
            "reinvestment_rate": null,
            "research_to_sale_ratio": 5.13,
            "price_fair": 36.4,
            "eps_avg_yearly": 1.04,
            "eps_latest_yearly": 1,
            "eps_growth_yearly": 1154.76
        },
        "20173": {
            "year_quarter": 20173,
            "year": 2017,
            "quarter": 3,
            "eps": 0.09,
            "eps_growth_year": null,
            "eps_4q": 0.24,
            "eps_4q_growth_year": -60.07,
            "roe": 0.56,
            "roe_4q": 1.4499999999999997,
            "gross_profit": 43095,
            "gross_margin": 41.51,
            "gross_margin_4q_avg": 39.42,
            "net_income": 3237,
            "net_income_4q": null,
            "revenue": 103807,
            "revenue_4q": null,
            "common_shares": 352280,
            "book_valuer_per_share": 16.45,
            "book_valuer_per_share_4q_avg": 16.51,
            "equity": 579579,
            "current_ratio": 228.55,
            "debt_ratio": 43.03,
            "inventory_turnover_ratio": 0.37,
            "account_receivable_turnover_ratio": 1.14,
            "reinvestment_rate": null,
            "research_to_sale_ratio": 6.98,
            "price_fair": 31.64,
            "eps_avg_yearly": 0.9,
            "eps_latest_yearly": 0.36,
            "eps_growth_yearly": 869.52
        },
        "20174": {
            "year_quarter": 20174,
            "year": 2017,
            "quarter": 4,
            "eps": 0.24,
            "eps_growth_year": 214.28,
            "eps_4q": 0.4,
            "eps_4q_growth_year": 12.03,
            "roe": 1.48,
            "roe_4q": 2.47,
            "gross_profit": 49144,
            "gross_margin": 43.35,
            "gross_margin_4q_avg": 41.51,
            "net_income": 8624,
            "net_income_4q": null,
            "revenue": 113372,
            "revenue_4q": null,
            "common_shares": 352280,
            "book_valuer_per_share": 16.67,
            "book_valuer_per_share_4q_avg": 16.44,
            "equity": 587392,
            "current_ratio": 236.82,
            "debt_ratio": 42.14,
            "inventory_turnover_ratio": 0.4,
            "account_receivable_turnover_ratio": 1.2,
            "reinvestment_rate": 322.72,
            "research_to_sale_ratio": 4.1,
            "price_fair": 31.97,
            "eps_avg_yearly": 0.91,
            "eps_latest_yearly": 0.96,
            "eps_growth_yearly": 835.71
        },
        "20181": {
            "year_quarter": 20181,
            "year": 2018,
            "quarter": 1,
            "eps": 0.11,
            "eps_growth_year": null,
            "eps_4q": 0.72,
            "eps_4q_growth_year": 507.37,
            "roe": 0.65,
            "roe_4q": 4.39,
            "gross_profit": 45028,
            "gross_margin": 43.92,
            "gross_margin_4q_avg": 42.27,
            "net_income": 3843,
            "net_income_4q": null,
            "revenue": 102526,
            "revenue_4q": null,
            "common_shares": 352280,
            "book_valuer_per_share": 16.78,
            "book_valuer_per_share_4q_avg": 16.55,
            "equity": 591263,
            "current_ratio": 224.57,
            "debt_ratio": 43.18,
            "inventory_turnover_ratio": 0.35,
            "account_receivable_turnover_ratio": 1.1,
            "reinvestment_rate": 319.81,
            "research_to_sale_ratio": 4.37,
            "price_fair": 29.6,
            "eps_avg_yearly": 0.85,
            "eps_latest_yearly": 0.44,
            "eps_growth_yearly": 685.37
        },
        "20182": {
            "year_quarter": 20182,
            "year": 2018,
            "quarter": 2,
            "eps": 0.55,
            "eps_growth_year": 96.43,
            "eps_4q": 0.99,
            "eps_4q_growth_year": 588.63,
            "roe": 3.24,
            "roe_4q": 5.93,
            "gross_profit": 49477,
            "gross_margin": 44.14,
            "gross_margin_4q_avg": 43.23,
            "net_income": 19306,
            "net_income_4q": null,
            "revenue": 112087,
            "revenue_4q": null,
            "common_shares": 352280,
            "book_valuer_per_share": 17.07,
            "book_valuer_per_share_4q_avg": 16.74,
            "equity": 601443,
            "current_ratio": 225.46,
            "debt_ratio": 42.92,
            "inventory_turnover_ratio": 0.36,
            "account_receivable_turnover_ratio": 1.17,
            "reinvestment_rate": 298.24,
            "research_to_sale_ratio": 4.29,
            "price_fair": 35.53,
            "eps_avg_yearly": 1.02,
            "eps_latest_yearly": 2.2,
            "eps_growth_yearly": 799.7
        },
        "20183": {
            "year_quarter": 20183,
            "year": 2018,
            "quarter": 3,
            "eps": 0.7,
            "eps_growth_year": 677.78,
            "eps_4q": 1.61,
            "eps_4q_growth_year": 580.25,
            "roe": 4.06,
            "roe_4q": 9.43,
            "gross_profit": 61283,
            "gross_margin": 45.45,
            "gross_margin_4q_avg": 44.22,
            "net_income": 24824,
            "net_income_4q": null,
            "revenue": 134841,
            "revenue_4q": null,
            "common_shares": 352280,
            "book_valuer_per_share": 17.6,
            "book_valuer_per_share_4q_avg": 17.03,
            "equity": 620059,
            "current_ratio": 239.42,
            "debt_ratio": 40.79,
            "inventory_turnover_ratio": 0.41,
            "account_receivable_turnover_ratio": 1.25,
            "reinvestment_rate": 202.47,
            "research_to_sale_ratio": 3.33,
            "price_fair": 42.47,
            "eps_avg_yearly": 1.21,
            "eps_latest_yearly": 2.8,
            "eps_growth_yearly": 722.97
        },
        "20184": {
            "year_quarter": 20184,
            "year": 2018,
            "quarter": 4,
            "eps": 0.4,
            "eps_growth_year": 62.6,
            "eps_4q": 1.76,
            "eps_4q_growth_year": 336.59,
            "roe": 2.23,
            "roe_4q": 10.18,
            "gross_profit": 65589,
            "gross_margin": 44.57,
            "gross_margin_4q_avg": 44.52,
            "net_income": 14023,
            "net_income_4q": null,
            "revenue": 147154,
            "revenue_4q": null,
            "common_shares": 352280,
            "book_valuer_per_share": 18.09,
            "book_valuer_per_share_4q_avg": 17.39,
            "equity": 637162,
            "current_ratio": 231.68,
            "debt_ratio": 40.65,
            "inventory_turnover_ratio": 0.46,
            "account_receivable_turnover_ratio": 1.18,
            "reinvestment_rate": 203.38,
            "research_to_sale_ratio": 3.04,
            "price_fair": 43.82,
            "eps_avg_yearly": 1.25,
            "eps_latest_yearly": 1.6,
            "eps_growth_yearly": 633.53
        },
        "20191": {
            "year_quarter": 20191,
            "year": 2019,
            "quarter": 1,
            "eps": 0.09,
            "eps_growth_year": -18.18,
            "eps_4q": 1.47,
            "eps_4q_growth_year": 103.58,
            "roe": 0.44,
            "roe_4q": 9.969999999999999,
            "gross_profit": 49293,
            "gross_margin": 44.49,
            "gross_margin_4q_avg": 44.66,
            "net_income": 3243,
            "net_income_4q": null,
            "revenue": 110799,
            "revenue_4q": null,
            "common_shares": 417280,
            "book_valuer_per_share": 20.05,
            "book_valuer_per_share_4q_avg": 18.2,
            "equity": 836746,
            "current_ratio": 575.1,
            "debt_ratio": 26.09,
            "inventory_turnover_ratio": 0.34,
            "account_receivable_turnover_ratio": 0.93,
            "reinvestment_rate": 151.1,
            "research_to_sale_ratio": 3.96,
            "price_fair": 40.98,
            "eps_avg_yearly": 1.17,
            "eps_latest_yearly": 0.36,
            "eps_growth_yearly": 547.75
        },
        "20192": {
            "year_quarter": 20192,
            "year": 2019,
            "quarter": 2,
            "eps": 0.22,
            "eps_growth_year": -60,
            "eps_4q": 1.23,
            "eps_4q_growth_year": 23.98,
            "roe": 1.14,
            "roe_4q": 7.869999999999999,
            "gross_profit": 47965,
            "gross_margin": 43.7,
            "gross_margin_4q_avg": 44.55,
            "net_income": 9325,
            "net_income_4q": null,
            "revenue": 109767,
            "revenue_4q": null,
            "common_shares": 417280,
            "book_valuer_per_share": 19,
            "book_valuer_per_share_4q_avg": 18.69,
            "equity": 792719,
            "current_ratio": 353.43,
            "debt_ratio": 31.31,
            "inventory_turnover_ratio": 0.32,
            "account_receivable_turnover_ratio": 1.04,
            "reinvestment_rate": 132.22,
            "research_to_sale_ratio": 4.08,
            "price_fair": 40.13,
            "eps_avg_yearly": 1.15,
            "eps_latest_yearly": 0.88,
            "eps_growth_yearly": 550.25
        },
        "20193": {
            "year_quarter": 20193,
            "year": 2019,
            "quarter": 3,
            "eps": 0.2,
            "eps_growth_year": -71.43,
            "eps_4q": 0.84,
            "eps_4q_growth_year": -47.86,
            "roe": 1.05,
            "roe_4q": 4.859999999999999,
            "gross_profit": 54404,
            "gross_margin": 40.65,
            "gross_margin_4q_avg": 43.35,
            "net_income": 8363,
            "net_income_4q": null,
            "revenue": 133841,
            "revenue_4q": null,
            "common_shares": 417280,
            "book_valuer_per_share": 19.11,
            "book_valuer_per_share_4q_avg": 19.06,
            "equity": 797249,
            "current_ratio": 467.66,
            "debt_ratio": 29.53,
            "inventory_turnover_ratio": 0.4,
            "account_receivable_turnover_ratio": 1.26,
            "reinvestment_rate": 100.32,
            "research_to_sale_ratio": 3.69,
            "price_fair": 37.22,
            "eps_avg_yearly": 1.06,
            "eps_latest_yearly": 0.8,
            "eps_growth_yearly": 366.27
        },
        "20194": {
            "year_quarter": 20194,
            "year": 2019,
            "quarter": 4,
            "eps": 0.47,
            "eps_growth_year": 17.53,
            "eps_4q": 0.97,
            "eps_4q_growth_year": -44.92,
            "roe": 2.45,
            "roe_4q": 5.08,
            "gross_profit": 67252,
            "gross_margin": 46.03,
            "gross_margin_4q_avg": 43.72,
            "net_income": 19529,
            "net_income_4q": null,
            "revenue": 146091,
            "revenue_4q": null,
            "common_shares": 417280,
            "book_valuer_per_share": 19.03,
            "book_valuer_per_share_4q_avg": 19.3,
            "equity": 794131,
            "current_ratio": 492.33,
            "debt_ratio": 32.77,
            "inventory_turnover_ratio": 0.42,
            "account_receivable_turnover_ratio": 1.25,
            "reinvestment_rate": 85.86,
            "research_to_sale_ratio": 3.54,
            "price_fair": 39.08,
            "eps_avg_yearly": 1.12,
            "eps_latest_yearly": 1.88,
            "eps_growth_yearly": 421.64
        },
        "20201": {
            "year_quarter": 20201,
            "year": 2020,
            "quarter": 1,
            "eps": 0.08,
            "eps_growth_year": -11.11,
            "eps_4q": 0.97,
            "eps_4q_growth_year": -34.2,
            "roe": 0.4,
            "roe_4q": 5.04,
            "gross_profit": 41963,
            "gross_margin": 36.62,
            "gross_margin_4q_avg": 41.75,
            "net_income": 3198,
            "net_income_4q": null,
            "revenue": 114600,
            "revenue_4q": null,
            "common_shares": 417420,
            "book_valuer_per_share": 18.98,
            "book_valuer_per_share_4q_avg": 19.03,
            "equity": 792462,
            "current_ratio": 377.33,
            "debt_ratio": 34.05,
            "inventory_turnover_ratio": 0.4,
            "account_receivable_turnover_ratio": 0.93,
            "reinvestment_rate": 88.53,
            "research_to_sale_ratio": 4.38,
            "price_fair": 39.67,
            "eps_avg_yearly": 1.13,
            "eps_latest_yearly": 0.32,
            "eps_growth_yearly": 424.09
        },
        "20202": {
            "year_quarter": 20202,
            "year": 2020,
            "quarter": 2,
            "eps": 0.32,
            "eps_growth_year": 45.45,
            "eps_4q": 1.07,
            "eps_4q_growth_year": -13.29,
            "roe": 1.74,
            "roe_4q": 5.64,
            "gross_profit": 58385,
            "gross_margin": 40.9,
            "gross_margin_4q_avg": 41.05,
            "net_income": 13505,
            "net_income_4q": null,
            "revenue": 142742,
            "revenue_4q": null,
            "common_shares": 417420,
            "book_valuer_per_share": 18.18,
            "book_valuer_per_share_4q_avg": 18.83,
            "equity": 758930,
            "current_ratio": 282.29,
            "debt_ratio": 46.2,
            "inventory_turnover_ratio": 0.46,
            "account_receivable_turnover_ratio": 1.15,
            "reinvestment_rate": 139.38,
            "research_to_sale_ratio": 3.3,
            "price_fair": 40.48,
            "eps_avg_yearly": 1.16,
            "eps_latest_yearly": 1.28,
            "eps_growth_yearly": 279.64
        },
        "20203": {
            "year_quarter": 20203,
            "year": 2020,
            "quarter": 3,
            "eps": 0.29,
            "eps_growth_year": 45,
            "eps_4q": 1.15,
            "eps_4q_growth_year": 37.49,
            "roe": 1.56,
            "roe_4q": 6.15,
            "gross_profit": 58441,
            "gross_margin": 42.71,
            "gross_margin_4q_avg": 41.57,
            "net_income": 12007,
            "net_income_4q": null,
            "revenue": 136820,
            "revenue_4q": null,
            "common_shares": 418840,
            "book_valuer_per_share": 18.53,
            "book_valuer_per_share_4q_avg": 18.68,
            "equity": 776118,
            "current_ratio": 213.08,
            "debt_ratio": 47.89,
            "inventory_turnover_ratio": 0.42,
            "account_receivable_turnover_ratio": 1.15,
            "reinvestment_rate": 123.64,
            "research_to_sale_ratio": 2.52,
            "price_fair": 40.49,
            "eps_avg_yearly": 1.16,
            "eps_latest_yearly": 1.16,
            "eps_growth_yearly": 255.25
        },
        "20204": {
            "year_quarter": 20204,
            "year": 2020,
            "quarter": 4,
            "eps": -0.19,
            "eps_growth_year": -140.44,
            "eps_4q": 0.5,
            "eps_4q_growth_year": -48.8,
            "roe": -1.02,
            "roe_4q": 2.68,
            "gross_profit": 45766,
            "gross_margin": 39.81,
            "gross_margin_4q_avg": 40.01,
            "net_income": -7925,
            "net_income_4q": null,
            "revenue": 114959,
            "revenue_4q": null,
            "common_shares": 418840,
            "book_valuer_per_share": 18.72,
            "book_valuer_per_share_4q_avg": 18.6,
            "equity": 783955,
            "current_ratio": 378.81,
            "debt_ratio": 52.97,
            "inventory_turnover_ratio": 0.35,
            "account_receivable_turnover_ratio": 1.08,
            "reinvestment_rate": 119.79,
            "research_to_sale_ratio": 3.41,
            "price_fair": 40.49,
            "eps_avg_yearly": 1.16,
            "eps_latest_yearly": 1.16,
            "eps_growth_yearly": 255.25
        },
        "20211": {
            "year_quarter": 20211,
            "year": 2021,
            "quarter": 1,
            "eps": -0.11,
            "eps_growth_year": -237.5,
            "eps_4q": 0.31,
            "eps_4q_growth_year": -68.27,
            "roe": -0.61,
            "roe_4q": 1.6700000000000002,
            "gross_profit": 42423,
            "gross_margin": 37.1,
            "gross_margin_4q_avg": 40.13,
            "net_income": -4721,
            "net_income_4q": null,
            "revenue": 114354,
            "revenue_4q": null,
            "common_shares": 418840,
            "book_valuer_per_share": 18.5,
            "book_valuer_per_share_4q_avg": 18.48,
            "equity": 774687,
            "current_ratio": 287.87,
            "debt_ratio": 54.75,
            "inventory_turnover_ratio": 0.33,
            "account_receivable_turnover_ratio": 1.09,
            "reinvestment_rate": 140.96,
            "research_to_sale_ratio": 3.2,
            "price_fair": 40.49,
            "eps_avg_yearly": 1.16,
            "eps_latest_yearly": 1.16,
            "eps_growth_yearly": 255.25
        },
        "20212": {
            "year_quarter": 20212,
            "year": 2021,
            "quarter": 2,
            "eps": 0.14,
            "eps_growth_year": -56.25,
            "eps_4q": 0.12,
            "eps_4q_growth_year": -88.34,
            "roe": 0.75,
            "roe_4q": 0.68,
            "gross_profit": 59513,
            "gross_margin": 38,
            "gross_margin_4q_avg": 39.41,
            "net_income": 5856,
            "net_income_4q": null,
            "revenue": 156601,
            "revenue_4q": null,
            "common_shares": 418840,
            "book_valuer_per_share": 18.91,
            "book_valuer_per_share_4q_avg": 18.67,
            "equity": 791897,
            "current_ratio": 254.75,
            "debt_ratio": 54.11,
            "inventory_turnover_ratio": 0.38,
            "account_receivable_turnover_ratio": 1.29,
            "reinvestment_rate": 172.35,
            "research_to_sale_ratio": 1.46,
            "price_fair": 40.49,
            "eps_avg_yearly": 1.16,
            "eps_latest_yearly": 1.16,
            "eps_growth_yearly": 255.25
        },
        "20213": {
            "year_quarter": 20213,
            "year": 2021,
            "quarter": 3,
            "eps": 0.15,
            "eps_growth_year": -48.28,
            "eps_4q": -0.01,
            "eps_4q_growth_year": -100.6,
            "roe": 0.83,
            "roe_4q": -0.04999999999999993,
            "gross_profit": 50216,
            "gross_margin": 32.22,
            "gross_margin_4q_avg": 36.78,
            "net_income": 6499,
            "net_income_4q": null,
            "revenue": 155868,
            "revenue_4q": null,
            "common_shares": 418840,
            "book_valuer_per_share": 18.64,
            "book_valuer_per_share_4q_avg": 18.69,
            "equity": 780516,
            "current_ratio": 207.28,
            "debt_ratio": 56.39,
            "inventory_turnover_ratio": 0.36,
            "account_receivable_turnover_ratio": 1.2,
            "reinvestment_rate": 203.16,
            "research_to_sale_ratio": 1.34,
            "price_fair": 41.14,
            "eps_avg_yearly": 1.18,
            "eps_latest_yearly": 0.6,
            "eps_growth_yearly": 278.33
        },
        "20214": {
            "year_quarter": 20214,
            "year": 2021,
            "quarter": 4,
            "eps": 0.11,
            "eps_growth_year": null,
            "eps_4q": 0.3,
            "eps_4q_growth_year": -40.37,
            "roe": 0.61,
            "roe_4q": 1.58,
            "gross_profit": 58952,
            "gross_margin": 35.97,
            "gross_margin_4q_avg": 35.82,
            "net_income": 4731,
            "net_income_4q": null,
            "revenue": 163877,
            "revenue_4q": null,
            "common_shares": 418840,
            "book_valuer_per_share": 18.65,
            "book_valuer_per_share_4q_avg": 18.68,
            "equity": 782100,
            "current_ratio": 189.63,
            "debt_ratio": 56.57,
            "inventory_turnover_ratio": 0.33,
            "account_receivable_turnover_ratio": 1.28,
            "reinvestment_rate": 246.81,
            "research_to_sale_ratio": 1.14,
            "price_fair": 39.74,
            "eps_avg_yearly": 1.14,
            "eps_latest_yearly": 0.44,
            "eps_growth_yearly": 218.84
        },
        "20221": {
            "year_quarter": 20221,
            "year": 2022,
            "quarter": 1,
            "eps": 0.03,
            "eps_growth_year": null,
            "eps_4q": 0.44,
            "eps_4q_growth_year": 43.57,
            "roe": 0.17,
            "roe_4q": 2.36,
            "gross_profit": 50419,
            "gross_margin": 33.4,
            "gross_margin_4q_avg": 34.9,
            "net_income": 1390,
            "net_income_4q": null,
            "revenue": 150948,
            "revenue_4q": null,
            "common_shares": 418840,
            "book_valuer_per_share": 19.28,
            "book_valuer_per_share_4q_avg": 18.87,
            "equity": 808383,
            "current_ratio": 187.52,
            "debt_ratio": 57.34,
            "inventory_turnover_ratio": 0.3,
            "account_receivable_turnover_ratio": 1.16,
            "reinvestment_rate": 270.58,
            "research_to_sale_ratio": 0.97,
            "price_fair": 38.88,
            "eps_avg_yearly": 1.11,
            "eps_latest_yearly": 0.12,
            "eps_growth_yearly": 213.13
        },
        "20222": {
            "year_quarter": 20222,
            "year": 2022,
            "quarter": 2,
            "eps": 0.08,
            "eps_growth_year": -42.86,
            "eps_4q": 0.38,
            "eps_4q_growth_year": 206.06,
            "roe": 0.42,
            "roe_4q": 2.03,
            "gross_profit": 57809,
            "gross_margin": 33.97,
            "gross_margin_4q_avg": 33.89,
            "net_income": 3358,
            "net_income_4q": null,
            "revenue": 170201,
            "revenue_4q": null,
            "common_shares": 418840,
            "book_valuer_per_share": 19.16,
            "book_valuer_per_share_4q_avg": 18.93,
            "equity": 803542,
            "current_ratio": 191.08,
            "debt_ratio": 57.44,
            "inventory_turnover_ratio": 0.32,
            "account_receivable_turnover_ratio": 1.22,
            "reinvestment_rate": 336.15,
            "research_to_sale_ratio": 0.71,
            "price_fair": 33.82,
            "eps_avg_yearly": 0.97,
            "eps_latest_yearly": 0.32,
            "eps_growth_yearly": 141.33
        },
        "20223": {
            "year_quarter": 20223,
            "year": 2022,
            "quarter": 3,
            "eps": 0.43,
            "eps_growth_year": 186.67,
            "eps_4q": 0.66,
            "eps_4q_growth_year": null,
            "roe": 2.2,
            "roe_4q": 3.4,
            "gross_profit": 80383,
            "gross_margin": 37.84,
            "gross_margin_4q_avg": 35.3,
            "net_income": 18137,
            "net_income_4q": null,
            "revenue": 212441,
            "revenue_4q": null,
            "common_shares": 418840,
            "book_valuer_per_share": 20.24,
            "book_valuer_per_share_4q_avg": 19.33,
            "equity": 848929,
            "current_ratio": 208.68,
            "debt_ratio": 54.87,
            "inventory_turnover_ratio": 0.4,
            "account_receivable_turnover_ratio": 1.24,
            "reinvestment_rate": 365.18,
            "research_to_sale_ratio": 0.68,
            "price_fair": 30.91,
            "eps_avg_yearly": 0.88,
            "eps_latest_yearly": 1.72,
            "eps_growth_yearly": 267.56
        },
        "20224": {
            "year_quarter": 20224,
            "year": 2022,
            "quarter": 4,
            "eps": 0.24,
            "eps_growth_year": 107.06,
            "eps_4q": 0.78,
            "eps_4q_growth_year": 163.68,
            "roe": 1.17,
            "roe_4q": 3.96,
            "gross_profit": 61984,
            "gross_margin": 37.4,
            "gross_margin_4q_avg": 35.65,
            "net_income": 9868,
            "net_income_4q": null,
            "revenue": 165754,
            "revenue_4q": null,
            "common_shares": 418840,
            "book_valuer_per_share": 20.05,
            "book_valuer_per_share_4q_avg": 19.68,
            "equity": 840675,
            "current_ratio": 114.91,
            "debt_ratio": 54.55,
            "inventory_turnover_ratio": 0.35,
            "account_receivable_turnover_ratio": 0.97,
            "reinvestment_rate": 376.56,
            "research_to_sale_ratio": 0.74,
            "price_fair": 29.18,
            "eps_avg_yearly": 0.83,
            "eps_latest_yearly": 0.96,
            "eps_growth_yearly": 267.15
        },
        "20231": {
            "year_quarter": 20231,
            "year": 2023,
            "quarter": 1,
            "eps": -0.08,
            "eps_growth_year": -366.67,
            "eps_4q": 0.67,
            "eps_4q_growth_year": 51.76,
            "roe": -0.4,
            "roe_4q": 3.39,
            "gross_profit": 47810,
            "gross_margin": 35.5,
            "gross_margin_4q_avg": 36.18,
            "net_income": -3330,
            "net_income_4q": null,
            "revenue": 134684,
            "revenue_4q": null,
            "common_shares": 418840,
            "book_valuer_per_share": 19.98,
            "book_valuer_per_share_4q_avg": 19.86,
            "equity": 837668,
            "current_ratio": 106.62,
            "debt_ratio": 50.59,
            "inventory_turnover_ratio": 0.31,
            "account_receivable_turnover_ratio": 0.97,
            "reinvestment_rate": 401.3,
            "research_to_sale_ratio": 1.06,
            "price_fair": 30.57,
            "eps_avg_yearly": 0.87,
            "eps_latest_yearly": 0.96,
            "eps_growth_yearly": 315.24
        },
        "20232": {
            "year_quarter": 20232,
            "year": 2023,
            "quarter": 2,
            "eps": 0.2,
            "eps_growth_year": 150,
            "eps_4q": 0.79,
            "eps_4q_growth_year": 108.35,
            "roe": 1.03,
            "roe_4q": 4,
            "gross_profit": 59399,
            "gross_margin": 37.89,
            "gross_margin_4q_avg": 37.16,
            "net_income": 8589,
            "net_income_4q": null,
            "revenue": 156784,
            "revenue_4q": null,
            "common_shares": 418840,
            "book_valuer_per_share": 19.82,
            "book_valuer_per_share_4q_avg": 20.02,
            "equity": 831070,
            "current_ratio": 106.08,
            "debt_ratio": 51.53,
            "inventory_turnover_ratio": 0.36,
            "account_receivable_turnover_ratio": 1.13,
            "reinvestment_rate": 409.66,
            "research_to_sale_ratio": 0.99,
            "price_fair": 30.55,
            "eps_avg_yearly": 0.87,
            "eps_latest_yearly": 0.96,
            "eps_growth_yearly": 291.38
        },
        "20233": {
            "year_quarter": 20233,
            "year": 2023,
            "quarter": 3,
            "eps": 0.08,
            "eps_growth_year": -81.4,
            "eps_4q": 0.45,
            "eps_4q_growth_year": -32.25,
            "roe": 0.42,
            "roe_4q": 2.2199999999999998,
            "gross_profit": 63587,
            "gross_margin": 40.02,
            "gross_margin_4q_avg": 37.7,
            "net_income": 3505,
            "net_income_4q": null,
            "revenue": 158901,
            "revenue_4q": null,
            "common_shares": 418840,
            "book_valuer_per_share": 20.22,
            "book_valuer_per_share_4q_avg": 20.02,
            "equity": 847757,
            "current_ratio": 107.02,
            "debt_ratio": 49.94,
            "inventory_turnover_ratio": 0.36,
            "account_receivable_turnover_ratio": 1.02,
            "reinvestment_rate": 432.68,
            "research_to_sale_ratio": 1.52,
            "price_fair": 29.02,
            "eps_avg_yearly": 0.83,
            "eps_latest_yearly": 0.32,
            "eps_growth_yearly": 272.86
        }
    },
    "months": {
        "2014-10": {
            "month": "2014-10",
            "price": "38.74",
            "revenue": 27992
        },
        "2014-11": {
            "month": "2014-11",
            "price": "38.15",
            "revenue": 26582
        },
        "2014-12": {
            "month": "2014-12",
            "price": "37.54",
            "revenue": 41703
        },
        "2015-01": {
            "month": "2015-01",
            "price": "38.50",
            "revenue": 41505
        },
        "2015-03": {
            "month": "2015-03",
            "price": "38.50",
            "revenue": 26885
        },
        "2015-04": {
            "month": "2015-04",
            "price": "38.33",
            "revenue": 32758
        },
        "2015-05": {
            "month": "2015-05",
            "price": "37.84",
            "revenue": 30461
        },
        "2015-06": {
            "month": "2015-06",
            "price": "36.69",
            "revenue": 25810
        },
        "2015-07": {
            "month": "2015-07",
            "price": "32.58",
            "revenue": 45005
        },
        "2015-08": {
            "month": "2015-08",
            "price": "27.65",
            "revenue": 30436
        },
        "2015-09": {
            "month": "2015-09",
            "price": "28.29",
            "revenue": 33847
        },
        "2015-10": {
            "month": "2015-10",
            "price": "29.66",
            "revenue": 37693
        },
        "2015-11": {
            "month": "2015-11",
            "price": "30.77",
            "revenue": 32718
        },
        "2015-12": {
            "month": "2015-12",
            "price": "36.89",
            "revenue": 37212
        },
        "2016-01": {
            "month": "2016-01",
            "price": "33.19",
            "revenue": 25152
        },
        "2016-02": {
            "month": "2016-02",
            "price": "33.33",
            "revenue": 23340
        },
        "2016-03": {
            "month": "2016-03",
            "price": "34.23",
            "revenue": 30468
        },
        "2016-04": {
            "month": "2016-04",
            "price": "35.00",
            "revenue": 29724
        },
        "2016-05": {
            "month": "2016-05",
            "price": "33.43",
            "revenue": 33596
        },
        "2016-06": {
            "month": "2016-06",
            "price": "34.21",
            "revenue": 32394
        },
        "2016-07": {
            "month": "2016-07",
            "price": "35.13",
            "revenue": 34035
        },
        "2016-08": {
            "month": "2016-08",
            "price": "33.55",
            "revenue": 25034
        },
        "2016-09": {
            "month": "2016-09",
            "price": "33.41",
            "revenue": 25133
        },
        "2016-10": {
            "month": "2016-10",
            "price": "32.96",
            "revenue": 34812
        },
        "2016-11": {
            "month": "2016-11",
            "price": "32.32",
            "revenue": 34607
        },
        "2016-12": {
            "month": "2016-12",
            "price": "29.85",
            "revenue": 36790
        },
        "2017-01": {
            "month": "2017-01",
            "price": "31.37",
            "revenue": 31588
        },
        "2017-02": {
            "month": "2017-02",
            "price": "35.62",
            "revenue": 23647
        },
        "2017-03": {
            "month": "2017-03",
            "price": "32.97",
            "revenue": 31939
        },
        "2017-04": {
            "month": "2017-04",
            "price": "30.76",
            "revenue": 33808
        },
        "2017-05": {
            "month": "2017-05",
            "price": "30.30",
            "revenue": 35124
        },
        "2017-06": {
            "month": "2017-06",
            "price": "30.23",
            "revenue": 34373
        },
        "2017-07": {
            "month": "2017-07",
            "price": "29.87",
            "revenue": 33731
        },
        "2017-08": {
            "month": "2017-08",
            "price": "29.22",
            "revenue": 36460
        },
        "2017-09": {
            "month": "2017-09",
            "price": "29.65",
            "revenue": 33865
        },
        "2017-10": {
            "month": "2017-10",
            "price": "30.13",
            "revenue": 36977
        },
        "2017-11": {
            "month": "2017-11",
            "price": "31.57",
            "revenue": 37477
        },
        "2017-12": {
            "month": "2017-12",
            "price": "30.26",
            "revenue": 38759
        },
        "2018-01": {
            "month": "2018-01",
            "price": "31.22",
            "revenue": 35695
        },
        "2018-02": {
            "month": "2018-02",
            "price": "29.68",
            "revenue": 28377
        },
        "2018-03": {
            "month": "2018-03",
            "price": "29.92",
            "revenue": 38402
        },
        "2018-04": {
            "month": "2018-04",
            "price": "30.68",
            "revenue": 33231
        },
        "2018-05": {
            "month": "2018-05",
            "price": "31.80",
            "revenue": 42035
        },
        "2018-06": {
            "month": "2018-06",
            "price": "31.64",
            "revenue": 36303
        },
        "2018-07": {
            "month": "2018-07",
            "price": "31.34",
            "revenue": 44168
        },
        "2018-08": {
            "month": "2018-08",
            "price": "32.51",
            "revenue": 47004
        },
        "2018-09": {
            "month": "2018-09",
            "price": "33.97",
            "revenue": 43150
        },
        "2018-10": {
            "month": "2018-10",
            "price": "34.00",
            "revenue": 47694
        },
        "2018-11": {
            "month": "2018-11",
            "price": "34.73",
            "revenue": 46161
        },
        "2018-12": {
            "month": "2018-12",
            "price": "34.90",
            "revenue": 51622
        },
        "2019-01": {
            "month": "2019-01",
            "price": "35.58",
            "revenue": 38774
        },
        "2019-02": {
            "month": "2019-02",
            "price": "34.47",
            "revenue": 31031
        },
        "2019-03": {
            "month": "2019-03",
            "price": "33.31",
            "revenue": 40785
        },
        "2019-04": {
            "month": "2019-04",
            "price": "33.26",
            "revenue": 42796
        },
        "2019-05": {
            "month": "2019-05",
            "price": "32.90",
            "revenue": 35844
        },
        "2019-06": {
            "month": "2019-06",
            "price": "31.91",
            "revenue": 30876
        },
        "2019-07": {
            "month": "2019-07",
            "price": "32.46",
            "revenue": 44623
        },
        "2019-08": {
            "month": "2019-08",
            "price": "32.26",
            "revenue": 45127
        },
        "2019-09": {
            "month": "2019-09",
            "price": "32.82",
            "revenue": 43986
        },
        "2019-10": {
            "month": "2019-10",
            "price": "32.47",
            "revenue": 56810
        },
        "2019-11": {
            "month": "2019-11",
            "price": "32.46",
            "revenue": 52657
        },
        "2019-12": {
            "month": "2019-12",
            "price": "34.78",
            "revenue": 37941
        },
        "2020-01": {
            "month": "2020-01",
            "price": "34.16",
            "revenue": 25377
        },
        "2020-02": {
            "month": "2020-02",
            "price": "33.63",
            "revenue": 35430
        },
        "2020-03": {
            "month": "2020-03",
            "price": "30.82",
            "revenue": 53206
        },
        "2020-04": {
            "month": "2020-04",
            "price": "32.12",
            "revenue": 53298
        },
        "2020-05": {
            "month": "2020-05",
            "price": "34.11",
            "revenue": 48329
        },
        "2020-06": {
            "month": "2020-06",
            "price": "34.61",
            "revenue": 41289
        },
        "2020-07": {
            "month": "2020-07",
            "price": "35.89",
            "revenue": 45881
        },
        "2020-08": {
            "month": "2020-08",
            "price": "38.83",
            "revenue": 40521
        },
        "2020-09": {
            "month": "2020-09",
            "price": "36.90",
            "revenue": 49864
        },
        "2020-10": {
            "month": "2020-10",
            "price": "36.18",
            "revenue": 33300
        },
        "2020-11": {
            "month": "2020-11",
            "price": "33.92",
            "revenue": 38657
        },
        "2020-12": {
            "month": "2020-12",
            "price": "33.43",
            "revenue": 42498
        },
        "2021-01": {
            "month": "2021-01",
            "price": "32.58",
            "revenue": 41619
        },
        "2021-02": {
            "month": "2021-02",
            "price": "34.64",
            "revenue": 32433
        },
        "2021-03": {
            "month": "2021-03",
            "price": "37.24",
            "revenue": 40253
        },
        "2021-04": {
            "month": "2021-04",
            "price": "35.11",
            "revenue": 50408
        },
        "2021-05": {
            "month": "2021-05",
            "price": "32.25",
            "revenue": 53191
        },
        "2021-06": {
            "month": "2021-06",
            "price": "31.86",
            "revenue": 53139
        },
        "2021-07": {
            "month": "2021-07",
            "price": "32.58",
            "revenue": 49663
        },
        "2021-08": {
            "month": "2021-08",
            "price": "31.98",
            "revenue": 55770
        },
        "2021-09": {
            "month": "2021-09",
            "price": "31.91",
            "revenue": 50021
        },
        "2021-10": {
            "month": "2021-10",
            "price": "31.34",
            "revenue": 47992
        },
        "2021-11": {
            "month": "2021-11",
            "price": "30.63",
            "revenue": 57212
        },
        "2021-12": {
            "month": "2021-12",
            "price": "30.97",
            "revenue": 58368
        },
        "2022-01": {
            "month": "2022-01",
            "price": "31.28",
            "revenue": 47264
        },
        "2022-02": {
            "month": "2022-02",
            "price": "31.02",
            "revenue": 42555
        },
        "2022-03": {
            "month": "2022-03",
            "price": "30.45",
            "revenue": 61157
        },
        "2022-04": {
            "month": "2022-04",
            "price": "30.63",
            "revenue": 46065
        },
        "2022-05": {
            "month": "2022-05",
            "price": "30.30",
            "revenue": 56937
        },
        "2022-06": {
            "month": "2022-06",
            "price": "29.88",
            "revenue": 67218
        },
        "2022-07": {
            "month": "2022-07",
            "price": "30.24",
            "revenue": 67880
        },
        "2022-08": {
            "month": "2022-08",
            "price": "30.08",
            "revenue": 76349
        },
        "2022-09": {
            "month": "2022-09",
            "price": "31.17",
            "revenue": 68538
        },
        "2022-10": {
            "month": "2022-10",
            "price": "30.95",
            "revenue": 62909
        },
        "2022-11": {
            "month": "2022-11",
            "price": "30.48",
            "revenue": 50545
        },
        "2022-12": {
            "month": "2022-12",
            "price": "30.54",
            "revenue": 52348
        },
        "2023-01": {
            "month": "2023-01",
            "price": "30.30",
            "revenue": 39509
        },
        "2023-02": {
            "month": "2023-02",
            "price": "30.47",
            "revenue": 40019
        },
        "2023-03": {
            "month": "2023-03",
            "price": "31.03",
            "revenue": 54970
        },
        "2023-04": {
            "month": "2023-04",
            "price": "31.09",
            "revenue": 48135
        },
        "2023-05": {
            "month": "2023-05",
            "price": "30.31",
            "revenue": 57095
        },
        "2023-06": {
            "month": "2023-06",
            "price": "30.07",
            "revenue": 51989
        },
        "2023-07": {
            "month": "2023-07",
            "price": "29.76",
            "revenue": 52204
        },
        "2023-08": {
            "month": "2023-08",
            "price": "29.83",
            "revenue": 57498
        },
        "2023-09": {
            "month": "2023-09",
            "price": "29.53",
            "revenue": 49487
        },
        "2023-10": {
            "month": "2023-10",
            "price": "29.80",
            "revenue": 45421
        },
        "2023-11": {
            "month": "2023-11",
            "price": "29.47",
            "revenue": 51915
        },
        "2023-12": {
            "month": "2023-12",
            "price": "28.91",
            "revenue": 54653
        }
    }
}
