{
    "summary": {
        "stock_name": "永新-KY",
        "stock_id": "4557",
        "category": "汽車",
        "main_business": "售後市場汽車剎車系統零組件之製造、生產及銷售。<br>汽機車原廠煞車片之製造、生產及銷售。<br>二輪機車及自行車油壓碟式煞車組之製造、生產及銷售。",
        "website_url": "http://www.yusin.com",
        "ceo": "許耀仁",
        "pe_ratio": 13,
        "report_year_from": 2013,
        "report_year_to": 2023,
        "age": 11,
        "eps_negative_percentage": 0,
        "eps_growth_avg": {
            "last_all": 12.4,
            "last_2y": 38.59,
            "last_4y": 17.41,
            "last_8y": null,
            "last_12y": null,
            "last_16y": null,
            "last_20y": null,
            "at_2006_last_3y": null,
            "at_2007_last_3y": null,
            "at_2008_last_3y": null,
            "at_2009_last_3y": null,
            "at_2010_last_3y": null,
            "at_2011_last_3y": null,
            "at_2012_last_3y": null,
            "at_2013_last_3y": null,
            "at_2014_last_3y": null,
            "at_2015_last_3y": null,
            "at_2016_last_3y": null,
            "at_2017_last_3y": null,
            "at_2018_last_3y": null,
            "at_2019_last_3y": 4.29,
            "at_2020_last_3y": -14.13,
            "at_2021_last_3y": 2.8,
            "at_2022_last_3y": 28.13,
            "at_2023_last_3y": 20.5,
            "at_2024_last_3y": 20.5,
            "at_2006_last_all": null,
            "at_2007_last_all": null,
            "at_2008_last_all": null,
            "at_2009_last_all": null,
            "at_2010_last_all": null,
            "at_2011_last_all": null,
            "at_2012_last_all": null,
            "at_2013_last_all": null,
            "at_2014_last_all": null,
            "at_2015_last_all": null,
            "at_2016_last_all": null,
            "at_2017_last_all": 6.74,
            "at_2018_last_all": 4.05,
            "at_2019_last_all": 4.29,
            "at_2020_last_all": -3.32,
            "at_2021_last_all": 4.11,
            "at_2022_last_all": 17.81,
            "at_2023_last_all": 12.4,
            "at_2024_last_all": 12.4
        },
        "latest_eps": 9.02,
        "latest_price": 119.5,
        "latest_roe": 18.26,
        "latest_gross_margin": 29.44,
        "latest_equity": 2211979,
        "latest_revenue": 886057,
        "latest_gross_profit": 260895,
        "latest_net_income": 91498,
        "latest_debt_ratio": 45.51,
        "latest_current_ratio": 165.42,
        "latest_account_receivable_turnover_ratio": 0.75,
        "latest_inventory_turnover_ratio": 1.12,
        "latest_reinvestment_rate": 34.2,
        "latest_research_to_sale_ratio": 4.01
    },
    "eps_dividends": {
        "2001": {
            "cash": 0,
            "stock": 0,
            "eps": 0
        },
        "2002": {
            "cash": 0,
            "stock": 0,
            "eps": 0
        },
        "2003": {
            "cash": 0,
            "stock": 0,
            "eps": 0
        },
        "2004": {
            "cash": 0,
            "stock": 0,
            "eps": 0
        },
        "2005": {
            "cash": 0,
            "stock": 0,
            "eps": 0
        },
        "2006": {
            "cash": 0,
            "stock": 0,
            "eps": 0
        },
        "2007": {
            "cash": 0,
            "stock": 0,
            "eps": 0
        },
        "2008": {
            "cash": 0,
            "stock": 0,
            "eps": 0
        },
        "2009": {
            "cash": 0,
            "stock": 0,
            "eps": 0
        },
        "2010": {
            "cash": 0,
            "stock": 0,
            "eps": 0
        },
        "2011": {
            "cash": 0,
            "stock": 0,
            "eps": 0
        },
        "2012": {
            "cash": 0,
            "stock": 0,
            "eps": 0
        },
        "2013": {
            "cash": 0,
            "stock": 0,
            "eps": 0
        },
        "2014": {
            "cash": 0,
            "stock": 0,
            "eps": 0
        },
        "2015": {
            "cash": 1,
            "stock": 0,
            "eps": 5.11
        },
        "2016": {
            "cash": 5.6,
            "stock": 0,
            "eps": 7.15
        },
        "2017": {
            "cash": 5,
            "stock": 0,
            "eps": 5.26
        },
        "2018": {
            "cash": 5,
            "stock": 0,
            "eps": 5.19
        },
        "2019": {
            "cash": 5,
            "stock": 0,
            "eps": 5.45
        },
        "2020": {
            "cash": 5,
            "stock": 0,
            "eps": 3.61
        },
        "2021": {
            "cash": 3.5,
            "stock": 0,
            "eps": 5.1
        },
        "2022": {
            "cash": 4.5,
            "stock": 0,
            "eps": 12.12
        },
        "2023": {
            "cash": 7,
            "stock": 0,
            "eps": 9.03
        },
        "2024": {
            "cash": 6,
            "stock": 0,
            "eps": 0
        }
    },
    "dividends": {
        "2015-05-28": {
            "cash": 1,
            "stock": 0
        },
        "2016-07-06": {
            "cash": 5.6,
            "stock": 0
        },
        "2017-07-18": {
            "cash": 5,
            "stock": 0
        },
        "2018-07-18": {
            "cash": 5,
            "stock": 0
        },
        "2019-07-19": {
            "cash": 5,
            "stock": 0
        },
        "2020-07-16": {
            "cash": 5,
            "stock": 0
        },
        "2021-08-23": {
            "cash": 3.5,
            "stock": 0
        },
        "2022-07-18": {
            "cash": 4.5,
            "stock": 0
        },
        "2023-07-17": {
            "cash": 7,
            "stock": 0
        },
        "2024-02-27": {
            "cash": 6,
            "stock": 0
        }
    },
    "prices": {
        "200101": "無",
        "200102": "無",
        "200103": "無",
        "200104": "無",
        "200105": "無",
        "200106": "無",
        "200107": "無",
        "200108": "無",
        "200109": "無",
        "200110": "無",
        "200111": "無",
        "200112": "無",
        "200201": "無",
        "200202": "無",
        "200203": "無",
        "200204": "無",
        "200205": "無",
        "200206": "無",
        "200207": "無",
        "200208": "無",
        "200209": "無",
        "200210": "無",
        "200211": "無",
        "200212": "無",
        "200301": "無",
        "200302": "無",
        "200303": "無",
        "200304": "無",
        "200305": "無",
        "200306": "無",
        "200307": "無",
        "200308": "無",
        "200309": "無",
        "200310": "無",
        "200311": "無",
        "200312": "無",
        "200401": "無",
        "200402": "無",
        "200403": "無",
        "200404": "無",
        "200405": "無",
        "200406": "無",
        "200407": "無",
        "200408": "無",
        "200409": "無",
        "200410": "無",
        "200411": "無",
        "200412": "無",
        "200501": "無",
        "200502": "無",
        "200503": "無",
        "200504": "無",
        "200505": "無",
        "200506": "無",
        "200507": "無",
        "200508": "無",
        "200509": "無",
        "200510": "無",
        "200511": "無",
        "200512": "無",
        "200601": "無",
        "200602": "無",
        "200603": "無",
        "200604": "無",
        "200605": "無",
        "200606": "無",
        "200607": "無",
        "200608": "無",
        "200609": "無",
        "200610": "無",
        "200611": "無",
        "200612": "無",
        "200701": "無",
        "200702": "無",
        "200703": "無",
        "200704": "無",
        "200705": "無",
        "200706": "無",
        "200707": "無",
        "200708": "無",
        "200709": "無",
        "200710": "無",
        "200711": "無",
        "200712": "無",
        "200801": "無",
        "200802": "無",
        "200803": "無",
        "200804": "無",
        "200805": "無",
        "200806": "無",
        "200807": "無",
        "200808": "無",
        "200809": "無",
        "200810": "無",
        "200811": "無",
        "200812": "無",
        "200901": "無",
        "200902": "無",
        "200903": "無",
        "200904": "無",
        "200905": "無",
        "200906": "無",
        "200907": "無",
        "200908": "無",
        "200909": "無",
        "200910": "無",
        "200911": "無",
        "200912": "無",
        "201001": "無",
        "201002": "無",
        "201003": "無",
        "201004": "無",
        "201005": "無",
        "201006": "無",
        "201007": "無",
        "201008": "無",
        "201009": "無",
        "201010": "無",
        "201011": "無",
        "201012": "無",
        "201101": "無",
        "201102": "無",
        "201103": "無",
        "201104": "無",
        "201105": "無",
        "201106": "無",
        "201107": "無",
        "201108": "無",
        "201109": "無",
        "201110": "無",
        "201111": "無",
        "201112": "無",
        "201201": "無",
        "201202": "無",
        "201203": "無",
        "201204": "無",
        "201205": "無",
        "201206": "無",
        "201207": "無",
        "201208": "無",
        "201209": "無",
        "201210": "無",
        "201211": "無",
        "201212": "無",
        "201301": "無",
        "201302": "無",
        "201303": "無",
        "201304": "無",
        "201305": "無",
        "201306": "無",
        "201307": "無",
        "201308": "無",
        "201309": "無",
        "201310": "無",
        "201311": "無",
        "201312": "無",
        "201401": "無",
        "201402": "無",
        "201403": "無",
        "201404": "無",
        "201405": "無",
        "201406": "無",
        "201407": "無",
        "201408": "無",
        "201409": "無",
        "201410": "無",
        "201411": "無",
        "201412": "無",
        "201501": "無",
        "201502": "無",
        "201503": "無",
        "201504": "無",
        "201505": "無",
        "201506": "無",
        "201507": "無",
        "201508": "無",
        "201509": "無",
        "201510": "71.30",
        "201511": "80.17",
        "201512": "73.11",
        "201601": "71.81",
        "201602": "73.36",
        "201603": "74.87",
        "201604": "76.55",
        "201605": "74.12",
        "201606": "74.60",
        "201607": "68.92",
        "201608": "70.47",
        "201609": "70.62",
        "201610": "69.14",
        "201611": "67.43",
        "201612": "69.20",
        "201701": "73.70",
        "201702": "79.57",
        "201703": "86.98",
        "201704": "85.86",
        "201705": "84.30",
        "201706": "82.33",
        "201707": "76.49",
        "201708": "77.27",
        "201709": "76.10",
        "201710": "74.73",
        "201711": "71.84",
        "201712": "70.60",
        "201801": "72.44",
        "201802": "73.82",
        "201803": "76.77",
        "201804": "76.41",
        "201805": "67.34",
        "201806": "69.01",
        "201807": "64.80",
        "201808": "67.95",
        "201809": "66.52",
        "201810": "64.50",
        "201811": "61.91",
        "201812": "62.10",
        "201901": "67.90",
        "201902": "71.41",
        "201903": "75.37",
        "201904": "76.16",
        "201905": "73.85",
        "201906": "74.11",
        "201907": "69.24",
        "201908": "68.74",
        "201909": "69.84",
        "201910": "69.86",
        "201911": "69.71",
        "201912": "70.06",
        "202001": "70.33",
        "202002": "68.98",
        "202003": "63.35",
        "202004": "63.88",
        "202005": "67.86",
        "202006": "69.64",
        "202007": "63.03",
        "202008": "61.15",
        "202009": "61.12",
        "202010": "62.24",
        "202011": "62.38",
        "202012": "62.57",
        "202101": "62.78",
        "202102": "63.18",
        "202103": "64.55",
        "202104": "66.11",
        "202105": "64.26",
        "202106": "64.68",
        "202107": "66.51",
        "202108": "62.81",
        "202109": "63.98",
        "202110": "63.40",
        "202111": "65.41",
        "202112": "74.50",
        "202201": "74.87",
        "202202": "75.27",
        "202203": "75.40",
        "202204": "78.16",
        "202205": "76.57",
        "202206": "79.39",
        "202207": "77.67",
        "202208": "106.23",
        "202209": "116.05",
        "202210": "106.85",
        "202211": "103.61",
        "202212": "101.70",
        "202301": "97.33",
        "202302": "102.64",
        "202303": "112.54",
        "202304": "110.06",
        "202305": "116.11",
        "202306": "114.08",
        "202307": "102.46",
        "202308": "103.50",
        "202309": "108.88",
        "202310": "113.78",
        "202311": "107.84",
        "202312": "114.02"
    },
    "quarters": {
        "20011": {
            "year_quarter": 20011,
            "year": 2001,
            "quarter": 1,
            "eps": null,
            "eps_growth_year": null,
            "eps_4q": null,
            "eps_4q_growth_year": null,
            "roe": null,
            "roe_4q": 0,
            "gross_profit": null,
            "gross_margin": null,
            "gross_margin_4q_avg": 0,
            "net_income": null,
            "net_income_4q": null,
            "revenue": null,
            "revenue_4q": null,
            "common_shares": null,
            "book_valuer_per_share": null,
            "book_valuer_per_share_4q_avg": 0,
            "equity": null,
            "current_ratio": null,
            "debt_ratio": null,
            "inventory_turnover_ratio": null,
            "account_receivable_turnover_ratio": null,
            "reinvestment_rate": null,
            "research_to_sale_ratio": null,
            "price_fair": 0,
            "eps_avg_yearly": 0,
            "eps_latest_yearly": 0,
            "eps_growth_yearly": 0
        },
        "20012": {
            "year_quarter": 20012,
            "year": 2001,
            "quarter": 2,
            "eps": null,
            "eps_growth_year": null,
            "eps_4q": null,
            "eps_4q_growth_year": null,
            "roe": null,
            "roe_4q": 0,
            "gross_profit": null,
            "gross_margin": null,
            "gross_margin_4q_avg": 0,
            "net_income": null,
            "net_income_4q": null,
            "revenue": null,
            "revenue_4q": null,
            "common_shares": null,
            "book_valuer_per_share": null,
            "book_valuer_per_share_4q_avg": 0,
            "equity": null,
            "current_ratio": null,
            "debt_ratio": null,
            "inventory_turnover_ratio": null,
            "account_receivable_turnover_ratio": null,
            "reinvestment_rate": null,
            "research_to_sale_ratio": null,
            "price_fair": 0,
            "eps_avg_yearly": 0,
            "eps_latest_yearly": 0,
            "eps_growth_yearly": 0
        },
        "20013": {
            "year_quarter": 20013,
            "year": 2001,
            "quarter": 3,
            "eps": null,
            "eps_growth_year": null,
            "eps_4q": null,
            "eps_4q_growth_year": null,
            "roe": null,
            "roe_4q": 0,
            "gross_profit": null,
            "gross_margin": null,
            "gross_margin_4q_avg": 0,
            "net_income": null,
            "net_income_4q": null,
            "revenue": null,
            "revenue_4q": null,
            "common_shares": null,
            "book_valuer_per_share": null,
            "book_valuer_per_share_4q_avg": 0,
            "equity": null,
            "current_ratio": null,
            "debt_ratio": null,
            "inventory_turnover_ratio": null,
            "account_receivable_turnover_ratio": null,
            "reinvestment_rate": null,
            "research_to_sale_ratio": null,
            "price_fair": 0,
            "eps_avg_yearly": 0,
            "eps_latest_yearly": 0,
            "eps_growth_yearly": 0
        },
        "20014": {
            "year_quarter": 20014,
            "year": 2001,
            "quarter": 4,
            "eps": null,
            "eps_growth_year": null,
            "eps_4q": null,
            "eps_4q_growth_year": null,
            "roe": null,
            "roe_4q": 0,
            "gross_profit": null,
            "gross_margin": null,
            "gross_margin_4q_avg": 0,
            "net_income": null,
            "net_income_4q": null,
            "revenue": null,
            "revenue_4q": null,
            "common_shares": null,
            "book_valuer_per_share": null,
            "book_valuer_per_share_4q_avg": 0,
            "equity": null,
            "current_ratio": null,
            "debt_ratio": null,
            "inventory_turnover_ratio": null,
            "account_receivable_turnover_ratio": null,
            "reinvestment_rate": null,
            "research_to_sale_ratio": null,
            "price_fair": 0,
            "eps_avg_yearly": 0,
            "eps_latest_yearly": 0,
            "eps_growth_yearly": 0
        },
        "20021": {
            "year_quarter": 20021,
            "year": 2002,
            "quarter": 1,
            "eps": null,
            "eps_growth_year": null,
            "eps_4q": null,
            "eps_4q_growth_year": null,
            "roe": null,
            "roe_4q": 0,
            "gross_profit": null,
            "gross_margin": null,
            "gross_margin_4q_avg": 0,
            "net_income": null,
            "net_income_4q": null,
            "revenue": null,
            "revenue_4q": null,
            "common_shares": null,
            "book_valuer_per_share": null,
            "book_valuer_per_share_4q_avg": 0,
            "equity": null,
            "current_ratio": null,
            "debt_ratio": null,
            "inventory_turnover_ratio": null,
            "account_receivable_turnover_ratio": null,
            "reinvestment_rate": null,
            "research_to_sale_ratio": null,
            "price_fair": 0,
            "eps_avg_yearly": 0,
            "eps_latest_yearly": 0,
            "eps_growth_yearly": 0
        },
        "20022": {
            "year_quarter": 20022,
            "year": 2002,
            "quarter": 2,
            "eps": null,
            "eps_growth_year": null,
            "eps_4q": null,
            "eps_4q_growth_year": null,
            "roe": null,
            "roe_4q": 0,
            "gross_profit": null,
            "gross_margin": null,
            "gross_margin_4q_avg": 0,
            "net_income": null,
            "net_income_4q": null,
            "revenue": null,
            "revenue_4q": null,
            "common_shares": null,
            "book_valuer_per_share": null,
            "book_valuer_per_share_4q_avg": 0,
            "equity": null,
            "current_ratio": null,
            "debt_ratio": null,
            "inventory_turnover_ratio": null,
            "account_receivable_turnover_ratio": null,
            "reinvestment_rate": null,
            "research_to_sale_ratio": null,
            "price_fair": 0,
            "eps_avg_yearly": 0,
            "eps_latest_yearly": 0,
            "eps_growth_yearly": 0
        },
        "20023": {
            "year_quarter": 20023,
            "year": 2002,
            "quarter": 3,
            "eps": null,
            "eps_growth_year": null,
            "eps_4q": null,
            "eps_4q_growth_year": null,
            "roe": null,
            "roe_4q": 0,
            "gross_profit": null,
            "gross_margin": null,
            "gross_margin_4q_avg": 0,
            "net_income": null,
            "net_income_4q": null,
            "revenue": null,
            "revenue_4q": null,
            "common_shares": null,
            "book_valuer_per_share": null,
            "book_valuer_per_share_4q_avg": 0,
            "equity": null,
            "current_ratio": null,
            "debt_ratio": null,
            "inventory_turnover_ratio": null,
            "account_receivable_turnover_ratio": null,
            "reinvestment_rate": null,
            "research_to_sale_ratio": null,
            "price_fair": 0,
            "eps_avg_yearly": 0,
            "eps_latest_yearly": 0,
            "eps_growth_yearly": 0
        },
        "20024": {
            "year_quarter": 20024,
            "year": 2002,
            "quarter": 4,
            "eps": null,
            "eps_growth_year": null,
            "eps_4q": null,
            "eps_4q_growth_year": null,
            "roe": null,
            "roe_4q": 0,
            "gross_profit": null,
            "gross_margin": null,
            "gross_margin_4q_avg": 0,
            "net_income": null,
            "net_income_4q": null,
            "revenue": null,
            "revenue_4q": null,
            "common_shares": null,
            "book_valuer_per_share": null,
            "book_valuer_per_share_4q_avg": 0,
            "equity": null,
            "current_ratio": null,
            "debt_ratio": null,
            "inventory_turnover_ratio": null,
            "account_receivable_turnover_ratio": null,
            "reinvestment_rate": null,
            "research_to_sale_ratio": null,
            "price_fair": 0,
            "eps_avg_yearly": 0,
            "eps_latest_yearly": 0,
            "eps_growth_yearly": 0
        },
        "20031": {
            "year_quarter": 20031,
            "year": 2003,
            "quarter": 1,
            "eps": null,
            "eps_growth_year": null,
            "eps_4q": null,
            "eps_4q_growth_year": null,
            "roe": null,
            "roe_4q": 0,
            "gross_profit": null,
            "gross_margin": null,
            "gross_margin_4q_avg": 0,
            "net_income": null,
            "net_income_4q": null,
            "revenue": null,
            "revenue_4q": null,
            "common_shares": null,
            "book_valuer_per_share": null,
            "book_valuer_per_share_4q_avg": 0,
            "equity": null,
            "current_ratio": null,
            "debt_ratio": null,
            "inventory_turnover_ratio": null,
            "account_receivable_turnover_ratio": null,
            "reinvestment_rate": null,
            "research_to_sale_ratio": null,
            "price_fair": 0,
            "eps_avg_yearly": 0,
            "eps_latest_yearly": 0,
            "eps_growth_yearly": 0
        },
        "20032": {
            "year_quarter": 20032,
            "year": 2003,
            "quarter": 2,
            "eps": null,
            "eps_growth_year": null,
            "eps_4q": null,
            "eps_4q_growth_year": null,
            "roe": null,
            "roe_4q": 0,
            "gross_profit": null,
            "gross_margin": null,
            "gross_margin_4q_avg": 0,
            "net_income": null,
            "net_income_4q": null,
            "revenue": null,
            "revenue_4q": null,
            "common_shares": null,
            "book_valuer_per_share": null,
            "book_valuer_per_share_4q_avg": 0,
            "equity": null,
            "current_ratio": null,
            "debt_ratio": null,
            "inventory_turnover_ratio": null,
            "account_receivable_turnover_ratio": null,
            "reinvestment_rate": null,
            "research_to_sale_ratio": null,
            "price_fair": 0,
            "eps_avg_yearly": 0,
            "eps_latest_yearly": 0,
            "eps_growth_yearly": 0
        },
        "20033": {
            "year_quarter": 20033,
            "year": 2003,
            "quarter": 3,
            "eps": null,
            "eps_growth_year": null,
            "eps_4q": null,
            "eps_4q_growth_year": null,
            "roe": null,
            "roe_4q": 0,
            "gross_profit": null,
            "gross_margin": null,
            "gross_margin_4q_avg": 0,
            "net_income": null,
            "net_income_4q": null,
            "revenue": null,
            "revenue_4q": null,
            "common_shares": null,
            "book_valuer_per_share": null,
            "book_valuer_per_share_4q_avg": 0,
            "equity": null,
            "current_ratio": null,
            "debt_ratio": null,
            "inventory_turnover_ratio": null,
            "account_receivable_turnover_ratio": null,
            "reinvestment_rate": null,
            "research_to_sale_ratio": null,
            "price_fair": 0,
            "eps_avg_yearly": 0,
            "eps_latest_yearly": 0,
            "eps_growth_yearly": 0
        },
        "20034": {
            "year_quarter": 20034,
            "year": 2003,
            "quarter": 4,
            "eps": null,
            "eps_growth_year": null,
            "eps_4q": null,
            "eps_4q_growth_year": null,
            "roe": null,
            "roe_4q": 0,
            "gross_profit": null,
            "gross_margin": null,
            "gross_margin_4q_avg": 0,
            "net_income": null,
            "net_income_4q": null,
            "revenue": null,
            "revenue_4q": null,
            "common_shares": null,
            "book_valuer_per_share": null,
            "book_valuer_per_share_4q_avg": 0,
            "equity": null,
            "current_ratio": null,
            "debt_ratio": null,
            "inventory_turnover_ratio": null,
            "account_receivable_turnover_ratio": null,
            "reinvestment_rate": null,
            "research_to_sale_ratio": null,
            "price_fair": 0,
            "eps_avg_yearly": 0,
            "eps_latest_yearly": 0,
            "eps_growth_yearly": 0
        },
        "20041": {
            "year_quarter": 20041,
            "year": 2004,
            "quarter": 1,
            "eps": null,
            "eps_growth_year": null,
            "eps_4q": null,
            "eps_4q_growth_year": null,
            "roe": null,
            "roe_4q": 0,
            "gross_profit": null,
            "gross_margin": null,
            "gross_margin_4q_avg": 0,
            "net_income": null,
            "net_income_4q": null,
            "revenue": null,
            "revenue_4q": null,
            "common_shares": null,
            "book_valuer_per_share": null,
            "book_valuer_per_share_4q_avg": 0,
            "equity": null,
            "current_ratio": null,
            "debt_ratio": null,
            "inventory_turnover_ratio": null,
            "account_receivable_turnover_ratio": null,
            "reinvestment_rate": null,
            "research_to_sale_ratio": null,
            "price_fair": 0,
            "eps_avg_yearly": 0,
            "eps_latest_yearly": 0,
            "eps_growth_yearly": 0
        },
        "20042": {
            "year_quarter": 20042,
            "year": 2004,
            "quarter": 2,
            "eps": null,
            "eps_growth_year": null,
            "eps_4q": null,
            "eps_4q_growth_year": null,
            "roe": null,
            "roe_4q": 0,
            "gross_profit": null,
            "gross_margin": null,
            "gross_margin_4q_avg": 0,
            "net_income": null,
            "net_income_4q": null,
            "revenue": null,
            "revenue_4q": null,
            "common_shares": null,
            "book_valuer_per_share": null,
            "book_valuer_per_share_4q_avg": 0,
            "equity": null,
            "current_ratio": null,
            "debt_ratio": null,
            "inventory_turnover_ratio": null,
            "account_receivable_turnover_ratio": null,
            "reinvestment_rate": null,
            "research_to_sale_ratio": null,
            "price_fair": 0,
            "eps_avg_yearly": 0,
            "eps_latest_yearly": 0,
            "eps_growth_yearly": 0
        },
        "20043": {
            "year_quarter": 20043,
            "year": 2004,
            "quarter": 3,
            "eps": null,
            "eps_growth_year": null,
            "eps_4q": null,
            "eps_4q_growth_year": null,
            "roe": null,
            "roe_4q": 0,
            "gross_profit": null,
            "gross_margin": null,
            "gross_margin_4q_avg": 0,
            "net_income": null,
            "net_income_4q": null,
            "revenue": null,
            "revenue_4q": null,
            "common_shares": null,
            "book_valuer_per_share": null,
            "book_valuer_per_share_4q_avg": 0,
            "equity": null,
            "current_ratio": null,
            "debt_ratio": null,
            "inventory_turnover_ratio": null,
            "account_receivable_turnover_ratio": null,
            "reinvestment_rate": null,
            "research_to_sale_ratio": null,
            "price_fair": 0,
            "eps_avg_yearly": 0,
            "eps_latest_yearly": 0,
            "eps_growth_yearly": 0
        },
        "20044": {
            "year_quarter": 20044,
            "year": 2004,
            "quarter": 4,
            "eps": null,
            "eps_growth_year": null,
            "eps_4q": null,
            "eps_4q_growth_year": null,
            "roe": null,
            "roe_4q": 0,
            "gross_profit": null,
            "gross_margin": null,
            "gross_margin_4q_avg": 0,
            "net_income": null,
            "net_income_4q": null,
            "revenue": null,
            "revenue_4q": null,
            "common_shares": null,
            "book_valuer_per_share": null,
            "book_valuer_per_share_4q_avg": 0,
            "equity": null,
            "current_ratio": null,
            "debt_ratio": null,
            "inventory_turnover_ratio": null,
            "account_receivable_turnover_ratio": null,
            "reinvestment_rate": null,
            "research_to_sale_ratio": null,
            "price_fair": 0,
            "eps_avg_yearly": 0,
            "eps_latest_yearly": 0,
            "eps_growth_yearly": 0
        },
        "20051": {
            "year_quarter": 20051,
            "year": 2005,
            "quarter": 1,
            "eps": null,
            "eps_growth_year": null,
            "eps_4q": null,
            "eps_4q_growth_year": null,
            "roe": null,
            "roe_4q": 0,
            "gross_profit": null,
            "gross_margin": null,
            "gross_margin_4q_avg": 0,
            "net_income": null,
            "net_income_4q": null,
            "revenue": null,
            "revenue_4q": null,
            "common_shares": null,
            "book_valuer_per_share": null,
            "book_valuer_per_share_4q_avg": 0,
            "equity": null,
            "current_ratio": null,
            "debt_ratio": null,
            "inventory_turnover_ratio": null,
            "account_receivable_turnover_ratio": null,
            "reinvestment_rate": null,
            "research_to_sale_ratio": null,
            "price_fair": 0,
            "eps_avg_yearly": 0,
            "eps_latest_yearly": 0,
            "eps_growth_yearly": 0
        },
        "20052": {
            "year_quarter": 20052,
            "year": 2005,
            "quarter": 2,
            "eps": null,
            "eps_growth_year": null,
            "eps_4q": null,
            "eps_4q_growth_year": null,
            "roe": null,
            "roe_4q": 0,
            "gross_profit": null,
            "gross_margin": null,
            "gross_margin_4q_avg": 0,
            "net_income": null,
            "net_income_4q": null,
            "revenue": null,
            "revenue_4q": null,
            "common_shares": null,
            "book_valuer_per_share": null,
            "book_valuer_per_share_4q_avg": 0,
            "equity": null,
            "current_ratio": null,
            "debt_ratio": null,
            "inventory_turnover_ratio": null,
            "account_receivable_turnover_ratio": null,
            "reinvestment_rate": null,
            "research_to_sale_ratio": null,
            "price_fair": 0,
            "eps_avg_yearly": 0,
            "eps_latest_yearly": 0,
            "eps_growth_yearly": 0
        },
        "20053": {
            "year_quarter": 20053,
            "year": 2005,
            "quarter": 3,
            "eps": null,
            "eps_growth_year": null,
            "eps_4q": null,
            "eps_4q_growth_year": null,
            "roe": null,
            "roe_4q": 0,
            "gross_profit": null,
            "gross_margin": null,
            "gross_margin_4q_avg": 0,
            "net_income": null,
            "net_income_4q": null,
            "revenue": null,
            "revenue_4q": null,
            "common_shares": null,
            "book_valuer_per_share": null,
            "book_valuer_per_share_4q_avg": 0,
            "equity": null,
            "current_ratio": null,
            "debt_ratio": null,
            "inventory_turnover_ratio": null,
            "account_receivable_turnover_ratio": null,
            "reinvestment_rate": null,
            "research_to_sale_ratio": null,
            "price_fair": 0,
            "eps_avg_yearly": 0,
            "eps_latest_yearly": 0,
            "eps_growth_yearly": 0
        },
        "20054": {
            "year_quarter": 20054,
            "year": 2005,
            "quarter": 4,
            "eps": null,
            "eps_growth_year": null,
            "eps_4q": null,
            "eps_4q_growth_year": null,
            "roe": null,
            "roe_4q": 0,
            "gross_profit": null,
            "gross_margin": null,
            "gross_margin_4q_avg": 0,
            "net_income": null,
            "net_income_4q": null,
            "revenue": null,
            "revenue_4q": null,
            "common_shares": null,
            "book_valuer_per_share": null,
            "book_valuer_per_share_4q_avg": 0,
            "equity": null,
            "current_ratio": null,
            "debt_ratio": null,
            "inventory_turnover_ratio": null,
            "account_receivable_turnover_ratio": null,
            "reinvestment_rate": null,
            "research_to_sale_ratio": null,
            "price_fair": 0,
            "eps_avg_yearly": 0,
            "eps_latest_yearly": 0,
            "eps_growth_yearly": 0
        },
        "20061": {
            "year_quarter": 20061,
            "year": 2006,
            "quarter": 1,
            "eps": null,
            "eps_growth_year": null,
            "eps_4q": null,
            "eps_4q_growth_year": null,
            "roe": null,
            "roe_4q": 0,
            "gross_profit": null,
            "gross_margin": null,
            "gross_margin_4q_avg": 0,
            "net_income": null,
            "net_income_4q": null,
            "revenue": null,
            "revenue_4q": null,
            "common_shares": null,
            "book_valuer_per_share": null,
            "book_valuer_per_share_4q_avg": 0,
            "equity": null,
            "current_ratio": null,
            "debt_ratio": null,
            "inventory_turnover_ratio": null,
            "account_receivable_turnover_ratio": null,
            "reinvestment_rate": null,
            "research_to_sale_ratio": null,
            "price_fair": 0,
            "eps_avg_yearly": 0,
            "eps_latest_yearly": 0,
            "eps_growth_yearly": 0
        },
        "20062": {
            "year_quarter": 20062,
            "year": 2006,
            "quarter": 2,
            "eps": null,
            "eps_growth_year": null,
            "eps_4q": null,
            "eps_4q_growth_year": null,
            "roe": null,
            "roe_4q": 0,
            "gross_profit": null,
            "gross_margin": null,
            "gross_margin_4q_avg": 0,
            "net_income": null,
            "net_income_4q": null,
            "revenue": null,
            "revenue_4q": null,
            "common_shares": null,
            "book_valuer_per_share": null,
            "book_valuer_per_share_4q_avg": 0,
            "equity": null,
            "current_ratio": null,
            "debt_ratio": null,
            "inventory_turnover_ratio": null,
            "account_receivable_turnover_ratio": null,
            "reinvestment_rate": null,
            "research_to_sale_ratio": null,
            "price_fair": 0,
            "eps_avg_yearly": 0,
            "eps_latest_yearly": 0,
            "eps_growth_yearly": 0
        },
        "20063": {
            "year_quarter": 20063,
            "year": 2006,
            "quarter": 3,
            "eps": null,
            "eps_growth_year": null,
            "eps_4q": null,
            "eps_4q_growth_year": null,
            "roe": null,
            "roe_4q": 0,
            "gross_profit": null,
            "gross_margin": null,
            "gross_margin_4q_avg": 0,
            "net_income": null,
            "net_income_4q": null,
            "revenue": null,
            "revenue_4q": null,
            "common_shares": null,
            "book_valuer_per_share": null,
            "book_valuer_per_share_4q_avg": 0,
            "equity": null,
            "current_ratio": null,
            "debt_ratio": null,
            "inventory_turnover_ratio": null,
            "account_receivable_turnover_ratio": null,
            "reinvestment_rate": null,
            "research_to_sale_ratio": null,
            "price_fair": 0,
            "eps_avg_yearly": 0,
            "eps_latest_yearly": 0,
            "eps_growth_yearly": 0
        },
        "20064": {
            "year_quarter": 20064,
            "year": 2006,
            "quarter": 4,
            "eps": null,
            "eps_growth_year": null,
            "eps_4q": null,
            "eps_4q_growth_year": null,
            "roe": null,
            "roe_4q": 0,
            "gross_profit": null,
            "gross_margin": null,
            "gross_margin_4q_avg": 0,
            "net_income": null,
            "net_income_4q": null,
            "revenue": null,
            "revenue_4q": null,
            "common_shares": null,
            "book_valuer_per_share": null,
            "book_valuer_per_share_4q_avg": 0,
            "equity": null,
            "current_ratio": null,
            "debt_ratio": null,
            "inventory_turnover_ratio": null,
            "account_receivable_turnover_ratio": null,
            "reinvestment_rate": null,
            "research_to_sale_ratio": null,
            "price_fair": 0,
            "eps_avg_yearly": 0,
            "eps_latest_yearly": 0,
            "eps_growth_yearly": 0
        },
        "20071": {
            "year_quarter": 20071,
            "year": 2007,
            "quarter": 1,
            "eps": null,
            "eps_growth_year": null,
            "eps_4q": null,
            "eps_4q_growth_year": null,
            "roe": null,
            "roe_4q": 0,
            "gross_profit": null,
            "gross_margin": null,
            "gross_margin_4q_avg": 0,
            "net_income": null,
            "net_income_4q": null,
            "revenue": null,
            "revenue_4q": null,
            "common_shares": null,
            "book_valuer_per_share": null,
            "book_valuer_per_share_4q_avg": 0,
            "equity": null,
            "current_ratio": null,
            "debt_ratio": null,
            "inventory_turnover_ratio": null,
            "account_receivable_turnover_ratio": null,
            "reinvestment_rate": null,
            "research_to_sale_ratio": null,
            "price_fair": 0,
            "eps_avg_yearly": 0,
            "eps_latest_yearly": 0,
            "eps_growth_yearly": 0
        },
        "20072": {
            "year_quarter": 20072,
            "year": 2007,
            "quarter": 2,
            "eps": null,
            "eps_growth_year": null,
            "eps_4q": null,
            "eps_4q_growth_year": null,
            "roe": null,
            "roe_4q": 0,
            "gross_profit": null,
            "gross_margin": null,
            "gross_margin_4q_avg": 0,
            "net_income": null,
            "net_income_4q": null,
            "revenue": null,
            "revenue_4q": null,
            "common_shares": null,
            "book_valuer_per_share": null,
            "book_valuer_per_share_4q_avg": 0,
            "equity": null,
            "current_ratio": null,
            "debt_ratio": null,
            "inventory_turnover_ratio": null,
            "account_receivable_turnover_ratio": null,
            "reinvestment_rate": null,
            "research_to_sale_ratio": null,
            "price_fair": 0,
            "eps_avg_yearly": 0,
            "eps_latest_yearly": 0,
            "eps_growth_yearly": 0
        },
        "20073": {
            "year_quarter": 20073,
            "year": 2007,
            "quarter": 3,
            "eps": null,
            "eps_growth_year": null,
            "eps_4q": null,
            "eps_4q_growth_year": null,
            "roe": null,
            "roe_4q": 0,
            "gross_profit": null,
            "gross_margin": null,
            "gross_margin_4q_avg": 0,
            "net_income": null,
            "net_income_4q": null,
            "revenue": null,
            "revenue_4q": null,
            "common_shares": null,
            "book_valuer_per_share": null,
            "book_valuer_per_share_4q_avg": 0,
            "equity": null,
            "current_ratio": null,
            "debt_ratio": null,
            "inventory_turnover_ratio": null,
            "account_receivable_turnover_ratio": null,
            "reinvestment_rate": null,
            "research_to_sale_ratio": null,
            "price_fair": 0,
            "eps_avg_yearly": 0,
            "eps_latest_yearly": 0,
            "eps_growth_yearly": 0
        },
        "20074": {
            "year_quarter": 20074,
            "year": 2007,
            "quarter": 4,
            "eps": null,
            "eps_growth_year": null,
            "eps_4q": null,
            "eps_4q_growth_year": null,
            "roe": null,
            "roe_4q": 0,
            "gross_profit": null,
            "gross_margin": null,
            "gross_margin_4q_avg": 0,
            "net_income": null,
            "net_income_4q": null,
            "revenue": null,
            "revenue_4q": null,
            "common_shares": null,
            "book_valuer_per_share": null,
            "book_valuer_per_share_4q_avg": 0,
            "equity": null,
            "current_ratio": null,
            "debt_ratio": null,
            "inventory_turnover_ratio": null,
            "account_receivable_turnover_ratio": null,
            "reinvestment_rate": null,
            "research_to_sale_ratio": null,
            "price_fair": 0,
            "eps_avg_yearly": 0,
            "eps_latest_yearly": 0,
            "eps_growth_yearly": 0
        },
        "20081": {
            "year_quarter": 20081,
            "year": 2008,
            "quarter": 1,
            "eps": null,
            "eps_growth_year": null,
            "eps_4q": null,
            "eps_4q_growth_year": null,
            "roe": null,
            "roe_4q": 0,
            "gross_profit": null,
            "gross_margin": null,
            "gross_margin_4q_avg": 0,
            "net_income": null,
            "net_income_4q": null,
            "revenue": null,
            "revenue_4q": null,
            "common_shares": null,
            "book_valuer_per_share": null,
            "book_valuer_per_share_4q_avg": 0,
            "equity": null,
            "current_ratio": null,
            "debt_ratio": null,
            "inventory_turnover_ratio": null,
            "account_receivable_turnover_ratio": null,
            "reinvestment_rate": null,
            "research_to_sale_ratio": null,
            "price_fair": 0,
            "eps_avg_yearly": 0,
            "eps_latest_yearly": 0,
            "eps_growth_yearly": 0
        },
        "20082": {
            "year_quarter": 20082,
            "year": 2008,
            "quarter": 2,
            "eps": null,
            "eps_growth_year": null,
            "eps_4q": null,
            "eps_4q_growth_year": null,
            "roe": null,
            "roe_4q": 0,
            "gross_profit": null,
            "gross_margin": null,
            "gross_margin_4q_avg": 0,
            "net_income": null,
            "net_income_4q": null,
            "revenue": null,
            "revenue_4q": null,
            "common_shares": null,
            "book_valuer_per_share": null,
            "book_valuer_per_share_4q_avg": 0,
            "equity": null,
            "current_ratio": null,
            "debt_ratio": null,
            "inventory_turnover_ratio": null,
            "account_receivable_turnover_ratio": null,
            "reinvestment_rate": null,
            "research_to_sale_ratio": null,
            "price_fair": 0,
            "eps_avg_yearly": 0,
            "eps_latest_yearly": 0,
            "eps_growth_yearly": 0
        },
        "20083": {
            "year_quarter": 20083,
            "year": 2008,
            "quarter": 3,
            "eps": null,
            "eps_growth_year": null,
            "eps_4q": null,
            "eps_4q_growth_year": null,
            "roe": null,
            "roe_4q": 0,
            "gross_profit": null,
            "gross_margin": null,
            "gross_margin_4q_avg": 0,
            "net_income": null,
            "net_income_4q": null,
            "revenue": null,
            "revenue_4q": null,
            "common_shares": null,
            "book_valuer_per_share": null,
            "book_valuer_per_share_4q_avg": 0,
            "equity": null,
            "current_ratio": null,
            "debt_ratio": null,
            "inventory_turnover_ratio": null,
            "account_receivable_turnover_ratio": null,
            "reinvestment_rate": null,
            "research_to_sale_ratio": null,
            "price_fair": 0,
            "eps_avg_yearly": 0,
            "eps_latest_yearly": 0,
            "eps_growth_yearly": 0
        },
        "20084": {
            "year_quarter": 20084,
            "year": 2008,
            "quarter": 4,
            "eps": null,
            "eps_growth_year": null,
            "eps_4q": null,
            "eps_4q_growth_year": null,
            "roe": null,
            "roe_4q": 0,
            "gross_profit": null,
            "gross_margin": null,
            "gross_margin_4q_avg": 0,
            "net_income": null,
            "net_income_4q": null,
            "revenue": null,
            "revenue_4q": null,
            "common_shares": null,
            "book_valuer_per_share": null,
            "book_valuer_per_share_4q_avg": 0,
            "equity": null,
            "current_ratio": null,
            "debt_ratio": null,
            "inventory_turnover_ratio": null,
            "account_receivable_turnover_ratio": null,
            "reinvestment_rate": null,
            "research_to_sale_ratio": null,
            "price_fair": 0,
            "eps_avg_yearly": 0,
            "eps_latest_yearly": 0,
            "eps_growth_yearly": 0
        },
        "20091": {
            "year_quarter": 20091,
            "year": 2009,
            "quarter": 1,
            "eps": null,
            "eps_growth_year": null,
            "eps_4q": null,
            "eps_4q_growth_year": null,
            "roe": null,
            "roe_4q": 0,
            "gross_profit": null,
            "gross_margin": null,
            "gross_margin_4q_avg": 0,
            "net_income": null,
            "net_income_4q": null,
            "revenue": null,
            "revenue_4q": null,
            "common_shares": null,
            "book_valuer_per_share": null,
            "book_valuer_per_share_4q_avg": 0,
            "equity": null,
            "current_ratio": null,
            "debt_ratio": null,
            "inventory_turnover_ratio": null,
            "account_receivable_turnover_ratio": null,
            "reinvestment_rate": null,
            "research_to_sale_ratio": null,
            "price_fair": 0,
            "eps_avg_yearly": 0,
            "eps_latest_yearly": 0,
            "eps_growth_yearly": 0
        },
        "20092": {
            "year_quarter": 20092,
            "year": 2009,
            "quarter": 2,
            "eps": null,
            "eps_growth_year": null,
            "eps_4q": null,
            "eps_4q_growth_year": null,
            "roe": null,
            "roe_4q": 0,
            "gross_profit": null,
            "gross_margin": null,
            "gross_margin_4q_avg": 0,
            "net_income": null,
            "net_income_4q": null,
            "revenue": null,
            "revenue_4q": null,
            "common_shares": null,
            "book_valuer_per_share": null,
            "book_valuer_per_share_4q_avg": 0,
            "equity": null,
            "current_ratio": null,
            "debt_ratio": null,
            "inventory_turnover_ratio": null,
            "account_receivable_turnover_ratio": null,
            "reinvestment_rate": null,
            "research_to_sale_ratio": null,
            "price_fair": 0,
            "eps_avg_yearly": 0,
            "eps_latest_yearly": 0,
            "eps_growth_yearly": 0
        },
        "20093": {
            "year_quarter": 20093,
            "year": 2009,
            "quarter": 3,
            "eps": null,
            "eps_growth_year": null,
            "eps_4q": null,
            "eps_4q_growth_year": null,
            "roe": null,
            "roe_4q": 0,
            "gross_profit": null,
            "gross_margin": null,
            "gross_margin_4q_avg": 0,
            "net_income": null,
            "net_income_4q": null,
            "revenue": null,
            "revenue_4q": null,
            "common_shares": null,
            "book_valuer_per_share": null,
            "book_valuer_per_share_4q_avg": 0,
            "equity": null,
            "current_ratio": null,
            "debt_ratio": null,
            "inventory_turnover_ratio": null,
            "account_receivable_turnover_ratio": null,
            "reinvestment_rate": null,
            "research_to_sale_ratio": null,
            "price_fair": 0,
            "eps_avg_yearly": 0,
            "eps_latest_yearly": 0,
            "eps_growth_yearly": 0
        },
        "20094": {
            "year_quarter": 20094,
            "year": 2009,
            "quarter": 4,
            "eps": null,
            "eps_growth_year": null,
            "eps_4q": null,
            "eps_4q_growth_year": null,
            "roe": null,
            "roe_4q": 0,
            "gross_profit": null,
            "gross_margin": null,
            "gross_margin_4q_avg": 0,
            "net_income": null,
            "net_income_4q": null,
            "revenue": null,
            "revenue_4q": null,
            "common_shares": null,
            "book_valuer_per_share": null,
            "book_valuer_per_share_4q_avg": 0,
            "equity": null,
            "current_ratio": null,
            "debt_ratio": null,
            "inventory_turnover_ratio": null,
            "account_receivable_turnover_ratio": null,
            "reinvestment_rate": null,
            "research_to_sale_ratio": null,
            "price_fair": 0,
            "eps_avg_yearly": 0,
            "eps_latest_yearly": 0,
            "eps_growth_yearly": 0
        },
        "20101": {
            "year_quarter": 20101,
            "year": 2010,
            "quarter": 1,
            "eps": null,
            "eps_growth_year": null,
            "eps_4q": null,
            "eps_4q_growth_year": null,
            "roe": null,
            "roe_4q": 0,
            "gross_profit": null,
            "gross_margin": null,
            "gross_margin_4q_avg": 0,
            "net_income": null,
            "net_income_4q": null,
            "revenue": null,
            "revenue_4q": null,
            "common_shares": null,
            "book_valuer_per_share": null,
            "book_valuer_per_share_4q_avg": 0,
            "equity": null,
            "current_ratio": null,
            "debt_ratio": null,
            "inventory_turnover_ratio": null,
            "account_receivable_turnover_ratio": null,
            "reinvestment_rate": null,
            "research_to_sale_ratio": null,
            "price_fair": 0,
            "eps_avg_yearly": 0,
            "eps_latest_yearly": 0,
            "eps_growth_yearly": 0
        },
        "20102": {
            "year_quarter": 20102,
            "year": 2010,
            "quarter": 2,
            "eps": null,
            "eps_growth_year": null,
            "eps_4q": null,
            "eps_4q_growth_year": null,
            "roe": null,
            "roe_4q": 0,
            "gross_profit": null,
            "gross_margin": null,
            "gross_margin_4q_avg": 0,
            "net_income": null,
            "net_income_4q": null,
            "revenue": null,
            "revenue_4q": null,
            "common_shares": null,
            "book_valuer_per_share": null,
            "book_valuer_per_share_4q_avg": 0,
            "equity": null,
            "current_ratio": null,
            "debt_ratio": null,
            "inventory_turnover_ratio": null,
            "account_receivable_turnover_ratio": null,
            "reinvestment_rate": null,
            "research_to_sale_ratio": null,
            "price_fair": 0,
            "eps_avg_yearly": 0,
            "eps_latest_yearly": 0,
            "eps_growth_yearly": 0
        },
        "20103": {
            "year_quarter": 20103,
            "year": 2010,
            "quarter": 3,
            "eps": null,
            "eps_growth_year": null,
            "eps_4q": null,
            "eps_4q_growth_year": null,
            "roe": null,
            "roe_4q": 0,
            "gross_profit": null,
            "gross_margin": null,
            "gross_margin_4q_avg": 0,
            "net_income": null,
            "net_income_4q": null,
            "revenue": null,
            "revenue_4q": null,
            "common_shares": null,
            "book_valuer_per_share": null,
            "book_valuer_per_share_4q_avg": 0,
            "equity": null,
            "current_ratio": null,
            "debt_ratio": null,
            "inventory_turnover_ratio": null,
            "account_receivable_turnover_ratio": null,
            "reinvestment_rate": null,
            "research_to_sale_ratio": null,
            "price_fair": 0,
            "eps_avg_yearly": 0,
            "eps_latest_yearly": 0,
            "eps_growth_yearly": 0
        },
        "20104": {
            "year_quarter": 20104,
            "year": 2010,
            "quarter": 4,
            "eps": null,
            "eps_growth_year": null,
            "eps_4q": null,
            "eps_4q_growth_year": null,
            "roe": null,
            "roe_4q": 0,
            "gross_profit": null,
            "gross_margin": null,
            "gross_margin_4q_avg": 0,
            "net_income": null,
            "net_income_4q": null,
            "revenue": null,
            "revenue_4q": null,
            "common_shares": null,
            "book_valuer_per_share": null,
            "book_valuer_per_share_4q_avg": 0,
            "equity": null,
            "current_ratio": null,
            "debt_ratio": null,
            "inventory_turnover_ratio": null,
            "account_receivable_turnover_ratio": null,
            "reinvestment_rate": null,
            "research_to_sale_ratio": null,
            "price_fair": 0,
            "eps_avg_yearly": 0,
            "eps_latest_yearly": 0,
            "eps_growth_yearly": 0
        },
        "20111": {
            "year_quarter": 20111,
            "year": 2011,
            "quarter": 1,
            "eps": null,
            "eps_growth_year": null,
            "eps_4q": null,
            "eps_4q_growth_year": null,
            "roe": null,
            "roe_4q": 0,
            "gross_profit": null,
            "gross_margin": null,
            "gross_margin_4q_avg": 0,
            "net_income": null,
            "net_income_4q": null,
            "revenue": null,
            "revenue_4q": null,
            "common_shares": null,
            "book_valuer_per_share": null,
            "book_valuer_per_share_4q_avg": 0,
            "equity": null,
            "current_ratio": null,
            "debt_ratio": null,
            "inventory_turnover_ratio": null,
            "account_receivable_turnover_ratio": null,
            "reinvestment_rate": null,
            "research_to_sale_ratio": null,
            "price_fair": 0,
            "eps_avg_yearly": 0,
            "eps_latest_yearly": 0,
            "eps_growth_yearly": 0
        },
        "20112": {
            "year_quarter": 20112,
            "year": 2011,
            "quarter": 2,
            "eps": null,
            "eps_growth_year": null,
            "eps_4q": null,
            "eps_4q_growth_year": null,
            "roe": null,
            "roe_4q": 0,
            "gross_profit": null,
            "gross_margin": null,
            "gross_margin_4q_avg": 0,
            "net_income": null,
            "net_income_4q": null,
            "revenue": null,
            "revenue_4q": null,
            "common_shares": null,
            "book_valuer_per_share": null,
            "book_valuer_per_share_4q_avg": 0,
            "equity": null,
            "current_ratio": null,
            "debt_ratio": null,
            "inventory_turnover_ratio": null,
            "account_receivable_turnover_ratio": null,
            "reinvestment_rate": null,
            "research_to_sale_ratio": null,
            "price_fair": 0,
            "eps_avg_yearly": 0,
            "eps_latest_yearly": 0,
            "eps_growth_yearly": 0
        },
        "20113": {
            "year_quarter": 20113,
            "year": 2011,
            "quarter": 3,
            "eps": null,
            "eps_growth_year": null,
            "eps_4q": null,
            "eps_4q_growth_year": null,
            "roe": null,
            "roe_4q": 0,
            "gross_profit": null,
            "gross_margin": null,
            "gross_margin_4q_avg": 0,
            "net_income": null,
            "net_income_4q": null,
            "revenue": null,
            "revenue_4q": null,
            "common_shares": null,
            "book_valuer_per_share": null,
            "book_valuer_per_share_4q_avg": 0,
            "equity": null,
            "current_ratio": null,
            "debt_ratio": null,
            "inventory_turnover_ratio": null,
            "account_receivable_turnover_ratio": null,
            "reinvestment_rate": null,
            "research_to_sale_ratio": null,
            "price_fair": 0,
            "eps_avg_yearly": 0,
            "eps_latest_yearly": 0,
            "eps_growth_yearly": 0
        },
        "20114": {
            "year_quarter": 20114,
            "year": 2011,
            "quarter": 4,
            "eps": null,
            "eps_growth_year": null,
            "eps_4q": null,
            "eps_4q_growth_year": null,
            "roe": null,
            "roe_4q": 0,
            "gross_profit": null,
            "gross_margin": null,
            "gross_margin_4q_avg": 0,
            "net_income": null,
            "net_income_4q": null,
            "revenue": null,
            "revenue_4q": null,
            "common_shares": null,
            "book_valuer_per_share": null,
            "book_valuer_per_share_4q_avg": 0,
            "equity": null,
            "current_ratio": null,
            "debt_ratio": null,
            "inventory_turnover_ratio": null,
            "account_receivable_turnover_ratio": null,
            "reinvestment_rate": null,
            "research_to_sale_ratio": null,
            "price_fair": 0,
            "eps_avg_yearly": 0,
            "eps_latest_yearly": 0,
            "eps_growth_yearly": 0
        },
        "20121": {
            "year_quarter": 20121,
            "year": 2012,
            "quarter": 1,
            "eps": null,
            "eps_growth_year": null,
            "eps_4q": null,
            "eps_4q_growth_year": null,
            "roe": null,
            "roe_4q": 0,
            "gross_profit": null,
            "gross_margin": null,
            "gross_margin_4q_avg": 0,
            "net_income": null,
            "net_income_4q": null,
            "revenue": null,
            "revenue_4q": null,
            "common_shares": null,
            "book_valuer_per_share": null,
            "book_valuer_per_share_4q_avg": 0,
            "equity": null,
            "current_ratio": null,
            "debt_ratio": null,
            "inventory_turnover_ratio": null,
            "account_receivable_turnover_ratio": null,
            "reinvestment_rate": null,
            "research_to_sale_ratio": null,
            "price_fair": 0,
            "eps_avg_yearly": 0,
            "eps_latest_yearly": 0,
            "eps_growth_yearly": 0
        },
        "20122": {
            "year_quarter": 20122,
            "year": 2012,
            "quarter": 2,
            "eps": null,
            "eps_growth_year": null,
            "eps_4q": null,
            "eps_4q_growth_year": null,
            "roe": null,
            "roe_4q": 0,
            "gross_profit": null,
            "gross_margin": null,
            "gross_margin_4q_avg": 0,
            "net_income": null,
            "net_income_4q": null,
            "revenue": null,
            "revenue_4q": null,
            "common_shares": null,
            "book_valuer_per_share": null,
            "book_valuer_per_share_4q_avg": 0,
            "equity": null,
            "current_ratio": null,
            "debt_ratio": null,
            "inventory_turnover_ratio": null,
            "account_receivable_turnover_ratio": null,
            "reinvestment_rate": null,
            "research_to_sale_ratio": null,
            "price_fair": 0,
            "eps_avg_yearly": 0,
            "eps_latest_yearly": 0,
            "eps_growth_yearly": 0
        },
        "20123": {
            "year_quarter": 20123,
            "year": 2012,
            "quarter": 3,
            "eps": null,
            "eps_growth_year": null,
            "eps_4q": null,
            "eps_4q_growth_year": null,
            "roe": null,
            "roe_4q": 0,
            "gross_profit": null,
            "gross_margin": null,
            "gross_margin_4q_avg": 0,
            "net_income": null,
            "net_income_4q": null,
            "revenue": null,
            "revenue_4q": null,
            "common_shares": null,
            "book_valuer_per_share": null,
            "book_valuer_per_share_4q_avg": 0,
            "equity": null,
            "current_ratio": null,
            "debt_ratio": null,
            "inventory_turnover_ratio": null,
            "account_receivable_turnover_ratio": null,
            "reinvestment_rate": null,
            "research_to_sale_ratio": null,
            "price_fair": 0,
            "eps_avg_yearly": 0,
            "eps_latest_yearly": 0,
            "eps_growth_yearly": 0
        },
        "20124": {
            "year_quarter": 20124,
            "year": 2012,
            "quarter": 4,
            "eps": null,
            "eps_growth_year": null,
            "eps_4q": null,
            "eps_4q_growth_year": null,
            "roe": null,
            "roe_4q": 0,
            "gross_profit": null,
            "gross_margin": null,
            "gross_margin_4q_avg": 0,
            "net_income": null,
            "net_income_4q": null,
            "revenue": null,
            "revenue_4q": null,
            "common_shares": 250000,
            "book_valuer_per_share": 12.02,
            "book_valuer_per_share_4q_avg": 3.01,
            "equity": 316958,
            "current_ratio": 72.02,
            "debt_ratio": 73.76,
            "inventory_turnover_ratio": null,
            "account_receivable_turnover_ratio": null,
            "reinvestment_rate": null,
            "research_to_sale_ratio": null,
            "price_fair": 0,
            "eps_avg_yearly": 0,
            "eps_latest_yearly": 0,
            "eps_growth_yearly": 0
        },
        "20131": {
            "year_quarter": 20131,
            "year": 2013,
            "quarter": 1,
            "eps": null,
            "eps_growth_year": null,
            "eps_4q": null,
            "eps_4q_growth_year": null,
            "roe": null,
            "roe_4q": 0,
            "gross_profit": null,
            "gross_margin": null,
            "gross_margin_4q_avg": 0,
            "net_income": null,
            "net_income_4q": null,
            "revenue": null,
            "revenue_4q": null,
            "common_shares": null,
            "book_valuer_per_share": null,
            "book_valuer_per_share_4q_avg": 3.01,
            "equity": null,
            "current_ratio": null,
            "debt_ratio": null,
            "inventory_turnover_ratio": null,
            "account_receivable_turnover_ratio": null,
            "reinvestment_rate": null,
            "research_to_sale_ratio": null,
            "price_fair": 0,
            "eps_avg_yearly": 0,
            "eps_latest_yearly": 0,
            "eps_growth_yearly": 0
        },
        "20132": {
            "year_quarter": 20132,
            "year": 2013,
            "quarter": 2,
            "eps": null,
            "eps_growth_year": null,
            "eps_4q": null,
            "eps_4q_growth_year": null,
            "roe": null,
            "roe_4q": 0,
            "gross_profit": null,
            "gross_margin": null,
            "gross_margin_4q_avg": 0,
            "net_income": null,
            "net_income_4q": null,
            "revenue": null,
            "revenue_4q": null,
            "common_shares": null,
            "book_valuer_per_share": null,
            "book_valuer_per_share_4q_avg": 3.01,
            "equity": null,
            "current_ratio": null,
            "debt_ratio": null,
            "inventory_turnover_ratio": null,
            "account_receivable_turnover_ratio": null,
            "reinvestment_rate": null,
            "research_to_sale_ratio": null,
            "price_fair": 0,
            "eps_avg_yearly": 0,
            "eps_latest_yearly": 0,
            "eps_growth_yearly": 0
        },
        "20133": {
            "year_quarter": 20133,
            "year": 2013,
            "quarter": 3,
            "eps": null,
            "eps_growth_year": null,
            "eps_4q": null,
            "eps_4q_growth_year": null,
            "roe": null,
            "roe_4q": 0,
            "gross_profit": null,
            "gross_margin": null,
            "gross_margin_4q_avg": 0,
            "net_income": null,
            "net_income_4q": null,
            "revenue": null,
            "revenue_4q": null,
            "common_shares": null,
            "book_valuer_per_share": null,
            "book_valuer_per_share_4q_avg": 3.01,
            "equity": null,
            "current_ratio": null,
            "debt_ratio": null,
            "inventory_turnover_ratio": null,
            "account_receivable_turnover_ratio": null,
            "reinvestment_rate": null,
            "research_to_sale_ratio": null,
            "price_fair": 0,
            "eps_avg_yearly": 0,
            "eps_latest_yearly": 0,
            "eps_growth_yearly": 0
        },
        "20134": {
            "year_quarter": 20134,
            "year": 2013,
            "quarter": 4,
            "eps": null,
            "eps_growth_year": null,
            "eps_4q": null,
            "eps_4q_growth_year": null,
            "roe": null,
            "roe_4q": 0,
            "gross_profit": null,
            "gross_margin": null,
            "gross_margin_4q_avg": 0,
            "net_income": null,
            "net_income_4q": null,
            "revenue": null,
            "revenue_4q": null,
            "common_shares": 310000,
            "book_valuer_per_share": 22.57,
            "book_valuer_per_share_4q_avg": 5.64,
            "equity": 715322,
            "current_ratio": 123.42,
            "debt_ratio": 49.15,
            "inventory_turnover_ratio": null,
            "account_receivable_turnover_ratio": null,
            "reinvestment_rate": null,
            "research_to_sale_ratio": null,
            "price_fair": 0,
            "eps_avg_yearly": 0,
            "eps_latest_yearly": 0,
            "eps_growth_yearly": 0
        },
        "20141": {
            "year_quarter": 20141,
            "year": 2014,
            "quarter": 1,
            "eps": null,
            "eps_growth_year": null,
            "eps_4q": null,
            "eps_4q_growth_year": null,
            "roe": null,
            "roe_4q": 0,
            "gross_profit": 86572,
            "gross_margin": null,
            "gross_margin_4q_avg": 0,
            "net_income": 32913,
            "net_income_4q": null,
            "revenue": 276257,
            "revenue_4q": null,
            "common_shares": 310000,
            "book_valuer_per_share": 23.49,
            "book_valuer_per_share_4q_avg": 11.52,
            "equity": 741298,
            "current_ratio": 127.87,
            "debt_ratio": 46.47,
            "inventory_turnover_ratio": null,
            "account_receivable_turnover_ratio": null,
            "reinvestment_rate": null,
            "research_to_sale_ratio": null,
            "price_fair": 0,
            "eps_avg_yearly": 0,
            "eps_latest_yearly": 0,
            "eps_growth_yearly": 0
        },
        "20142": {
            "year_quarter": 20142,
            "year": 2014,
            "quarter": 2,
            "eps": null,
            "eps_growth_year": null,
            "eps_4q": null,
            "eps_4q_growth_year": null,
            "roe": null,
            "roe_4q": 0,
            "gross_profit": 126432,
            "gross_margin": null,
            "gross_margin_4q_avg": 0,
            "net_income": 49543,
            "net_income_4q": null,
            "revenue": 374306,
            "revenue_4q": null,
            "common_shares": 310000,
            "book_valuer_per_share": 24.81,
            "book_valuer_per_share_4q_avg": 17.72,
            "equity": 776101,
            "current_ratio": 139.75,
            "debt_ratio": 42.66,
            "inventory_turnover_ratio": null,
            "account_receivable_turnover_ratio": null,
            "reinvestment_rate": null,
            "research_to_sale_ratio": null,
            "price_fair": 0,
            "eps_avg_yearly": 0,
            "eps_latest_yearly": 0,
            "eps_growth_yearly": 0
        },
        "20143": {
            "year_quarter": 20143,
            "year": 2014,
            "quarter": 3,
            "eps": null,
            "eps_growth_year": null,
            "eps_4q": null,
            "eps_4q_growth_year": null,
            "roe": null,
            "roe_4q": 0,
            "gross_profit": 118788,
            "gross_margin": null,
            "gross_margin_4q_avg": 0,
            "net_income": 51324,
            "net_income_4q": null,
            "revenue": 324703,
            "revenue_4q": null,
            "common_shares": 310000,
            "book_valuer_per_share": 26.88,
            "book_valuer_per_share_4q_avg": 24.44,
            "equity": 841155,
            "current_ratio": 168.19,
            "debt_ratio": 33.55,
            "inventory_turnover_ratio": null,
            "account_receivable_turnover_ratio": null,
            "reinvestment_rate": null,
            "research_to_sale_ratio": null,
            "price_fair": 0,
            "eps_avg_yearly": 0,
            "eps_latest_yearly": 0,
            "eps_growth_yearly": 0
        },
        "20144": {
            "year_quarter": 20144,
            "year": 2014,
            "quarter": 4,
            "eps": null,
            "eps_growth_year": null,
            "eps_4q": null,
            "eps_4q_growth_year": null,
            "roe": null,
            "roe_4q": 0,
            "gross_profit": 96401,
            "gross_margin": null,
            "gross_margin_4q_avg": 0,
            "net_income": 50462,
            "net_income_4q": null,
            "revenue": 323803,
            "revenue_4q": null,
            "common_shares": 310000,
            "book_valuer_per_share": 29.03,
            "book_valuer_per_share_4q_avg": 26.05,
            "equity": 909508,
            "current_ratio": 164.6,
            "debt_ratio": 36.47,
            "inventory_turnover_ratio": null,
            "account_receivable_turnover_ratio": null,
            "reinvestment_rate": null,
            "research_to_sale_ratio": null,
            "price_fair": 0,
            "eps_avg_yearly": 0,
            "eps_latest_yearly": 0,
            "eps_growth_yearly": 0
        },
        "20151": {
            "year_quarter": 20151,
            "year": 2015,
            "quarter": 1,
            "eps": null,
            "eps_growth_year": null,
            "eps_4q": null,
            "eps_4q_growth_year": null,
            "roe": null,
            "roe_4q": 0,
            "gross_profit": 95374,
            "gross_margin": null,
            "gross_margin_4q_avg": 0,
            "net_income": 25324,
            "net_income_4q": null,
            "revenue": 296011,
            "revenue_4q": null,
            "common_shares": 310000,
            "book_valuer_per_share": 29.65,
            "book_valuer_per_share_4q_avg": 27.59,
            "equity": 926910,
            "current_ratio": 192.63,
            "debt_ratio": 30.64,
            "inventory_turnover_ratio": null,
            "account_receivable_turnover_ratio": null,
            "reinvestment_rate": null,
            "research_to_sale_ratio": null,
            "price_fair": 0,
            "eps_avg_yearly": 0,
            "eps_latest_yearly": 0,
            "eps_growth_yearly": 0
        },
        "20152": {
            "year_quarter": 20152,
            "year": 2015,
            "quarter": 2,
            "eps": 1.56,
            "eps_growth_year": null,
            "eps_4q": 1.56,
            "eps_4q_growth_year": null,
            "roe": 5.55,
            "roe_4q": 5.55,
            "gross_profit": 144763,
            "gross_margin": 34.37,
            "gross_margin_4q_avg": 8.59,
            "net_income": 51769,
            "net_income_4q": null,
            "revenue": 421198,
            "revenue_4q": null,
            "common_shares": 310000,
            "book_valuer_per_share": 29.95,
            "book_valuer_per_share_4q_avg": 28.88,
            "equity": 939635,
            "current_ratio": 174.2,
            "debt_ratio": 35.94,
            "inventory_turnover_ratio": 1.84,
            "account_receivable_turnover_ratio": 1.82,
            "reinvestment_rate": null,
            "research_to_sale_ratio": null,
            "price_fair": 0,
            "eps_avg_yearly": 0,
            "eps_latest_yearly": 0,
            "eps_growth_yearly": 0
        },
        "20153": {
            "year_quarter": 20153,
            "year": 2015,
            "quarter": 3,
            "eps": 2.4,
            "eps_growth_year": null,
            "eps_4q": 3.96,
            "eps_4q_growth_year": null,
            "roe": 7.68,
            "roe_4q": 13.23,
            "gross_profit": 130989,
            "gross_margin": 34.51,
            "gross_margin_4q_avg": 17.22,
            "net_income": 76715,
            "net_income_4q": null,
            "revenue": 379578,
            "revenue_4q": null,
            "common_shares": 310000,
            "book_valuer_per_share": 33.82,
            "book_valuer_per_share_4q_avg": 30.61,
            "equity": 1058823,
            "current_ratio": 204.06,
            "debt_ratio": 30.28,
            "inventory_turnover_ratio": 1.69,
            "account_receivable_turnover_ratio": 0.82,
            "reinvestment_rate": null,
            "research_to_sale_ratio": 1.76,
            "price_fair": 336,
            "eps_avg_yearly": 9.6,
            "eps_latest_yearly": 9.6,
            "eps_growth_yearly": 215.38
        },
        "20154": {
            "year_quarter": 20154,
            "year": 2015,
            "quarter": 4,
            "eps": 1.15,
            "eps_growth_year": null,
            "eps_4q": 4.67,
            "eps_4q_growth_year": null,
            "roe": 3.3,
            "roe_4q": 16.53,
            "gross_profit": 117833,
            "gross_margin": 37.08,
            "gross_margin_4q_avg": 26.49,
            "net_income": 40201,
            "net_income_4q": null,
            "revenue": 317766,
            "revenue_4q": null,
            "common_shares": 348750,
            "book_valuer_per_share": 39.21,
            "book_valuer_per_share_4q_avg": 33.16,
            "equity": 1378159,
            "current_ratio": 303.29,
            "debt_ratio": 23.08,
            "inventory_turnover_ratio": 1.33,
            "account_receivable_turnover_ratio": 0.76,
            "reinvestment_rate": null,
            "research_to_sale_ratio": 5.45,
            "price_fair": 96.03,
            "eps_avg_yearly": 7.1,
            "eps_latest_yearly": 4.6,
            "eps_growth_yearly": 3.53
        },
        "20161": {
            "year_quarter": 20161,
            "year": 2016,
            "quarter": 1,
            "eps": 1.06,
            "eps_growth_year": null,
            "eps_4q": 5.86,
            "eps_4q_growth_year": null,
            "roe": 2.86,
            "roe_4q": 19.39,
            "gross_profit": 93670,
            "gross_margin": 33.96,
            "gross_margin_4q_avg": 34.98,
            "net_income": 38657,
            "net_income_4q": null,
            "revenue": 275857,
            "revenue_4q": null,
            "common_shares": 341430,
            "book_valuer_per_share": 38.51,
            "book_valuer_per_share_4q_avg": 35.37,
            "equity": 1323660,
            "current_ratio": 317.4,
            "debt_ratio": 20.98,
            "inventory_turnover_ratio": 1.15,
            "account_receivable_turnover_ratio": 0.79,
            "reinvestment_rate": null,
            "research_to_sale_ratio": 3.67,
            "price_fair": 18.44,
            "eps_avg_yearly": 6.15,
            "eps_latest_yearly": 4.24,
            "eps_growth_yearly": -8.08
        },
        "20162": {
            "year_quarter": 20162,
            "year": 2016,
            "quarter": 2,
            "eps": 2.1,
            "eps_growth_year": 34.61,
            "eps_4q": 6.53,
            "eps_4q_growth_year": 318.55,
            "roe": 5.72,
            "roe_4q": 19.56,
            "gross_profit": 163671,
            "gross_margin": 37.85,
            "gross_margin_4q_avg": 35.85,
            "net_income": 71999,
            "net_income_4q": null,
            "revenue": 432441,
            "revenue_4q": null,
            "common_shares": 342430,
            "book_valuer_per_share": 34.55,
            "book_valuer_per_share_4q_avg": 36.52,
            "equity": 1192243,
            "current_ratio": 199.6,
            "debt_ratio": 34.87,
            "inventory_turnover_ratio": 1.68,
            "account_receivable_turnover_ratio": 1.04,
            "reinvestment_rate": null,
            "research_to_sale_ratio": 2.89,
            "price_fair": 234.85,
            "eps_avg_yearly": 6.71,
            "eps_latest_yearly": 8.4,
            "eps_growth_yearly": 92.05
        },
        "20163": {
            "year_quarter": 20163,
            "year": 2016,
            "quarter": 3,
            "eps": 1.74,
            "eps_growth_year": -27.5,
            "eps_4q": 6.09,
            "eps_4q_growth_year": 53.82,
            "roe": 4.91,
            "roe_4q": 16.79,
            "gross_profit": 137102,
            "gross_margin": 37.69,
            "gross_margin_4q_avg": 36.65,
            "net_income": 59056,
            "net_income_4q": null,
            "revenue": 363736,
            "revenue_4q": null,
            "common_shares": 342430,
            "book_valuer_per_share": 35.15,
            "book_valuer_per_share_4q_avg": 36.86,
            "equity": 1215124,
            "current_ratio": 272.72,
            "debt_ratio": 24.99,
            "inventory_turnover_ratio": 1.51,
            "account_receivable_turnover_ratio": 0.73,
            "reinvestment_rate": null,
            "research_to_sale_ratio": 3.49,
            "price_fair": 236.6,
            "eps_avg_yearly": 6.76,
            "eps_latest_yearly": 6.96,
            "eps_growth_yearly": 59.93
        },
        "20164": {
            "year_quarter": 20164,
            "year": 2016,
            "quarter": 4,
            "eps": 2.25,
            "eps_growth_year": 95.73,
            "eps_4q": 7.17,
            "eps_4q_growth_year": 53.56,
            "roe": 6.05,
            "roe_4q": 19.54,
            "gross_profit": 141594,
            "gross_margin": 40.21,
            "gross_margin_4q_avg": 37.43,
            "net_income": 75871,
            "net_income_4q": null,
            "revenue": 352164,
            "revenue_4q": null,
            "common_shares": 342430,
            "book_valuer_per_share": 37.48,
            "book_valuer_per_share_4q_avg": 36.42,
            "equity": 1291918,
            "current_ratio": 292.6,
            "debt_ratio": 24.32,
            "inventory_turnover_ratio": 1.45,
            "account_receivable_turnover_ratio": 0.71,
            "reinvestment_rate": null,
            "research_to_sale_ratio": 3.6,
            "price_fair": 249.67,
            "eps_avg_yearly": 7.13,
            "eps_latest_yearly": 9,
            "eps_growth_yearly": 69.48
        },
        "20171": {
            "year_quarter": 20171,
            "year": 2017,
            "quarter": 1,
            "eps": 1.26,
            "eps_growth_year": 18.87,
            "eps_4q": 7.32,
            "eps_4q_growth_year": 24.86,
            "roe": 3.62,
            "roe_4q": 20.3,
            "gross_profit": 107236,
            "gross_margin": 37.09,
            "gross_margin_4q_avg": 38.21,
            "net_income": 46336,
            "net_income_4q": null,
            "revenue": 289097,
            "revenue_4q": null,
            "common_shares": 344255,
            "book_valuer_per_share": 36.52,
            "book_valuer_per_share_4q_avg": 35.93,
            "equity": 1267890,
            "current_ratio": 308.16,
            "debt_ratio": 22.64,
            "inventory_turnover_ratio": 1.18,
            "account_receivable_turnover_ratio": 0.62,
            "reinvestment_rate": null,
            "research_to_sale_ratio": 3.42,
            "price_fair": 239.2,
            "eps_avg_yearly": 6.83,
            "eps_latest_yearly": 5.04,
            "eps_growth_yearly": 34.41
        },
        "20172": {
            "year_quarter": 20172,
            "year": 2017,
            "quarter": 2,
            "eps": 2.02,
            "eps_growth_year": -3.81,
            "eps_4q": 7.24,
            "eps_4q_growth_year": 10.94,
            "roe": 5.82,
            "roe_4q": 20.400000000000002,
            "gross_profit": 140810,
            "gross_margin": 36.33,
            "gross_margin_4q_avg": 37.83,
            "net_income": 71329,
            "net_income_4q": null,
            "revenue": 387623,
            "revenue_4q": null,
            "common_shares": 344255,
            "book_valuer_per_share": 34.06,
            "book_valuer_per_share_4q_avg": 35.8,
            "equity": 1184062,
            "current_ratio": 208.52,
            "debt_ratio": 34.02,
            "inventory_turnover_ratio": 1.49,
            "account_receivable_turnover_ratio": 0.82,
            "reinvestment_rate": null,
            "research_to_sale_ratio": 2.63,
            "price_fair": 244.65,
            "eps_avg_yearly": 6.99,
            "eps_latest_yearly": 8.08,
            "eps_growth_yearly": 60.27
        },
        "20173": {
            "year_quarter": 20173,
            "year": 2017,
            "quarter": 3,
            "eps": 0.97,
            "eps_growth_year": -44.25,
            "eps_4q": 6.49,
            "eps_4q_growth_year": 6.46,
            "roe": 2.88,
            "roe_4q": 18.37,
            "gross_profit": 104856,
            "gross_margin": 31.49,
            "gross_margin_4q_avg": 36.28,
            "net_income": 34763,
            "net_income_4q": null,
            "revenue": 332989,
            "revenue_4q": null,
            "common_shares": 344255,
            "book_valuer_per_share": 35.4,
            "book_valuer_per_share_4q_avg": 35.87,
            "equity": 1229889,
            "current_ratio": 269.71,
            "debt_ratio": 25,
            "inventory_turnover_ratio": 1.26,
            "account_receivable_turnover_ratio": 0.62,
            "reinvestment_rate": null,
            "research_to_sale_ratio": 3.21,
            "price_fair": 232.56,
            "eps_avg_yearly": 6.64,
            "eps_latest_yearly": 3.88,
            "eps_growth_yearly": 30.47
        },
        "20174": {
            "year_quarter": 20174,
            "year": 2017,
            "quarter": 4,
            "eps": 1.01,
            "eps_growth_year": -55.12,
            "eps_4q": 5.26,
            "eps_4q_growth_year": -26.69,
            "roe": 2.9,
            "roe_4q": 15.219999999999999,
            "gross_profit": 113926,
            "gross_margin": 32.39,
            "gross_margin_4q_avg": 34.33,
            "net_income": 36161,
            "net_income_4q": null,
            "revenue": 351692,
            "revenue_4q": null,
            "common_shares": 344255,
            "book_valuer_per_share": 36.24,
            "book_valuer_per_share_4q_avg": 35.56,
            "equity": 1261080,
            "current_ratio": 256.66,
            "debt_ratio": 25.5,
            "inventory_turnover_ratio": 1.18,
            "account_receivable_turnover_ratio": 0.7,
            "reinvestment_rate": 0.77,
            "research_to_sale_ratio": 3.65,
            "price_fair": 223.44,
            "eps_avg_yearly": 6.38,
            "eps_latest_yearly": 4.04,
            "eps_growth_yearly": 29.07
        },
        "20181": {
            "year_quarter": 20181,
            "year": 2018,
            "quarter": 1,
            "eps": 0.35,
            "eps_growth_year": -72.22,
            "eps_4q": 4.33,
            "eps_4q_growth_year": -40.84,
            "roe": 0.96,
            "roe_4q": 12.56,
            "gross_profit": 87107,
            "gross_margin": 26.37,
            "gross_margin_4q_avg": 31.65,
            "net_income": 12283,
            "net_income_4q": null,
            "revenue": 330284,
            "revenue_4q": null,
            "common_shares": 346080,
            "book_valuer_per_share": 36.76,
            "book_valuer_per_share_4q_avg": 35.62,
            "equity": 1285811,
            "current_ratio": 248.64,
            "debt_ratio": 25.54,
            "inventory_turnover_ratio": 1.09,
            "account_receivable_turnover_ratio": 0.77,
            "reinvestment_rate": 3.05,
            "research_to_sale_ratio": 3.54,
            "price_fair": 75.12,
            "eps_avg_yearly": 5.93,
            "eps_latest_yearly": 1.4,
            "eps_growth_yearly": 2.67
        },
        "20182": {
            "year_quarter": 20182,
            "year": 2018,
            "quarter": 2,
            "eps": 1.47,
            "eps_growth_year": -27.23,
            "eps_4q": 3.79,
            "eps_4q_growth_year": -47.71,
            "roe": 4.18,
            "roe_4q": 10.919999999999998,
            "gross_profit": 97240,
            "gross_margin": 27.4,
            "gross_margin_4q_avg": 29.41,
            "net_income": 51313,
            "net_income_4q": null,
            "revenue": 354937,
            "revenue_4q": null,
            "common_shares": 346080,
            "book_valuer_per_share": 33.39,
            "book_valuer_per_share_4q_avg": 35.45,
            "equity": 1168717,
            "current_ratio": 182.54,
            "debt_ratio": 35.75,
            "inventory_turnover_ratio": 1.02,
            "account_receivable_turnover_ratio": 0.79,
            "reinvestment_rate": 4.53,
            "research_to_sale_ratio": 3.19,
            "price_fair": 207.43,
            "eps_avg_yearly": 5.93,
            "eps_latest_yearly": 5.88,
            "eps_growth_yearly": 109.11
        },
        "20183": {
            "year_quarter": 20183,
            "year": 2018,
            "quarter": 3,
            "eps": 1.52,
            "eps_growth_year": 56.7,
            "eps_4q": 4.34,
            "eps_4q_growth_year": -33.09,
            "roe": 4.57,
            "roe_4q": 12.610000000000001,
            "gross_profit": 120759,
            "gross_margin": 28.9,
            "gross_margin_4q_avg": 28.77,
            "net_income": 53711,
            "net_income_4q": null,
            "revenue": 417814,
            "revenue_4q": null,
            "common_shares": 346080,
            "book_valuer_per_share": 33.82,
            "book_valuer_per_share_4q_avg": 35.05,
            "equity": 1183316,
            "current_ratio": 209.03,
            "debt_ratio": 30.28,
            "inventory_turnover_ratio": 1.19,
            "account_receivable_turnover_ratio": 0.79,
            "reinvestment_rate": 4.33,
            "research_to_sale_ratio": 3.32,
            "price_fair": 207.85,
            "eps_avg_yearly": 5.94,
            "eps_latest_yearly": 6.08,
            "eps_growth_yearly": 101.76
        },
        "20184": {
            "year_quarter": 20184,
            "year": 2018,
            "quarter": 4,
            "eps": 1.85,
            "eps_growth_year": 82.79,
            "eps_4q": 5.18,
            "eps_4q_growth_year": -1.44,
            "roe": 5.21,
            "roe_4q": 14.920000000000002,
            "gross_profit": 165798,
            "gross_margin": 35.76,
            "gross_margin_4q_avg": 29.61,
            "net_income": 63878,
            "net_income_4q": null,
            "revenue": 463585,
            "revenue_4q": null,
            "common_shares": 346080,
            "book_valuer_per_share": 36.03,
            "book_valuer_per_share_4q_avg": 35,
            "equity": 1269466,
            "current_ratio": 219.64,
            "debt_ratio": 29.87,
            "inventory_turnover_ratio": 1.3,
            "account_receivable_turnover_ratio": 0.76,
            "reinvestment_rate": 3.72,
            "research_to_sale_ratio": 2.7,
            "price_fair": 211.5,
            "eps_avg_yearly": 6.04,
            "eps_latest_yearly": 7.4,
            "eps_growth_yearly": 100.7
        },
        "20191": {
            "year_quarter": 20191,
            "year": 2019,
            "quarter": 1,
            "eps": 0.86,
            "eps_growth_year": 145.71,
            "eps_4q": 5.69,
            "eps_4q_growth_year": 31.52,
            "roe": 2.3,
            "roe_4q": 16.259999999999998,
            "gross_profit": 119831,
            "gross_margin": 31.84,
            "gross_margin_4q_avg": 30.98,
            "net_income": 29862,
            "net_income_4q": null,
            "revenue": 376321,
            "revenue_4q": null,
            "common_shares": 346080,
            "book_valuer_per_share": 37.62,
            "book_valuer_per_share_4q_avg": 35.22,
            "equity": 1323675,
            "current_ratio": 230.5,
            "debt_ratio": 28.48,
            "inventory_turnover_ratio": 1.05,
            "account_receivable_turnover_ratio": 0.59,
            "reinvestment_rate": 5.9,
            "research_to_sale_ratio": 3.34,
            "price_fair": 205.43,
            "eps_avg_yearly": 5.87,
            "eps_latest_yearly": 3.44,
            "eps_growth_yearly": 79.71
        },
        "20192": {
            "year_quarter": 20192,
            "year": 2019,
            "quarter": 2,
            "eps": 2.02,
            "eps_growth_year": 37.42,
            "eps_4q": 6.24,
            "eps_4q_growth_year": 64.86,
            "roe": 5.34,
            "roe_4q": 17.42,
            "gross_profit": 139007,
            "gross_margin": 32.44,
            "gross_margin_4q_avg": 32.24,
            "net_income": 68013,
            "net_income_4q": null,
            "revenue": 428439,
            "revenue_4q": null,
            "common_shares": 346080,
            "book_valuer_per_share": 34.22,
            "book_valuer_per_share_4q_avg": 35.42,
            "equity": 1225229,
            "current_ratio": 178.09,
            "debt_ratio": 37.49,
            "inventory_turnover_ratio": 1.1,
            "account_receivable_turnover_ratio": 0.66,
            "reinvestment_rate": 7.02,
            "research_to_sale_ratio": 3.05,
            "price_fair": 210.26,
            "eps_avg_yearly": 6.01,
            "eps_latest_yearly": 8.08,
            "eps_growth_yearly": 108.45
        },
        "20193": {
            "year_quarter": 20193,
            "year": 2019,
            "quarter": 3,
            "eps": 1.47,
            "eps_growth_year": -3.29,
            "eps_4q": 5.46,
            "eps_4q_growth_year": 25.86,
            "roe": 3.83,
            "roe_4q": 16.68,
            "gross_profit": 115962,
            "gross_margin": 29.21,
            "gross_margin_4q_avg": 32.31,
            "net_income": 52756,
            "net_income_4q": null,
            "revenue": 397055,
            "revenue_4q": null,
            "common_shares": 398080,
            "book_valuer_per_share": 37.51,
            "book_valuer_per_share_4q_avg": 36.35,
            "equity": 1532110,
            "current_ratio": 293.2,
            "debt_ratio": 23.83,
            "inventory_turnover_ratio": 1.12,
            "account_receivable_turnover_ratio": 0.61,
            "reinvestment_rate": -0.26,
            "research_to_sale_ratio": 3.3,
            "price_fair": 202.13,
            "eps_avg_yearly": 5.78,
            "eps_latest_yearly": 5.88,
            "eps_growth_yearly": 88.19
        },
        "20194": {
            "year_quarter": 20194,
            "year": 2019,
            "quarter": 4,
            "eps": 1.1,
            "eps_growth_year": -40.19,
            "eps_4q": 4.96,
            "eps_4q_growth_year": -4.25,
            "roe": 2.82,
            "roe_4q": 14.29,
            "gross_profit": 144443,
            "gross_margin": 33.93,
            "gross_margin_4q_avg": 31.86,
            "net_income": 43354,
            "net_income_4q": null,
            "revenue": 425723,
            "revenue_4q": null,
            "common_shares": 398080,
            "book_valuer_per_share": 37.9,
            "book_valuer_per_share_4q_avg": 36.81,
            "equity": 1544917,
            "current_ratio": 257.16,
            "debt_ratio": 27.93,
            "inventory_turnover_ratio": 1.16,
            "account_receivable_turnover_ratio": 0.7,
            "reinvestment_rate": 2.67,
            "research_to_sale_ratio": 2.62,
            "price_fair": 201.69,
            "eps_avg_yearly": 5.76,
            "eps_latest_yearly": 4.4,
            "eps_growth_yearly": 94.91
        },
        "20201": {
            "year_quarter": 20201,
            "year": 2020,
            "quarter": 1,
            "eps": 1.05,
            "eps_growth_year": 22.09,
            "eps_4q": 5.27,
            "eps_4q_growth_year": -7.38,
            "roe": 2.58,
            "roe_4q": 14.57,
            "gross_profit": 100949,
            "gross_margin": 30.26,
            "gross_margin_4q_avg": 31.46,
            "net_income": 40195,
            "net_income_4q": null,
            "revenue": 333582,
            "revenue_4q": null,
            "common_shares": 398080,
            "book_valuer_per_share": 38.48,
            "book_valuer_per_share_4q_avg": 37.03,
            "equity": 1566009,
            "current_ratio": 277.98,
            "debt_ratio": 25.87,
            "inventory_turnover_ratio": 0.97,
            "account_receivable_turnover_ratio": 0.57,
            "reinvestment_rate": 3.6,
            "research_to_sale_ratio": 3.29,
            "price_fair": 201.6,
            "eps_avg_yearly": 5.76,
            "eps_latest_yearly": 4.2,
            "eps_growth_yearly": 95.73
        },
        "20202": {
            "year_quarter": 20202,
            "year": 2020,
            "quarter": 2,
            "eps": 0.95,
            "eps_growth_year": -52.97,
            "eps_4q": 4.46,
            "eps_4q_growth_year": -28.53,
            "roe": 2.39,
            "roe_4q": 11.620000000000001,
            "gross_profit": 106683,
            "gross_margin": 32.47,
            "gross_margin_4q_avg": 31.47,
            "net_income": 35270,
            "net_income_4q": null,
            "revenue": 328560,
            "revenue_4q": null,
            "common_shares": 398080,
            "book_valuer_per_share": 33.87,
            "book_valuer_per_share_4q_avg": 36.94,
            "equity": 1379401,
            "current_ratio": 207.71,
            "debt_ratio": 34.45,
            "inventory_turnover_ratio": 0.99,
            "account_receivable_turnover_ratio": 0.58,
            "reinvestment_rate": 2.2,
            "research_to_sale_ratio": 3.63,
            "price_fair": 191.54,
            "eps_avg_yearly": 5.47,
            "eps_latest_yearly": 3.8,
            "eps_growth_yearly": 68.82
        },
        "20203": {
            "year_quarter": 20203,
            "year": 2020,
            "quarter": 3,
            "eps": 0.71,
            "eps_growth_year": -51.7,
            "eps_4q": 3.81,
            "eps_4q_growth_year": -30.24,
            "roe": 2,
            "roe_4q": 9.790000000000001,
            "gross_profit": 128006,
            "gross_margin": 33.49,
            "gross_margin_4q_avg": 32.54,
            "net_income": 28314,
            "net_income_4q": null,
            "revenue": 382194,
            "revenue_4q": null,
            "common_shares": 398080,
            "book_valuer_per_share": 35.27,
            "book_valuer_per_share_4q_avg": 36.38,
            "equity": 1447893,
            "current_ratio": 236.25,
            "debt_ratio": 30.09,
            "inventory_turnover_ratio": 1.13,
            "account_receivable_turnover_ratio": 0.67,
            "reinvestment_rate": 7.71,
            "research_to_sale_ratio": 3.36,
            "price_fair": 182.53,
            "eps_avg_yearly": 5.22,
            "eps_latest_yearly": 2.84,
            "eps_growth_yearly": 66.79
        },
        "20204": {
            "year_quarter": 20204,
            "year": 2020,
            "quarter": 4,
            "eps": 0.9,
            "eps_growth_year": -18.53,
            "eps_4q": 3.61,
            "eps_4q_growth_year": -27.32,
            "roe": 2.38,
            "roe_4q": 9.35,
            "gross_profit": 134221,
            "gross_margin": 30,
            "gross_margin_4q_avg": 31.56,
            "net_income": 35352,
            "net_income_4q": null,
            "revenue": 447342,
            "revenue_4q": null,
            "common_shares": 398080,
            "book_valuer_per_share": 36.75,
            "book_valuer_per_share_4q_avg": 36.09,
            "equity": 1524922,
            "current_ratio": 217.16,
            "debt_ratio": 33.24,
            "inventory_turnover_ratio": 1.27,
            "account_receivable_turnover_ratio": 0.72,
            "reinvestment_rate": 9.6,
            "research_to_sale_ratio": 3.17,
            "price_fair": 170.71,
            "eps_avg_yearly": 4.88,
            "eps_latest_yearly": 3.6,
            "eps_growth_yearly": 66.16
        },
        "20211": {
            "year_quarter": 20211,
            "year": 2021,
            "quarter": 1,
            "eps": 1.01,
            "eps_growth_year": -3.81,
            "eps_4q": 3.57,
            "eps_4q_growth_year": -32.31,
            "roe": 2.59,
            "roe_4q": 9.36,
            "gross_profit": 107374,
            "gross_margin": 27.11,
            "gross_margin_4q_avg": 30.77,
            "net_income": 39824,
            "net_income_4q": null,
            "revenue": 396075,
            "revenue_4q": null,
            "common_shares": 398080,
            "book_valuer_per_share": 37.47,
            "book_valuer_per_share_4q_avg": 35.84,
            "equity": 1551747,
            "current_ratio": 218.92,
            "debt_ratio": 33.03,
            "inventory_turnover_ratio": 1.01,
            "account_receivable_turnover_ratio": 0.62,
            "reinvestment_rate": 14.76,
            "research_to_sale_ratio": 3.05,
            "price_fair": 168.53,
            "eps_avg_yearly": 4.82,
            "eps_latest_yearly": 4.04,
            "eps_growth_yearly": 80.21
        },
        "20212": {
            "year_quarter": 20212,
            "year": 2021,
            "quarter": 2,
            "eps": 1.19,
            "eps_growth_year": 25.26,
            "eps_4q": 3.81,
            "eps_4q_growth_year": -14.69,
            "roe": 2.98,
            "roe_4q": 9.95,
            "gross_profit": 131293,
            "gross_margin": 27.2,
            "gross_margin_4q_avg": 29.45,
            "net_income": 46758,
            "net_income_4q": null,
            "revenue": 482732,
            "revenue_4q": null,
            "common_shares": 398080,
            "book_valuer_per_share": 38.24,
            "book_valuer_per_share_4q_avg": 36.93,
            "equity": 1583823,
            "current_ratio": 210.86,
            "debt_ratio": 34.86,
            "inventory_turnover_ratio": 1.03,
            "account_receivable_turnover_ratio": 0.76,
            "reinvestment_rate": 12.24,
            "research_to_sale_ratio": 2.59,
            "price_fair": 161.26,
            "eps_avg_yearly": 4.61,
            "eps_latest_yearly": 4.76,
            "eps_growth_yearly": 69.59
        },
        "20213": {
            "year_quarter": 20213,
            "year": 2021,
            "quarter": 3,
            "eps": 0.75,
            "eps_growth_year": 5.63,
            "eps_4q": 3.85,
            "eps_4q_growth_year": 1.01,
            "roe": 1.88,
            "roe_4q": 9.829999999999998,
            "gross_profit": 119150,
            "gross_margin": 27.79,
            "gross_margin_4q_avg": 28.03,
            "net_income": 28796,
            "net_income_4q": null,
            "revenue": 428696,
            "revenue_4q": null,
            "common_shares": 398080,
            "book_valuer_per_share": 35.61,
            "book_valuer_per_share_4q_avg": 37.02,
            "equity": 1477301,
            "current_ratio": 201.71,
            "debt_ratio": 35.52,
            "inventory_turnover_ratio": 0.76,
            "account_receivable_turnover_ratio": 0.64,
            "reinvestment_rate": 11.71,
            "research_to_sale_ratio": 3.07,
            "price_fair": 159.34,
            "eps_avg_yearly": 4.55,
            "eps_latest_yearly": 3,
            "eps_growth_yearly": 73.34
        },
        "20214": {
            "year_quarter": 20214,
            "year": 2021,
            "quarter": 4,
            "eps": 2.15,
            "eps_growth_year": 138.44,
            "eps_4q": 4.94,
            "eps_4q_growth_year": 37.07,
            "roe": 5.48,
            "roe_4q": 12.93,
            "gross_profit": 167198,
            "gross_margin": 24.22,
            "gross_margin_4q_avg": 26.58,
            "net_income": 88858,
            "net_income_4q": null,
            "revenue": 690258,
            "revenue_4q": null,
            "common_shares": 419718,
            "book_valuer_per_share": 39.58,
            "book_valuer_per_share_4q_avg": 37.73,
            "equity": 1766123,
            "current_ratio": 187.82,
            "debt_ratio": 40.55,
            "inventory_turnover_ratio": 1.03,
            "account_receivable_turnover_ratio": 0.83,
            "reinvestment_rate": 33.76,
            "research_to_sale_ratio": 1.63,
            "price_fair": 169.31,
            "eps_avg_yearly": 4.84,
            "eps_latest_yearly": 8.6,
            "eps_growth_yearly": 118.98
        },
        "20221": {
            "year_quarter": 20221,
            "year": 2022,
            "quarter": 1,
            "eps": 1.43,
            "eps_growth_year": 41.58,
            "eps_4q": 5.41,
            "eps_4q_growth_year": 51.65,
            "roe": 3.21,
            "roe_4q": 13.55,
            "gross_profit": 166745,
            "gross_margin": 24.36,
            "gross_margin_4q_avg": 25.89,
            "net_income": 58741,
            "net_income_4q": null,
            "revenue": 684403,
            "revenue_4q": null,
            "common_shares": 419718,
            "book_valuer_per_share": 42.6,
            "book_valuer_per_share_4q_avg": 39.01,
            "equity": 1889140,
            "current_ratio": 195.07,
            "debt_ratio": 39.39,
            "inventory_turnover_ratio": 0.88,
            "account_receivable_turnover_ratio": 0.72,
            "reinvestment_rate": 30.2,
            "research_to_sale_ratio": 2,
            "price_fair": 178.76,
            "eps_avg_yearly": 5.11,
            "eps_latest_yearly": 5.72,
            "eps_growth_yearly": 126.94
        },
        "20222": {
            "year_quarter": 20222,
            "year": 2022,
            "quarter": 2,
            "eps": 3.74,
            "eps_growth_year": 214.29,
            "eps_4q": 8.02,
            "eps_4q_growth_year": 110.78,
            "roe": 8.52,
            "roe_4q": 19.09,
            "gross_profit": 234784,
            "gross_margin": 29.62,
            "gross_margin_4q_avg": 26.5,
            "net_income": 157248,
            "net_income_4q": null,
            "revenue": 792630,
            "revenue_4q": null,
            "common_shares": 419718,
            "book_valuer_per_share": 41.53,
            "book_valuer_per_share_4q_avg": 39.83,
            "equity": 1803513,
            "current_ratio": 175.63,
            "debt_ratio": 44.63,
            "inventory_turnover_ratio": 0.94,
            "account_receivable_turnover_ratio": 0.84,
            "reinvestment_rate": 27.19,
            "research_to_sale_ratio": 1.99,
            "price_fair": 198.63,
            "eps_avg_yearly": 5.68,
            "eps_latest_yearly": 14.96,
            "eps_growth_yearly": 87.32
        },
        "20223": {
            "year_quarter": 20223,
            "year": 2022,
            "quarter": 3,
            "eps": 4.98,
            "eps_growth_year": 564,
            "eps_4q": 12.29,
            "eps_4q_growth_year": 219.27,
            "roe": 10.95,
            "roe_4q": 28.16,
            "gross_profit": 288503,
            "gross_margin": 34.67,
            "gross_margin_4q_avg": 28.22,
            "net_income": 209196,
            "net_income_4q": null,
            "revenue": 832193,
            "revenue_4q": null,
            "common_shares": 419718,
            "book_valuer_per_share": 46.63,
            "book_valuer_per_share_4q_avg": 42.59,
            "equity": 2016079,
            "current_ratio": 185.59,
            "debt_ratio": 43.19,
            "inventory_turnover_ratio": 0.97,
            "account_receivable_turnover_ratio": 0.81,
            "reinvestment_rate": 23.09,
            "research_to_sale_ratio": 1.78,
            "price_fair": 228.9,
            "eps_avg_yearly": 6.54,
            "eps_latest_yearly": 19.92,
            "eps_growth_yearly": 94.76
        },
        "20224": {
            "year_quarter": 20224,
            "year": 2022,
            "quarter": 4,
            "eps": 1.97,
            "eps_growth_year": -8.36,
            "eps_4q": 12.11,
            "eps_4q_growth_year": 145.02,
            "roe": 3.89,
            "roe_4q": 26.57,
            "gross_profit": 222596,
            "gross_margin": 32.46,
            "gross_margin_4q_avg": 30.28,
            "net_income": 79111,
            "net_income_4q": null,
            "revenue": 685706,
            "revenue_4q": null,
            "common_shares": 419718,
            "book_valuer_per_share": 47.68,
            "book_valuer_per_share_4q_avg": 44.61,
            "equity": 2055240,
            "current_ratio": 197.75,
            "debt_ratio": 39.47,
            "inventory_turnover_ratio": 0.89,
            "account_receivable_turnover_ratio": 0.71,
            "reinvestment_rate": 20.93,
            "research_to_sale_ratio": 3.94,
            "price_fair": 229.95,
            "eps_avg_yearly": 6.57,
            "eps_latest_yearly": 7.88,
            "eps_growth_yearly": 74.22
        },
        "20231": {
            "year_quarter": 20231,
            "year": 2023,
            "quarter": 1,
            "eps": 1.4,
            "eps_growth_year": -2.1,
            "eps_4q": 12.09,
            "eps_4q_growth_year": 123.4,
            "roe": 2.44,
            "roe_4q": 25.8,
            "gross_profit": 205039,
            "gross_margin": 29.53,
            "gross_margin_4q_avg": 31.57,
            "net_income": 52492,
            "net_income_4q": null,
            "revenue": 694290,
            "revenue_4q": null,
            "common_shares": 419718,
            "book_valuer_per_share": 49.39,
            "book_valuer_per_share_4q_avg": 46.31,
            "equity": 2249109,
            "current_ratio": 190.27,
            "debt_ratio": 38.59,
            "inventory_turnover_ratio": 0.93,
            "account_receivable_turnover_ratio": 0.84,
            "reinvestment_rate": 41.39,
            "research_to_sale_ratio": 3.3,
            "price_fair": 234.68,
            "eps_avg_yearly": 6.71,
            "eps_latest_yearly": 5.6,
            "eps_growth_yearly": 80.37
        },
        "20232": {
            "year_quarter": 20232,
            "year": 2023,
            "quarter": 2,
            "eps": 3.07,
            "eps_growth_year": -17.91,
            "eps_4q": 11.42,
            "eps_4q_growth_year": 42.3,
            "roe": 6.55,
            "roe_4q": 23.83,
            "gross_profit": 273652,
            "gross_margin": 32.32,
            "gross_margin_4q_avg": 32.25,
            "net_income": 140350,
            "net_income_4q": null,
            "revenue": 846823,
            "revenue_4q": null,
            "common_shares": 419718,
            "book_valuer_per_share": 44.2,
            "book_valuer_per_share_4q_avg": 46.98,
            "equity": 2038463,
            "current_ratio": 156.34,
            "debt_ratio": 47.81,
            "inventory_turnover_ratio": 1.07,
            "account_receivable_turnover_ratio": 0.92,
            "reinvestment_rate": 33.88,
            "research_to_sale_ratio": 2.86,
            "price_fair": 243.86,
            "eps_avg_yearly": 6.97,
            "eps_latest_yearly": 12.28,
            "eps_growth_yearly": 76.47
        },
        "20233": {
            "year_quarter": 20233,
            "year": 2023,
            "quarter": 3,
            "eps": 2.49,
            "eps_growth_year": -50,
            "eps_4q": 8.92,
            "eps_4q_growth_year": -27.41,
            "roe": 4.93,
            "roe_4q": 17.81,
            "gross_profit": 266765,
            "gross_margin": 33.06,
            "gross_margin_4q_avg": 31.84,
            "net_income": 105327,
            "net_income_4q": null,
            "revenue": 806997,
            "revenue_4q": null,
            "common_shares": 419718,
            "book_valuer_per_share": 48.76,
            "book_valuer_per_share_4q_avg": 47.51,
            "equity": 2236591,
            "current_ratio": 168.71,
            "debt_ratio": 43.83,
            "inventory_turnover_ratio": 0.98,
            "account_receivable_turnover_ratio": 0.75,
            "reinvestment_rate": 35.48,
            "research_to_sale_ratio": 3.25,
            "price_fair": 252.79,
            "eps_avg_yearly": 7.22,
            "eps_latest_yearly": 9.96,
            "eps_growth_yearly": 78.55
        },
        "20234": {
            "year_quarter": 20234,
            "year": 2023,
            "quarter": 4,
            "eps": 2.07,
            "eps_growth_year": 5.03,
            "eps_4q": 9.02,
            "eps_4q_growth_year": -25.52,
            "roe": 4.11,
            "roe_4q": 18.03,
            "gross_profit": 260895,
            "gross_margin": 29.44,
            "gross_margin_4q_avg": 31.09,
            "net_income": 91498,
            "net_income_4q": null,
            "revenue": 886057,
            "revenue_4q": null,
            "common_shares": 419718,
            "book_valuer_per_share": 48.02,
            "book_valuer_per_share_4q_avg": 47.59,
            "equity": 2211979,
            "current_ratio": 165.42,
            "debt_ratio": 45.51,
            "inventory_turnover_ratio": 1.12,
            "account_receivable_turnover_ratio": 0.75,
            "reinvestment_rate": 34.2,
            "research_to_sale_ratio": 4.01,
            "price_fair": 261.28,
            "eps_avg_yearly": 7.47,
            "eps_latest_yearly": 8.28,
            "eps_growth_yearly": 80.63
        }
    },
    "months": {
        "2015-10": {
            "month": "2015-10",
            "price": "71.30",
            "revenue": 98216
        },
        "2015-11": {
            "month": "2015-11",
            "price": "80.17",
            "revenue": 88528
        },
        "2015-12": {
            "month": "2015-12",
            "price": "73.11",
            "revenue": 123774
        },
        "2016-01": {
            "month": "2016-01",
            "price": "71.81",
            "revenue": 107550
        },
        "2016-02": {
            "month": "2016-02",
            "price": "73.36",
            "revenue": 54519
        },
        "2016-03": {
            "month": "2016-03",
            "price": "74.87",
            "revenue": 124746
        },
        "2016-04": {
            "month": "2016-04",
            "price": "76.55",
            "revenue": 128916
        },
        "2016-05": {
            "month": "2016-05",
            "price": "74.12",
            "revenue": 171763
        },
        "2016-06": {
            "month": "2016-06",
            "price": "74.60",
            "revenue": 122032
        },
        "2016-07": {
            "month": "2016-07",
            "price": "68.92",
            "revenue": 140032
        },
        "2016-08": {
            "month": "2016-08",
            "price": "70.47",
            "revenue": 116091
        },
        "2016-09": {
            "month": "2016-09",
            "price": "70.62",
            "revenue": 105872
        },
        "2016-10": {
            "month": "2016-10",
            "price": "69.14",
            "revenue": 98544
        },
        "2016-11": {
            "month": "2016-11",
            "price": "67.43",
            "revenue": 116578
        },
        "2016-12": {
            "month": "2016-12",
            "price": "69.20",
            "revenue": 142452
        },
        "2017-01": {
            "month": "2017-01",
            "price": "73.70",
            "revenue": 94875
        },
        "2017-02": {
            "month": "2017-02",
            "price": "79.57",
            "revenue": 68809
        },
        "2017-03": {
            "month": "2017-03",
            "price": "86.98",
            "revenue": 127138
        },
        "2017-04": {
            "month": "2017-04",
            "price": "85.86",
            "revenue": 124619
        },
        "2017-05": {
            "month": "2017-05",
            "price": "84.30",
            "revenue": 138312
        },
        "2017-06": {
            "month": "2017-06",
            "price": "82.33",
            "revenue": 127265
        },
        "2017-07": {
            "month": "2017-07",
            "price": "76.49",
            "revenue": 106255
        },
        "2017-08": {
            "month": "2017-08",
            "price": "77.27",
            "revenue": 108982
        },
        "2017-09": {
            "month": "2017-09",
            "price": "76.10",
            "revenue": 117809
        },
        "2017-10": {
            "month": "2017-10",
            "price": "74.73",
            "revenue": 113761
        },
        "2017-11": {
            "month": "2017-11",
            "price": "71.84",
            "revenue": 121689
        },
        "2017-12": {
            "month": "2017-12",
            "price": "70.60",
            "revenue": 114285
        },
        "2018-01": {
            "month": "2018-01",
            "price": "72.44",
            "revenue": 140115
        },
        "2018-02": {
            "month": "2018-02",
            "price": "73.82",
            "revenue": 69135
        },
        "2018-03": {
            "month": "2018-03",
            "price": "76.77",
            "revenue": 116895
        },
        "2018-04": {
            "month": "2018-04",
            "price": "76.41",
            "revenue": 124858
        },
        "2018-05": {
            "month": "2018-05",
            "price": "67.34",
            "revenue": 126013
        },
        "2018-06": {
            "month": "2018-06",
            "price": "69.01",
            "revenue": 118911
        },
        "2018-07": {
            "month": "2018-07",
            "price": "64.80",
            "revenue": 131655
        },
        "2018-08": {
            "month": "2018-08",
            "price": "67.95",
            "revenue": 140746
        },
        "2018-09": {
            "month": "2018-09",
            "price": "66.52",
            "revenue": 134738
        },
        "2018-10": {
            "month": "2018-10",
            "price": "64.50",
            "revenue": 141337
        },
        "2018-11": {
            "month": "2018-11",
            "price": "61.91",
            "revenue": 156677
        },
        "2018-12": {
            "month": "2018-12",
            "price": "62.10",
            "revenue": 174152
        },
        "2019-01": {
            "month": "2019-01",
            "price": "67.90",
            "revenue": 158104
        },
        "2019-02": {
            "month": "2019-02",
            "price": "71.41",
            "revenue": 82788
        },
        "2019-03": {
            "month": "2019-03",
            "price": "75.37",
            "revenue": 133815
        },
        "2019-04": {
            "month": "2019-04",
            "price": "76.16",
            "revenue": 140197
        },
        "2019-05": {
            "month": "2019-05",
            "price": "73.85",
            "revenue": 144449
        },
        "2019-06": {
            "month": "2019-06",
            "price": "74.11",
            "revenue": 145438
        },
        "2019-07": {
            "month": "2019-07",
            "price": "69.24",
            "revenue": 132877
        },
        "2019-08": {
            "month": "2019-08",
            "price": "68.74",
            "revenue": 130647
        },
        "2019-09": {
            "month": "2019-09",
            "price": "69.84",
            "revenue": 137180
        },
        "2019-10": {
            "month": "2019-10",
            "price": "69.86",
            "revenue": 133537
        },
        "2019-11": {
            "month": "2019-11",
            "price": "69.71",
            "revenue": 137197
        },
        "2019-12": {
            "month": "2019-12",
            "price": "70.06",
            "revenue": 153529
        },
        "2020-01": {
            "month": "2020-01",
            "price": "70.33",
            "revenue": 125231
        },
        "2020-02": {
            "month": "2020-02",
            "price": "68.98",
            "revenue": 68259
        },
        "2020-03": {
            "month": "2020-03",
            "price": "63.35",
            "revenue": 140375
        },
        "2020-04": {
            "month": "2020-04",
            "price": "63.88",
            "revenue": 121333
        },
        "2020-05": {
            "month": "2020-05",
            "price": "67.86",
            "revenue": 103399
        },
        "2020-06": {
            "month": "2020-06",
            "price": "69.64",
            "revenue": 104524
        },
        "2020-07": {
            "month": "2020-07",
            "price": "63.03",
            "revenue": 110368
        },
        "2020-08": {
            "month": "2020-08",
            "price": "61.15",
            "revenue": 122005
        },
        "2020-09": {
            "month": "2020-09",
            "price": "61.12",
            "revenue": 153191
        },
        "2020-10": {
            "month": "2020-10",
            "price": "62.24",
            "revenue": 140895
        },
        "2020-11": {
            "month": "2020-11",
            "price": "62.38",
            "revenue": 145583
        },
        "2020-12": {
            "month": "2020-12",
            "price": "62.57",
            "revenue": 165396
        },
        "2021-01": {
            "month": "2021-01",
            "price": "62.78",
            "revenue": 171782
        },
        "2021-02": {
            "month": "2021-02",
            "price": "63.18",
            "revenue": 90916
        },
        "2021-03": {
            "month": "2021-03",
            "price": "64.55",
            "revenue": 143965
        },
        "2021-04": {
            "month": "2021-04",
            "price": "66.11",
            "revenue": 159251
        },
        "2021-05": {
            "month": "2021-05",
            "price": "64.26",
            "revenue": 166069
        },
        "2021-06": {
            "month": "2021-06",
            "price": "64.68",
            "revenue": 163785
        },
        "2021-07": {
            "month": "2021-07",
            "price": "66.51",
            "revenue": 153937
        },
        "2021-08": {
            "month": "2021-08",
            "price": "62.81",
            "revenue": 179392
        },
        "2021-09": {
            "month": "2021-09",
            "price": "63.98",
            "revenue": 77620
        },
        "2021-10": {
            "month": "2021-10",
            "price": "63.40",
            "revenue": 134249
        },
        "2021-11": {
            "month": "2021-11",
            "price": "65.41",
            "revenue": 287626
        },
        "2021-12": {
            "month": "2021-12",
            "price": "74.50",
            "revenue": 273660
        },
        "2022-01": {
            "month": "2022-01",
            "price": "74.87",
            "revenue": 262643
        },
        "2022-02": {
            "month": "2022-02",
            "price": "75.27",
            "revenue": 153169
        },
        "2022-03": {
            "month": "2022-03",
            "price": "75.40",
            "revenue": 261190
        },
        "2022-04": {
            "month": "2022-04",
            "price": "78.16",
            "revenue": 243602
        },
        "2022-05": {
            "month": "2022-05",
            "price": "76.57",
            "revenue": 290594
        },
        "2022-06": {
            "month": "2022-06",
            "price": "79.39",
            "revenue": 280547
        },
        "2022-07": {
            "month": "2022-07",
            "price": "77.67",
            "revenue": 280503
        },
        "2022-08": {
            "month": "2022-08",
            "price": "106.23",
            "revenue": 266856
        },
        "2022-09": {
            "month": "2022-09",
            "price": "116.05",
            "revenue": 267033
        },
        "2022-10": {
            "month": "2022-10",
            "price": "106.85",
            "revenue": 252971
        },
        "2022-11": {
            "month": "2022-11",
            "price": "103.61",
            "revenue": 252789
        },
        "2022-12": {
            "month": "2022-12",
            "price": "101.70",
            "revenue": 180937
        },
        "2023-01": {
            "month": "2023-01",
            "price": "97.33",
            "revenue": 214304
        },
        "2023-02": {
            "month": "2023-02",
            "price": "102.64",
            "revenue": 217477
        },
        "2023-03": {
            "month": "2023-03",
            "price": "112.54",
            "revenue": 261225
        },
        "2023-04": {
            "month": "2023-04",
            "price": "110.06",
            "revenue": 280859
        },
        "2023-05": {
            "month": "2023-05",
            "price": "116.11",
            "revenue": 281288
        },
        "2023-06": {
            "month": "2023-06",
            "price": "114.08",
            "revenue": 253179
        },
        "2023-07": {
            "month": "2023-07",
            "price": "102.46",
            "revenue": 256611
        },
        "2023-08": {
            "month": "2023-08",
            "price": "103.50",
            "revenue": 284190
        },
        "2023-09": {
            "month": "2023-09",
            "price": "108.88",
            "revenue": 291657
        },
        "2023-10": {
            "month": "2023-10",
            "price": "113.78",
            "revenue": 275530
        },
        "2023-11": {
            "month": "2023-11",
            "price": "107.84",
            "revenue": 323623
        },
        "2023-12": {
            "month": "2023-12",
            "price": "114.02",
            "revenue": 300637
        }
    }
}
