{
    "summary": {
        "stock_name": "唐鋒",
        "stock_id": "4609",
        "category": "居家生活",
        "main_business": "小家電製造、加工、買賣及進出口業務<br>小家電附屬品之加工、買賣及進出口業務",
        "website_url": "http://www.airlux.com.tw",
        "ceo": "周文洪",
        "pe_ratio": -8,
        "report_year_from": 2001,
        "report_year_to": 2023,
        "age": 23,
        "eps_negative_percentage": 57,
        "eps_growth_avg": {
            "last_all": -51.89,
            "last_2y": -100,
            "last_4y": -100,
            "last_8y": -100,
            "last_12y": -100,
            "last_16y": -69.75,
            "last_20y": -50.96,
            "at_2006_last_3y": -27.47,
            "at_2007_last_3y": -21.57,
            "at_2008_last_3y": 0,
            "at_2009_last_3y": -70.7,
            "at_2010_last_3y": -24.37,
            "at_2011_last_3y": -49.58,
            "at_2012_last_3y": -49.58,
            "at_2013_last_3y": -53.67,
            "at_2014_last_3y": -100,
            "at_2015_last_3y": null,
            "at_2016_last_3y": null,
            "at_2017_last_3y": -100,
            "at_2018_last_3y": -100,
            "at_2019_last_3y": -100,
            "at_2020_last_3y": -100,
            "at_2021_last_3y": null,
            "at_2022_last_3y": null,
            "at_2023_last_3y": -100,
            "at_2024_last_3y": -100,
            "at_2006_last_all": -34.02,
            "at_2007_last_all": -34.02,
            "at_2008_last_all": -34.02,
            "at_2009_last_all": -35.25,
            "at_2010_last_all": -31.27,
            "at_2011_last_all": -39.86,
            "at_2012_last_all": -39.86,
            "at_2013_last_all": -39.86,
            "at_2014_last_all": -39.86,
            "at_2015_last_all": -39.86,
            "at_2016_last_all": -39.86,
            "at_2017_last_all": -46.54,
            "at_2018_last_all": -46.54,
            "at_2019_last_all": -46.54,
            "at_2020_last_all": -46.54,
            "at_2021_last_all": -46.54,
            "at_2022_last_all": -46.54,
            "at_2023_last_all": -51.89,
            "at_2024_last_all": -51.89
        },
        "latest_eps": -0.78,
        "latest_price": 6.51,
        "latest_roe": -20.14,
        "latest_gross_margin": 31.31,
        "latest_equity": 168330,
        "latest_revenue": 32152,
        "latest_gross_profit": 10066,
        "latest_net_income": -4942,
        "latest_debt_ratio": 74.59,
        "latest_current_ratio": 170.65,
        "latest_account_receivable_turnover_ratio": 1.23,
        "latest_inventory_turnover_ratio": 1.38,
        "latest_reinvestment_rate": null,
        "latest_research_to_sale_ratio": 16.63
    },
    "eps_dividends": {
        "1999": {
            "cash": 2,
            "stock": 2,
            "eps": 0
        },
        "2000": {
            "cash": 0,
            "stock": 1.5,
            "eps": 0
        },
        "2001": {
            "cash": 0.5,
            "stock": 0.3,
            "eps": 0.78
        },
        "2002": {
            "cash": 0.3,
            "stock": 0.5,
            "eps": 0.31
        },
        "2003": {
            "cash": 0,
            "stock": 0.3,
            "eps": 0.17
        },
        "2004": {
            "cash": 0,
            "stock": 0.23,
            "eps": 0.06
        },
        "2005": {
            "cash": 0,
            "stock": 0,
            "eps": 0.48
        },
        "2006": {
            "cash": 0.5,
            "stock": 0.45,
            "eps": -0.24
        },
        "2007": {
            "cash": 0,
            "stock": 0,
            "eps": -1.42
        },
        "2008": {
            "cash": 0,
            "stock": 0,
            "eps": 3.72
        },
        "2009": {
            "cash": 1.8,
            "stock": 0,
            "eps": 2.18
        },
        "2010": {
            "cash": 1.9,
            "stock": 0,
            "eps": 2.02
        },
        "2011": {
            "cash": 0.96,
            "stock": 0,
            "eps": -0.43
        },
        "2012": {
            "cash": 0,
            "stock": 0,
            "eps": -1.01
        },
        "2013": {
            "cash": 0,
            "stock": 0,
            "eps": -0.46
        },
        "2014": {
            "cash": 0,
            "stock": 0,
            "eps": -0.7
        },
        "2015": {
            "cash": 0,
            "stock": 0,
            "eps": -0.4
        },
        "2016": {
            "cash": 0,
            "stock": 0,
            "eps": 0.02
        },
        "2017": {
            "cash": 0,
            "stock": 0,
            "eps": -1.36
        },
        "2018": {
            "cash": 0,
            "stock": 0,
            "eps": -1.29
        },
        "2019": {
            "cash": 0,
            "stock": 0,
            "eps": -1.05
        },
        "2020": {
            "cash": 0,
            "stock": 0,
            "eps": -1.06
        },
        "2021": {
            "cash": 0,
            "stock": 0,
            "eps": -0.39
        },
        "2022": {
            "cash": 0,
            "stock": 0,
            "eps": 0.08
        },
        "2023": {
            "cash": 0,
            "stock": 0,
            "eps": -0.78
        }
    },
    "dividends": {
        "1999-06-10": {
            "cash": 2,
            "stock": 2
        },
        "2000-05-15": {
            "cash": 0,
            "stock": 1.5
        },
        "2001-06-22": {
            "cash": 0.5,
            "stock": 0.3
        },
        "2002-06-27": {
            "cash": 0.3,
            "stock": 0.5
        },
        "2003-06-25": {
            "cash": 0,
            "stock": 0.3
        },
        "2004-04-07": {
            "cash": 0,
            "stock": 0.23
        },
        "2006-04-06": {
            "cash": 0.5,
            "stock": 0.45
        },
        "2009-05-04": {
            "cash": 1.8,
            "stock": 0
        },
        "2010-03-25": {
            "cash": 1.9,
            "stock": 0
        },
        "2011-05-23": {
            "cash": 0.96,
            "stock": 0
        }
    },
    "prices": {
        "200101": "7.92",
        "200102": "10.51",
        "200103": "10.63",
        "200104": "12.72",
        "200105": "13.43",
        "200106": "12.95",
        "200107": "11.21",
        "200108": "10.61",
        "200109": "9.85",
        "200110": "10.45",
        "200111": "9.84",
        "200112": "10.71",
        "200201": "10.41",
        "200202": "10.06",
        "200203": "9.84",
        "200204": "11.78",
        "200205": "11.07",
        "200206": "11.96",
        "200207": "16.62",
        "200208": "14.81",
        "200209": "11.17",
        "200210": "10.42",
        "200211": "10.32",
        "200212": "11.04",
        "200301": "10.74",
        "200302": "10.49",
        "200303": "10.28",
        "200304": "9.96",
        "200305": "8.86",
        "200306": "9.96",
        "200307": "9.44",
        "200308": "8.61",
        "200309": "7.94",
        "200310": "7.53",
        "200311": "7.66",
        "200312": "7.90",
        "200401": "8.72",
        "200402": "9.37",
        "200403": "8.85",
        "200404": "8.66",
        "200405": "7.52",
        "200406": "7.52",
        "200407": "7.03",
        "200408": "6.12",
        "200409": "5.67",
        "200410": "5.81",
        "200411": "5.35",
        "200412": "5.07",
        "200501": "5.97",
        "200502": "6.00",
        "200503": "6.72",
        "200504": "8.04",
        "200505": "7.81",
        "200506": "8.11",
        "200507": "8.17",
        "200508": "8.12",
        "200509": "5.62",
        "200510": "5.96",
        "200511": "6.06",
        "200512": "6.39",
        "200601": "6.53",
        "200602": "6.34",
        "200603": "7.19",
        "200604": "8.49",
        "200605": "9.05",
        "200606": "9.04",
        "200607": "6.97",
        "200608": "6.55",
        "200609": "6.54",
        "200610": "7.27",
        "200611": "7.35",
        "200612": "7.32",
        "200701": "7.10",
        "200702": "7.72",
        "200703": "7.73",
        "200704": "7.18",
        "200705": "7.03",
        "200706": "7.05",
        "200707": "7.90",
        "200708": "7.75",
        "200709": "7.21",
        "200710": "6.91",
        "200711": "6.47",
        "200712": "5.84",
        "200801": "4.73",
        "200802": "4.46",
        "200803": "4.48",
        "200804": "4.96",
        "200805": "5.12",
        "200806": "5.90",
        "200807": "6.16",
        "200808": "6.52",
        "200809": "7.52",
        "200810": "8.30",
        "200811": "12.17",
        "200812": "10.33",
        "200901": "9.21",
        "200902": "9.63",
        "200903": "14.18",
        "200904": "15.77",
        "200905": "16.78",
        "200906": "17.25",
        "200907": "14.28",
        "200908": "14.16",
        "200909": "17.79",
        "200910": "17.83",
        "200911": "20.31",
        "200912": "20.59",
        "201001": "22.16",
        "201002": "21.11",
        "201003": "23.02",
        "201004": "29.25",
        "201005": "27.30",
        "201006": "29.45",
        "201007": "74.36",
        "201008": "197.62",
        "201009": "無",
        "201010": "無",
        "201011": "無",
        "201012": "無",
        "201101": "70.80",
        "201102": "39.58",
        "201103": "37.48",
        "201104": "30.83",
        "201105": "33.81",
        "201106": "26.50",
        "201107": "30.21",
        "201108": "24.50",
        "201109": "20.64",
        "201110": "19.60",
        "201111": "17.14",
        "201112": "14.47",
        "201201": "13.63",
        "201202": "16.12",
        "201203": "14.70",
        "201204": "12.89",
        "201205": "11.89",
        "201206": "10.98",
        "201207": "10.20",
        "201208": "12.68",
        "201209": "16.00",
        "201210": "16.10",
        "201211": "15.33",
        "201212": "14.97",
        "201301": "14.92",
        "201302": "14.66",
        "201303": "13.77",
        "201304": "12.60",
        "201305": "13.13",
        "201306": "12.35",
        "201307": "11.63",
        "201308": "11.46",
        "201309": "11.13",
        "201310": "11.20",
        "201311": "11.06",
        "201312": "12.69",
        "201401": "13.17",
        "201402": "12.80",
        "201403": "12.90",
        "201404": "12.45",
        "201405": "12.36",
        "201406": "12.44",
        "201407": "12.82",
        "201408": "11.75",
        "201409": "11.10",
        "201410": "10.56",
        "201411": "10.83",
        "201412": "10.97",
        "201501": "11.07",
        "201502": "11.11",
        "201503": "11.10",
        "201504": "10.82",
        "201505": "9.33",
        "201506": "7.04",
        "201507": "8.47",
        "201508": "7.09",
        "201509": "7.82",
        "201510": "8.81",
        "201511": "9.88",
        "201512": "8.62",
        "201601": "7.35",
        "201602": "7.71",
        "201603": "8.15",
        "201604": "7.68",
        "201605": "7.40",
        "201606": "8.20",
        "201607": "8.13",
        "201608": "7.99",
        "201609": "9.56",
        "201610": "10.32",
        "201611": "12.68",
        "201612": "10.63",
        "201701": "8.66",
        "201702": "9.82",
        "201703": "9.73",
        "201704": "9.51",
        "201705": "9.48",
        "201706": "9.92",
        "201707": "10.00",
        "201708": "9.89",
        "201709": "9.88",
        "201710": "9.56",
        "201711": "10.08",
        "201712": "10.12",
        "201801": "10.14",
        "201802": "10.25",
        "201803": "11.09",
        "201804": "9.25",
        "201805": "16.42",
        "201806": "14.60",
        "201807": "10.80",
        "201808": "13.52",
        "201809": "12.77",
        "201810": "12.23",
        "201811": "11.55",
        "201812": "11.39",
        "201901": "11.64",
        "201902": "11.92",
        "201903": "11.90",
        "201904": "11.85",
        "201905": "11.51",
        "201906": "11.59",
        "201907": "12.09",
        "201908": "11.78",
        "201909": "11.87",
        "201910": "11.94",
        "201911": "12.99",
        "201912": "12.29",
        "202001": "11.99",
        "202002": "11.84",
        "202003": "9.12",
        "202004": "8.86",
        "202005": "8.43",
        "202006": "8.47",
        "202007": "8.54",
        "202008": "7.65",
        "202009": "7.95",
        "202010": "8.10",
        "202011": "7.62",
        "202012": "7.68",
        "202101": "7.64",
        "202102": "7.76",
        "202103": "8.29",
        "202104": "8.44",
        "202105": "8.40",
        "202106": "8.18",
        "202107": "8.04",
        "202108": "8.00",
        "202109": "7.69",
        "202110": "7.38",
        "202111": "7.74",
        "202112": "8.69",
        "202201": "9.04",
        "202202": "9.13",
        "202203": "8.93",
        "202204": "8.54",
        "202205": "8.59",
        "202206": "8.77",
        "202207": "8.69",
        "202208": "8.45",
        "202209": "8.31",
        "202210": "8.12",
        "202211": "8.31",
        "202212": "8.17",
        "202301": "8.01",
        "202302": "8.12",
        "202303": "8.06",
        "202304": "7.87",
        "202305": "7.99",
        "202306": "7.73",
        "202307": "8.00",
        "202308": "6.65",
        "202309": "7.02",
        "202310": "6.91",
        "202311": "6.07",
        "202312": "5.93",
        "202401": "6.28",
        "202402": "6.50",
        "202403": "6.42",
        "202404": "無"
    },
    "quarters": {
        "20011": {
            "year_quarter": 20011,
            "year": 2001,
            "quarter": 1,
            "eps": 0.17,
            "eps_growth_year": 142.86,
            "eps_4q": 0.85,
            "eps_4q_growth_year": null,
            "roe": 1.39,
            "roe_4q": 1.39,
            "gross_profit": 66362,
            "gross_margin": 19.02,
            "gross_margin_4q_avg": 19.02,
            "net_income": 7811,
            "net_income_4q": null,
            "revenue": 348897,
            "revenue_4q": null,
            "common_shares": 468000,
            "book_valuer_per_share": 12.04,
            "book_valuer_per_share_4q_avg": 12.04,
            "equity": 563246,
            "current_ratio": 170.98,
            "debt_ratio": 42.13,
            "inventory_turnover_ratio": 1.77,
            "account_receivable_turnover_ratio": null,
            "reinvestment_rate": null,
            "research_to_sale_ratio": null,
            "price_fair": 0,
            "eps_avg_yearly": 0,
            "eps_latest_yearly": 0,
            "eps_growth_yearly": 0
        },
        "20012": {
            "year_quarter": 20012,
            "year": 2001,
            "quarter": 2,
            "eps": 0.12,
            "eps_growth_year": -76,
            "eps_4q": 0.52,
            "eps_4q_growth_year": -70.79,
            "roe": 1,
            "roe_4q": 2.3899999999999997,
            "gross_profit": 46145,
            "gross_margin": 15.06,
            "gross_margin_4q_avg": 17.04,
            "net_income": 5585,
            "net_income_4q": null,
            "revenue": 306344,
            "revenue_4q": null,
            "common_shares": 468000,
            "book_valuer_per_share": 11.74,
            "book_valuer_per_share_4q_avg": 11.89,
            "equity": 549522,
            "current_ratio": 190.28,
            "debt_ratio": 37.44,
            "inventory_turnover_ratio": 2.9,
            "account_receivable_turnover_ratio": null,
            "reinvestment_rate": null,
            "research_to_sale_ratio": null,
            "price_fair": 0,
            "eps_avg_yearly": 0,
            "eps_latest_yearly": 0,
            "eps_growth_yearly": 0
        },
        "20013": {
            "year_quarter": 20013,
            "year": 2001,
            "quarter": 3,
            "eps": 0.31,
            "eps_growth_year": null,
            "eps_4q": 0.85,
            "eps_4q_growth_year": -26.26,
            "roe": 2.72,
            "roe_4q": 5.11,
            "gross_profit": 58295,
            "gross_margin": 17.75,
            "gross_margin_4q_avg": 17.28,
            "net_income": 15078,
            "net_income_4q": null,
            "revenue": 328471,
            "revenue_4q": null,
            "common_shares": 482040,
            "book_valuer_per_share": 11.6,
            "book_valuer_per_share_4q_avg": 11.79,
            "equity": 559168,
            "current_ratio": 211.78,
            "debt_ratio": 33.8,
            "inventory_turnover_ratio": 2.89,
            "account_receivable_turnover_ratio": null,
            "reinvestment_rate": null,
            "research_to_sale_ratio": null,
            "price_fair": 0,
            "eps_avg_yearly": 0,
            "eps_latest_yearly": 0,
            "eps_growth_yearly": 0
        },
        "20014": {
            "year_quarter": 20014,
            "year": 2001,
            "quarter": 4,
            "eps": 0.18,
            "eps_growth_year": -33.33,
            "eps_4q": 0.77,
            "eps_4q_growth_year": 6.81,
            "roe": 1.55,
            "roe_4q": 6.66,
            "gross_profit": 60967,
            "gross_margin": 17.1,
            "gross_margin_4q_avg": 17.23,
            "net_income": 8720,
            "net_income_4q": null,
            "revenue": 356478,
            "revenue_4q": null,
            "common_shares": 482040,
            "book_valuer_per_share": 11.75,
            "book_valuer_per_share_4q_avg": 11.78,
            "equity": 566192,
            "current_ratio": 155.37,
            "debt_ratio": 46.2,
            "inventory_turnover_ratio": 1.8,
            "account_receivable_turnover_ratio": null,
            "reinvestment_rate": null,
            "research_to_sale_ratio": null,
            "price_fair": 0,
            "eps_avg_yearly": 0,
            "eps_latest_yearly": 0,
            "eps_growth_yearly": 0
        },
        "20021": {
            "year_quarter": 20021,
            "year": 2002,
            "quarter": 1,
            "eps": 0.07,
            "eps_growth_year": -58.82,
            "eps_4q": 0.7,
            "eps_4q_growth_year": -17.05,
            "roe": 0.58,
            "roe_4q": 5.85,
            "gross_profit": 63138,
            "gross_margin": 17.22,
            "gross_margin_4q_avg": 16.78,
            "net_income": 3254,
            "net_income_4q": null,
            "revenue": 366666,
            "revenue_4q": null,
            "common_shares": 482040,
            "book_valuer_per_share": 11.72,
            "book_valuer_per_share_4q_avg": 11.7,
            "equity": 564923,
            "current_ratio": 207.06,
            "debt_ratio": 35.19,
            "inventory_turnover_ratio": 1.96,
            "account_receivable_turnover_ratio": null,
            "reinvestment_rate": null,
            "research_to_sale_ratio": null,
            "price_fair": 0.84,
            "eps_avg_yearly": 0.28,
            "eps_latest_yearly": 0.28,
            "eps_growth_yearly": -244.44
        },
        "20022": {
            "year_quarter": 20022,
            "year": 2002,
            "quarter": 2,
            "eps": 0.2,
            "eps_growth_year": 66.67,
            "eps_4q": 0.78,
            "eps_4q_growth_year": 49.79,
            "roe": 1.67,
            "roe_4q": 6.52,
            "gross_profit": 49320,
            "gross_margin": 16.08,
            "gross_margin_4q_avg": 17.04,
            "net_income": 9343,
            "net_income_4q": null,
            "revenue": 306759,
            "revenue_4q": null,
            "common_shares": 482040,
            "book_valuer_per_share": 11.5,
            "book_valuer_per_share_4q_avg": 11.64,
            "equity": 554287,
            "current_ratio": 209.91,
            "debt_ratio": 33.75,
            "inventory_turnover_ratio": 3.14,
            "account_receivable_turnover_ratio": null,
            "reinvestment_rate": null,
            "research_to_sale_ratio": null,
            "price_fair": 18.9,
            "eps_avg_yearly": 0.54,
            "eps_latest_yearly": 0.8,
            "eps_growth_yearly": 249.21
        },
        "20023": {
            "year_quarter": 20023,
            "year": 2002,
            "quarter": 3,
            "eps": 0.24,
            "eps_growth_year": -22.58,
            "eps_4q": 0.67,
            "eps_4q_growth_year": -20.8,
            "roe": 2.11,
            "roe_4q": 5.909999999999999,
            "gross_profit": 60123,
            "gross_margin": 15.2,
            "gross_margin_4q_avg": 16.4,
            "net_income": 11878,
            "net_income_4q": null,
            "revenue": 395471,
            "revenue_4q": null,
            "common_shares": 482040,
            "book_valuer_per_share": 11.9,
            "book_valuer_per_share_4q_avg": 11.72,
            "equity": 573473,
            "current_ratio": 209.18,
            "debt_ratio": 32.45,
            "inventory_turnover_ratio": 4.01,
            "account_receivable_turnover_ratio": null,
            "reinvestment_rate": null,
            "research_to_sale_ratio": null,
            "price_fair": 23.8,
            "eps_avg_yearly": 0.68,
            "eps_latest_yearly": 0.96,
            "eps_growth_yearly": 192.8
        },
        "20024": {
            "year_quarter": 20024,
            "year": 2002,
            "quarter": 4,
            "eps": -0.2,
            "eps_growth_year": -211.11,
            "eps_4q": 0.3,
            "eps_4q_growth_year": -60.93,
            "roe": -1.7,
            "roe_4q": 2.66,
            "gross_profit": 53862,
            "gross_margin": 14.26,
            "gross_margin_4q_avg": 15.69,
            "net_income": -9680,
            "net_income_4q": null,
            "revenue": 377801,
            "revenue_4q": null,
            "common_shares": 507000,
            "book_valuer_per_share": 11.11,
            "book_valuer_per_share_4q_avg": 11.56,
            "equity": 563144,
            "current_ratio": 158.29,
            "debt_ratio": 42.18,
            "inventory_turnover_ratio": 2.71,
            "account_receivable_turnover_ratio": null,
            "reinvestment_rate": null,
            "research_to_sale_ratio": null,
            "price_fair": 23.8,
            "eps_avg_yearly": 0.68,
            "eps_latest_yearly": 0.96,
            "eps_growth_yearly": 192.8
        },
        "20031": {
            "year_quarter": 20031,
            "year": 2003,
            "quarter": 1,
            "eps": -0.1,
            "eps_growth_year": -242.86,
            "eps_4q": 0.13,
            "eps_4q_growth_year": -81.25,
            "roe": -0.89,
            "roe_4q": 1.19,
            "gross_profit": 35718,
            "gross_margin": 13.24,
            "gross_margin_4q_avg": 14.7,
            "net_income": -4983,
            "net_income_4q": null,
            "revenue": 269704,
            "revenue_4q": null,
            "common_shares": 507000,
            "book_valuer_per_share": 11.01,
            "book_valuer_per_share_4q_avg": 11.38,
            "equity": 558194,
            "current_ratio": 233.53,
            "debt_ratio": 32.43,
            "inventory_turnover_ratio": 2.4,
            "account_receivable_turnover_ratio": null,
            "reinvestment_rate": null,
            "research_to_sale_ratio": null,
            "price_fair": 23.8,
            "eps_avg_yearly": 0.68,
            "eps_latest_yearly": 0.96,
            "eps_growth_yearly": 192.8
        },
        "20032": {
            "year_quarter": 20032,
            "year": 2003,
            "quarter": 2,
            "eps": 0.07,
            "eps_growth_year": -65,
            "eps_4q": 0.02,
            "eps_4q_growth_year": -97.94,
            "roe": 0.65,
            "roe_4q": 0.16999999999999993,
            "gross_profit": 41717,
            "gross_margin": 12.05,
            "gross_margin_4q_avg": 13.69,
            "net_income": 3615,
            "net_income_4q": null,
            "revenue": 346177,
            "revenue_4q": null,
            "common_shares": 507000,
            "book_valuer_per_share": 11.05,
            "book_valuer_per_share_4q_avg": 11.27,
            "equity": 560289,
            "current_ratio": 232.39,
            "debt_ratio": 29.58,
            "inventory_turnover_ratio": 10.32,
            "account_receivable_turnover_ratio": null,
            "reinvestment_rate": 29.6,
            "research_to_sale_ratio": null,
            "price_fair": 23.8,
            "eps_avg_yearly": 0.68,
            "eps_latest_yearly": 0.96,
            "eps_growth_yearly": 192.8
        },
        "20033": {
            "year_quarter": 20033,
            "year": 2003,
            "quarter": 3,
            "eps": 0.1,
            "eps_growth_year": -58.33,
            "eps_4q": -0.12,
            "eps_4q_growth_year": -117.68,
            "roe": 0.9,
            "roe_4q": -1.04,
            "gross_profit": 38410,
            "gross_margin": 11.01,
            "gross_margin_4q_avg": 12.64,
            "net_income": 5055,
            "net_income_4q": null,
            "revenue": 348720,
            "revenue_4q": null,
            "common_shares": 523000,
            "book_valuer_per_share": 10.76,
            "book_valuer_per_share_4q_avg": 10.98,
            "equity": 562536,
            "current_ratio": 216.89,
            "debt_ratio": 30.25,
            "inventory_turnover_ratio": 12.14,
            "account_receivable_turnover_ratio": null,
            "reinvestment_rate": -23.58,
            "research_to_sale_ratio": null,
            "price_fair": 21.35,
            "eps_avg_yearly": 0.61,
            "eps_latest_yearly": 0.4,
            "eps_growth_yearly": 187.46
        },
        "20034": {
            "year_quarter": 20034,
            "year": 2003,
            "quarter": 4,
            "eps": 0.1,
            "eps_growth_year": null,
            "eps_4q": 0.17,
            "eps_4q_growth_year": -43.28,
            "roe": 0.93,
            "roe_4q": 1.5899999999999999,
            "gross_profit": 30522,
            "gross_margin": 9.92,
            "gross_margin_4q_avg": 11.56,
            "net_income": 5254,
            "net_income_4q": null,
            "revenue": 307594,
            "revenue_4q": null,
            "common_shares": 523000,
            "book_valuer_per_share": 10.87,
            "book_valuer_per_share_4q_avg": 10.92,
            "equity": 568354,
            "current_ratio": 162.89,
            "debt_ratio": 40.71,
            "inventory_turnover_ratio": 3.08,
            "account_receivable_turnover_ratio": null,
            "reinvestment_rate": 103.8,
            "research_to_sale_ratio": null,
            "price_fair": 19.88,
            "eps_avg_yearly": 0.57,
            "eps_latest_yearly": 0.4,
            "eps_growth_yearly": 149.97
        },
        "20041": {
            "year_quarter": 20041,
            "year": 2004,
            "quarter": 1,
            "eps": -0.14,
            "eps_growth_year": null,
            "eps_4q": 0.13,
            "eps_4q_growth_year": -2.02,
            "roe": -1.29,
            "roe_4q": 1.19,
            "gross_profit": 31056,
            "gross_margin": 10.41,
            "gross_margin_4q_avg": 10.85,
            "net_income": -7248,
            "net_income_4q": null,
            "revenue": 298317,
            "revenue_4q": null,
            "common_shares": 523000,
            "book_valuer_per_share": 10.64,
            "book_valuer_per_share_4q_avg": 10.83,
            "equity": 556559,
            "current_ratio": 237.72,
            "debt_ratio": 28.75,
            "inventory_turnover_ratio": 3.07,
            "account_receivable_turnover_ratio": null,
            "reinvestment_rate": -39.16,
            "research_to_sale_ratio": null,
            "price_fair": 19.88,
            "eps_avg_yearly": 0.57,
            "eps_latest_yearly": 0.4,
            "eps_growth_yearly": 149.97
        },
        "20042": {
            "year_quarter": 20042,
            "year": 2004,
            "quarter": 2,
            "eps": 0.24,
            "eps_growth_year": 242.86,
            "eps_4q": 0.3,
            "eps_4q_growth_year": 1770.3,
            "roe": 2.15,
            "roe_4q": 2.69,
            "gross_profit": 33274,
            "gross_margin": 9.91,
            "gross_margin_4q_avg": 10.31,
            "net_income": 12124,
            "net_income_4q": null,
            "revenue": 335834,
            "revenue_4q": null,
            "common_shares": 523000,
            "book_valuer_per_share": 10.92,
            "book_valuer_per_share_4q_avg": 10.8,
            "equity": 571304,
            "current_ratio": 268.1,
            "debt_ratio": 25.13,
            "inventory_turnover_ratio": 17.27,
            "account_receivable_turnover_ratio": null,
            "reinvestment_rate": -18.98,
            "research_to_sale_ratio": null,
            "price_fair": 19.88,
            "eps_avg_yearly": 0.57,
            "eps_latest_yearly": 0.4,
            "eps_growth_yearly": 149.97
        },
        "20043": {
            "year_quarter": 20043,
            "year": 2004,
            "quarter": 3,
            "eps": 0.05,
            "eps_growth_year": -50,
            "eps_4q": 0.24,
            "eps_4q_growth_year": null,
            "roe": 0.46,
            "roe_4q": 2.25,
            "gross_profit": 31067,
            "gross_margin": 9.7,
            "gross_margin_4q_avg": 9.99,
            "net_income": 2623,
            "net_income_4q": null,
            "revenue": 320382,
            "revenue_4q": null,
            "common_shares": 523000,
            "book_valuer_per_share": 10.99,
            "book_valuer_per_share_4q_avg": 10.86,
            "equity": 574880,
            "current_ratio": 264.66,
            "debt_ratio": 25.26,
            "inventory_turnover_ratio": 17.6,
            "account_receivable_turnover_ratio": null,
            "reinvestment_rate": -0.66,
            "research_to_sale_ratio": null,
            "price_fair": 17.73,
            "eps_avg_yearly": 0.51,
            "eps_latest_yearly": 0.2,
            "eps_growth_yearly": 72.2
        },
        "20044": {
            "year_quarter": 20044,
            "year": 2004,
            "quarter": 4,
            "eps": -0.09,
            "eps_growth_year": -190,
            "eps_4q": 0.05,
            "eps_4q_growth_year": -70.62,
            "roe": -0.82,
            "roe_4q": 0.5,
            "gross_profit": 34837,
            "gross_margin": 9.36,
            "gross_margin_4q_avg": 9.85,
            "net_income": -4653,
            "net_income_4q": null,
            "revenue": 372021,
            "revenue_4q": null,
            "common_shares": 532970,
            "book_valuer_per_share": 10.49,
            "book_valuer_per_share_4q_avg": 10.76,
            "equity": 559314,
            "current_ratio": 158.69,
            "debt_ratio": 42.47,
            "inventory_turnover_ratio": 3.59,
            "account_receivable_turnover_ratio": null,
            "reinvestment_rate": 98.32,
            "research_to_sale_ratio": null,
            "price_fair": 17.73,
            "eps_avg_yearly": 0.51,
            "eps_latest_yearly": 0.2,
            "eps_growth_yearly": 72.2
        },
        "20051": {
            "year_quarter": 20051,
            "year": 2005,
            "quarter": 1,
            "eps": -0.39,
            "eps_growth_year": null,
            "eps_4q": -0.19,
            "eps_4q_growth_year": -249.06,
            "roe": -3.7,
            "roe_4q": -1.9100000000000006,
            "gross_profit": 31633,
            "gross_margin": 11.31,
            "gross_margin_4q_avg": 10.07,
            "net_income": -19903,
            "net_income_4q": null,
            "revenue": 279604,
            "revenue_4q": null,
            "common_shares": 498000,
            "book_valuer_per_share": 10.37,
            "book_valuer_per_share_4q_avg": 10.69,
            "equity": 516255,
            "current_ratio": 262.73,
            "debt_ratio": 27.47,
            "inventory_turnover_ratio": 2.74,
            "account_receivable_turnover_ratio": null,
            "reinvestment_rate": -106.72,
            "research_to_sale_ratio": null,
            "price_fair": 17.73,
            "eps_avg_yearly": 0.51,
            "eps_latest_yearly": 0.2,
            "eps_growth_yearly": 72.2
        },
        "20052": {
            "year_quarter": 20052,
            "year": 2005,
            "quarter": 2,
            "eps": 0.05,
            "eps_growth_year": -79.17,
            "eps_4q": -0.39,
            "eps_4q_growth_year": -231.01,
            "roe": 0.48,
            "roe_4q": -3.58,
            "gross_profit": 29699,
            "gross_margin": 10.42,
            "gross_margin_4q_avg": 10.2,
            "net_income": 2471,
            "net_income_4q": null,
            "revenue": 284994,
            "revenue_4q": null,
            "common_shares": 498000,
            "book_valuer_per_share": 10.24,
            "book_valuer_per_share_4q_avg": 10.52,
            "equity": 510091,
            "current_ratio": 303.03,
            "debt_ratio": 24.02,
            "inventory_turnover_ratio": 24.1,
            "account_receivable_turnover_ratio": null,
            "reinvestment_rate": -104.17,
            "research_to_sale_ratio": null,
            "price_fair": 17.73,
            "eps_avg_yearly": 0.51,
            "eps_latest_yearly": 0.2,
            "eps_growth_yearly": 72.2
        },
        "20053": {
            "year_quarter": 20053,
            "year": 2005,
            "quarter": 3,
            "eps": 0.71,
            "eps_growth_year": 1320,
            "eps_4q": 0.26,
            "eps_4q_growth_year": 7.29,
            "roe": 6.64,
            "roe_4q": 2.599999999999999,
            "gross_profit": 40247,
            "gross_margin": 11.07,
            "gross_margin_4q_avg": 10.54,
            "net_income": 34909,
            "net_income_4q": null,
            "revenue": 363627,
            "revenue_4q": null,
            "common_shares": 477960,
            "book_valuer_per_share": 11.32,
            "book_valuer_per_share_4q_avg": 10.61,
            "equity": 541055,
            "current_ratio": 327.92,
            "debt_ratio": 22.58,
            "inventory_turnover_ratio": 28.15,
            "account_receivable_turnover_ratio": null,
            "reinvestment_rate": -64.02,
            "research_to_sale_ratio": null,
            "price_fair": 29.4,
            "eps_avg_yearly": 0.84,
            "eps_latest_yearly": 2.84,
            "eps_growth_yearly": 816.17
        },
        "20054": {
            "year_quarter": 20054,
            "year": 2005,
            "quarter": 4,
            "eps": 0.11,
            "eps_growth_year": null,
            "eps_4q": 0.46,
            "eps_4q_growth_year": 823.43,
            "roe": 0.99,
            "roe_4q": 4.409999999999999,
            "gross_profit": 29787,
            "gross_margin": 9.03,
            "gross_margin_4q_avg": 10.46,
            "net_income": 5466,
            "net_income_4q": null,
            "revenue": 329778,
            "revenue_4q": null,
            "common_shares": 477960,
            "book_valuer_per_share": 11.71,
            "book_valuer_per_share_4q_avg": 10.91,
            "equity": 559628,
            "current_ratio": 175.05,
            "debt_ratio": 39.31,
            "inventory_turnover_ratio": 2.59,
            "account_receivable_turnover_ratio": null,
            "reinvestment_rate": -7.42,
            "research_to_sale_ratio": null,
            "price_fair": 27.65,
            "eps_avg_yearly": 0.79,
            "eps_latest_yearly": 0.44,
            "eps_growth_yearly": 671.89
        },
        "20061": {
            "year_quarter": 20061,
            "year": 2006,
            "quarter": 1,
            "eps": -0.14,
            "eps_growth_year": null,
            "eps_4q": 0.75,
            "eps_4q_growth_year": null,
            "roe": -1.22,
            "roe_4q": 6.890000000000001,
            "gross_profit": 25676,
            "gross_margin": 9.35,
            "gross_margin_4q_avg": 9.97,
            "net_income": -6777,
            "net_income_4q": null,
            "revenue": 274644,
            "revenue_4q": null,
            "common_shares": 477960,
            "book_valuer_per_share": 11.53,
            "book_valuer_per_share_4q_avg": 11.2,
            "equity": 550916,
            "current_ratio": 334.08,
            "debt_ratio": 21.83,
            "inventory_turnover_ratio": 2.16,
            "account_receivable_turnover_ratio": null,
            "reinvestment_rate": -84.38,
            "research_to_sale_ratio": null,
            "price_fair": 30.2,
            "eps_avg_yearly": 0.86,
            "eps_latest_yearly": 0.44,
            "eps_growth_yearly": 802.8
        },
        "20062": {
            "year_quarter": 20062,
            "year": 2006,
            "quarter": 2,
            "eps": -0.06,
            "eps_growth_year": -220,
            "eps_4q": 0.65,
            "eps_4q_growth_year": null,
            "roe": -0.5,
            "roe_4q": 5.91,
            "gross_profit": 19865,
            "gross_margin": 7.87,
            "gross_margin_4q_avg": 9.33,
            "net_income": -2651,
            "net_income_4q": null,
            "revenue": 252302,
            "revenue_4q": null,
            "common_shares": 477960,
            "book_valuer_per_share": 10.64,
            "book_valuer_per_share_4q_avg": 11.3,
            "equity": 508515,
            "current_ratio": 296.67,
            "debt_ratio": 23.96,
            "inventory_turnover_ratio": 20.74,
            "account_receivable_turnover_ratio": null,
            "reinvestment_rate": -129.49,
            "research_to_sale_ratio": null,
            "price_fair": 30.57,
            "eps_avg_yearly": 0.87,
            "eps_latest_yearly": 0.44,
            "eps_growth_yearly": 812.79
        },
        "20063": {
            "year_quarter": 20063,
            "year": 2006,
            "quarter": 3,
            "eps": 0.22,
            "eps_growth_year": -69.01,
            "eps_4q": 0.14,
            "eps_4q_growth_year": -46.07,
            "roe": 2.14,
            "roe_4q": 1.4100000000000001,
            "gross_profit": 24893,
            "gross_margin": 8.28,
            "gross_margin_4q_avg": 8.63,
            "net_income": 10988,
            "net_income_4q": null,
            "revenue": 300553,
            "revenue_4q": null,
            "common_shares": 479468,
            "book_valuer_per_share": 10.77,
            "book_valuer_per_share_4q_avg": 11.16,
            "equity": 516352,
            "current_ratio": 311.66,
            "debt_ratio": 23,
            "inventory_turnover_ratio": 20.54,
            "account_receivable_turnover_ratio": null,
            "reinvestment_rate": -130.62,
            "research_to_sale_ratio": null,
            "price_fair": 29.96,
            "eps_avg_yearly": 0.86,
            "eps_latest_yearly": 0.44,
            "eps_growth_yearly": 959.35
        },
        "20064": {
            "year_quarter": 20064,
            "year": 2006,
            "quarter": 4,
            "eps": -0.26,
            "eps_growth_year": -336.36,
            "eps_4q": -0.23,
            "eps_4q_growth_year": -149.81,
            "roe": -2.51,
            "roe_4q": -2.09,
            "gross_profit": 21907,
            "gross_margin": 8.28,
            "gross_margin_4q_avg": 8.45,
            "net_income": -12908,
            "net_income_4q": null,
            "revenue": 264624,
            "revenue_4q": null,
            "common_shares": 479468,
            "book_valuer_per_share": 10.46,
            "book_valuer_per_share_4q_avg": 10.85,
            "equity": 513977,
            "current_ratio": 159.41,
            "debt_ratio": 38.55,
            "inventory_turnover_ratio": 2.61,
            "account_receivable_turnover_ratio": null,
            "reinvestment_rate": 91.21,
            "research_to_sale_ratio": null,
            "price_fair": 29.96,
            "eps_avg_yearly": 0.86,
            "eps_latest_yearly": 0.44,
            "eps_growth_yearly": 959.35
        },
        "20071": {
            "year_quarter": 20071,
            "year": 2007,
            "quarter": 1,
            "eps": -0.54,
            "eps_growth_year": null,
            "eps_4q": -0.63,
            "eps_4q_growth_year": -185.2,
            "roe": -5.26,
            "roe_4q": -6.129999999999999,
            "gross_profit": 16387,
            "gross_margin": 6.31,
            "gross_margin_4q_avg": 7.69,
            "net_income": -26024,
            "net_income_4q": null,
            "revenue": 259656,
            "revenue_4q": null,
            "common_shares": 479468,
            "book_valuer_per_share": 9.94,
            "book_valuer_per_share_4q_avg": 10.45,
            "equity": 476368,
            "current_ratio": 333.79,
            "debt_ratio": 21.13,
            "inventory_turnover_ratio": 2.71,
            "account_receivable_turnover_ratio": null,
            "reinvestment_rate": -1035.97,
            "research_to_sale_ratio": null,
            "price_fair": 29.96,
            "eps_avg_yearly": 0.86,
            "eps_latest_yearly": 0.44,
            "eps_growth_yearly": 959.35
        },
        "20072": {
            "year_quarter": 20072,
            "year": 2007,
            "quarter": 2,
            "eps": -1.04,
            "eps_growth_year": null,
            "eps_4q": -1.62,
            "eps_4q_growth_year": -350.67,
            "roe": -11.05,
            "roe_4q": -16.68,
            "gross_profit": 19047,
            "gross_margin": 5.69,
            "gross_margin_4q_avg": 7.14,
            "net_income": -49876,
            "net_income_4q": null,
            "revenue": 334773,
            "revenue_4q": null,
            "common_shares": 479468,
            "book_valuer_per_share": 8.89,
            "book_valuer_per_share_4q_avg": 10.02,
            "equity": 426466,
            "current_ratio": 309.1,
            "debt_ratio": 24.96,
            "inventory_turnover_ratio": 40.11,
            "account_receivable_turnover_ratio": null,
            "reinvestment_rate": null,
            "research_to_sale_ratio": null,
            "price_fair": 29.96,
            "eps_avg_yearly": 0.86,
            "eps_latest_yearly": 0.44,
            "eps_growth_yearly": 959.35
        },
        "20073": {
            "year_quarter": 20073,
            "year": 2007,
            "quarter": 3,
            "eps": 0.09,
            "eps_growth_year": -59.09,
            "eps_4q": -1.73,
            "eps_4q_growth_year": -1331.75,
            "roe": 1.02,
            "roe_4q": -17.8,
            "gross_profit": 29646,
            "gross_margin": 5.78,
            "gross_margin_4q_avg": 6.52,
            "net_income": 4385,
            "net_income_4q": null,
            "revenue": 512847,
            "revenue_4q": null,
            "common_shares": 479468,
            "book_valuer_per_share": 8.99,
            "book_valuer_per_share_4q_avg": 9.57,
            "equity": 431089,
            "current_ratio": 330.07,
            "debt_ratio": 23.46,
            "inventory_turnover_ratio": 68.6,
            "account_receivable_turnover_ratio": null,
            "reinvestment_rate": null,
            "research_to_sale_ratio": null,
            "price_fair": 33.95,
            "eps_avg_yearly": 0.97,
            "eps_latest_yearly": 0.44,
            "eps_growth_yearly": 1156.33
        },
        "20074": {
            "year_quarter": 20074,
            "year": 2007,
            "quarter": 4,
            "eps": 0.07,
            "eps_growth_year": null,
            "eps_4q": -1.37,
            "eps_4q_growth_year": null,
            "roe": 0.8,
            "roe_4q": -14.49,
            "gross_profit": 22221,
            "gross_margin": 5.51,
            "gross_margin_4q_avg": 5.82,
            "net_income": 3470,
            "net_income_4q": null,
            "revenue": 403299,
            "revenue_4q": null,
            "common_shares": 479468,
            "book_valuer_per_share": 9.02,
            "book_valuer_per_share_4q_avg": 9.21,
            "equity": 435261,
            "current_ratio": 127.44,
            "debt_ratio": 51.14,
            "inventory_turnover_ratio": 4.05,
            "account_receivable_turnover_ratio": null,
            "reinvestment_rate": null,
            "research_to_sale_ratio": null,
            "price_fair": 32.9,
            "eps_avg_yearly": 0.94,
            "eps_latest_yearly": 0.28,
            "eps_growth_yearly": 1134.1
        },
        "20081": {
            "year_quarter": 20081,
            "year": 2008,
            "quarter": 1,
            "eps": -0.07,
            "eps_growth_year": null,
            "eps_4q": -0.97,
            "eps_4q_growth_year": null,
            "roe": -0.76,
            "roe_4q": -9.99,
            "gross_profit": 61665,
            "gross_margin": 17.18,
            "gross_margin_4q_avg": 8.54,
            "net_income": -3252,
            "net_income_4q": null,
            "revenue": 358901,
            "revenue_4q": null,
            "common_shares": 479468,
            "book_valuer_per_share": 8.8,
            "book_valuer_per_share_4q_avg": 8.93,
            "equity": 424455,
            "current_ratio": 134.73,
            "debt_ratio": 49.26,
            "inventory_turnover_ratio": 1.48,
            "account_receivable_turnover_ratio": null,
            "reinvestment_rate": null,
            "research_to_sale_ratio": null,
            "price_fair": 32.9,
            "eps_avg_yearly": 0.94,
            "eps_latest_yearly": 0.28,
            "eps_growth_yearly": 1134.1
        },
        "20082": {
            "year_quarter": 20082,
            "year": 2008,
            "quarter": 2,
            "eps": 0.73,
            "eps_growth_year": null,
            "eps_4q": 0.84,
            "eps_4q_growth_year": null,
            "roe": 7.87,
            "roe_4q": 8.93,
            "gross_profit": 80499,
            "gross_margin": 16.54,
            "gross_margin_4q_avg": 11.25,
            "net_income": 34742,
            "net_income_4q": null,
            "revenue": 486744,
            "revenue_4q": null,
            "common_shares": 479468,
            "book_valuer_per_share": 9.52,
            "book_valuer_per_share_4q_avg": 9.08,
            "equity": 458640,
            "current_ratio": 141.89,
            "debt_ratio": 50.39,
            "inventory_turnover_ratio": 1.94,
            "account_receivable_turnover_ratio": null,
            "reinvestment_rate": null,
            "research_to_sale_ratio": null,
            "price_fair": 32.9,
            "eps_avg_yearly": 0.94,
            "eps_latest_yearly": 0.28,
            "eps_growth_yearly": 1134.1
        },
        "20083": {
            "year_quarter": 20083,
            "year": 2008,
            "quarter": 3,
            "eps": 1.97,
            "eps_growth_year": 2088.89,
            "eps_4q": 2.71,
            "eps_4q_growth_year": null,
            "roe": 18.44,
            "roe_4q": 26.35,
            "gross_profit": 139729,
            "gross_margin": 22.32,
            "gross_margin_4q_avg": 15.39,
            "net_income": 94293,
            "net_income_4q": null,
            "revenue": 625911,
            "revenue_4q": null,
            "common_shares": 479468,
            "book_valuer_per_share": 11.72,
            "book_valuer_per_share_4q_avg": 9.77,
            "equity": 564166,
            "current_ratio": 153.46,
            "debt_ratio": 50.06,
            "inventory_turnover_ratio": 2.7,
            "account_receivable_turnover_ratio": null,
            "reinvestment_rate": 219.32,
            "research_to_sale_ratio": null,
            "price_fair": 100.1,
            "eps_avg_yearly": 2.86,
            "eps_latest_yearly": 7.88,
            "eps_growth_yearly": 1383.13
        },
        "20084": {
            "year_quarter": 20084,
            "year": 2008,
            "quarter": 4,
            "eps": 1.09,
            "eps_growth_year": 1457.14,
            "eps_4q": 3.73,
            "eps_4q_growth_year": null,
            "roe": 8.81,
            "roe_4q": 34.36,
            "gross_profit": 110135,
            "gross_margin": 26.68,
            "gross_margin_4q_avg": 20.68,
            "net_income": 52067,
            "net_income_4q": null,
            "revenue": 412788,
            "revenue_4q": null,
            "common_shares": 479468,
            "book_valuer_per_share": 12.89,
            "book_valuer_per_share_4q_avg": 10.73,
            "equity": 618234,
            "current_ratio": 196.85,
            "debt_ratio": 39.18,
            "inventory_turnover_ratio": 2.18,
            "account_receivable_turnover_ratio": 4.49,
            "reinvestment_rate": -47.1,
            "research_to_sale_ratio": null,
            "price_fair": 110.6,
            "eps_avg_yearly": 3.16,
            "eps_latest_yearly": 4.36,
            "eps_growth_yearly": 1070.77
        },
        "20091": {
            "year_quarter": 20091,
            "year": 2009,
            "quarter": 1,
            "eps": 0.36,
            "eps_growth_year": null,
            "eps_4q": 4.13,
            "eps_4q_growth_year": null,
            "roe": 2.75,
            "roe_4q": 37.87,
            "gross_profit": 47346,
            "gross_margin": 23.93,
            "gross_margin_4q_avg": 22.37,
            "net_income": 17352,
            "net_income_4q": null,
            "revenue": 197834,
            "revenue_4q": null,
            "common_shares": 479468,
            "book_valuer_per_share": 13.42,
            "book_valuer_per_share_4q_avg": 11.89,
            "equity": 643570,
            "current_ratio": 240.11,
            "debt_ratio": 32.66,
            "inventory_turnover_ratio": 1.33,
            "account_receivable_turnover_ratio": 1.65,
            "reinvestment_rate": 94.51,
            "research_to_sale_ratio": null,
            "price_fair": 100.57,
            "eps_avg_yearly": 2.87,
            "eps_latest_yearly": 1.44,
            "eps_growth_yearly": 847.66
        },
        "20092": {
            "year_quarter": 20092,
            "year": 2009,
            "quarter": 2,
            "eps": 0.5,
            "eps_growth_year": -31.51,
            "eps_4q": 3.94,
            "eps_4q_growth_year": 370.96,
            "roe": 3.91,
            "roe_4q": 33.910000000000004,
            "gross_profit": 72594,
            "gross_margin": 25.7,
            "gross_margin_4q_avg": 24.66,
            "net_income": 23784,
            "net_income_4q": null,
            "revenue": 282465,
            "revenue_4q": null,
            "common_shares": 479468,
            "book_valuer_per_share": 11.93,
            "book_valuer_per_share_4q_avg": 12.49,
            "equity": 571931,
            "current_ratio": 189.66,
            "debt_ratio": 42.15,
            "inventory_turnover_ratio": 1.99,
            "account_receivable_turnover_ratio": 3.37,
            "reinvestment_rate": 80.61,
            "research_to_sale_ratio": null,
            "price_fair": 96.2,
            "eps_avg_yearly": 2.75,
            "eps_latest_yearly": 2,
            "eps_growth_yearly": 748.79
        },
        "20093": {
            "year_quarter": 20093,
            "year": 2009,
            "quarter": 3,
            "eps": 0.89,
            "eps_growth_year": -54.82,
            "eps_4q": 2.84,
            "eps_4q_growth_year": 4.8,
            "roe": 7.2,
            "roe_4q": 22.67,
            "gross_profit": 103197,
            "gross_margin": 31.12,
            "gross_margin_4q_avg": 26.86,
            "net_income": 42487,
            "net_income_4q": null,
            "revenue": 331600,
            "revenue_4q": null,
            "common_shares": 479468,
            "book_valuer_per_share": 12.68,
            "book_valuer_per_share_4q_avg": 12.73,
            "equity": 607745,
            "current_ratio": 222.52,
            "debt_ratio": 37.25,
            "inventory_turnover_ratio": 2.3,
            "account_receivable_turnover_ratio": 2.66,
            "reinvestment_rate": 74.73,
            "research_to_sale_ratio": null,
            "price_fair": 99.8,
            "eps_avg_yearly": 2.85,
            "eps_latest_yearly": 3.56,
            "eps_growth_yearly": 39.07
        },
        "20094": {
            "year_quarter": 20094,
            "year": 2009,
            "quarter": 4,
            "eps": 0.43,
            "eps_growth_year": -60.55,
            "eps_4q": 2.18,
            "eps_4q_growth_year": -41.65,
            "roe": 3.38,
            "roe_4q": 17.240000000000002,
            "gross_profit": 60072,
            "gross_margin": 21.85,
            "gross_margin_4q_avg": 25.65,
            "net_income": 20845,
            "net_income_4q": null,
            "revenue": 274931,
            "revenue_4q": null,
            "common_shares": 479468,
            "book_valuer_per_share": 13.06,
            "book_valuer_per_share_4q_avg": 12.77,
            "equity": 626298,
            "current_ratio": 232.72,
            "debt_ratio": 36.55,
            "inventory_turnover_ratio": 2.13,
            "account_receivable_turnover_ratio": 5.2,
            "reinvestment_rate": -31.14,
            "research_to_sale_ratio": null,
            "price_fair": 106.2,
            "eps_avg_yearly": 3.03,
            "eps_latest_yearly": 1.72,
            "eps_growth_yearly": 57.83
        },
        "20101": {
            "year_quarter": 20101,
            "year": 2010,
            "quarter": 1,
            "eps": 0.14,
            "eps_growth_year": -61.11,
            "eps_4q": 1.96,
            "eps_4q_growth_year": -52.58,
            "roe": 1.07,
            "roe_4q": 15.56,
            "gross_profit": 48047,
            "gross_margin": 19.8,
            "gross_margin_4q_avg": 24.62,
            "net_income": 6721,
            "net_income_4q": null,
            "revenue": 242648,
            "revenue_4q": null,
            "common_shares": 479468,
            "book_valuer_per_share": 13.15,
            "book_valuer_per_share_4q_avg": 12.71,
            "equity": 630575,
            "current_ratio": 247.71,
            "debt_ratio": 34.84,
            "inventory_turnover_ratio": 1.88,
            "account_receivable_turnover_ratio": 2.32,
            "reinvestment_rate": 264.77,
            "research_to_sale_ratio": 3.15,
            "price_fair": 73.25,
            "eps_avg_yearly": 2.73,
            "eps_latest_yearly": 0.56,
            "eps_growth_yearly": 16.88
        },
        "20102": {
            "year_quarter": 20102,
            "year": 2010,
            "quarter": 2,
            "eps": 0.86,
            "eps_growth_year": 72.5,
            "eps_4q": 2.32,
            "eps_4q_growth_year": -41.06,
            "roe": 6.8,
            "roe_4q": 18.45,
            "gross_profit": 48056,
            "gross_margin": 18.67,
            "gross_margin_4q_avg": 22.86,
            "net_income": 41354,
            "net_income_4q": null,
            "revenue": 257455,
            "revenue_4q": null,
            "common_shares": 479468,
            "book_valuer_per_share": 12.21,
            "book_valuer_per_share_4q_avg": 12.78,
            "equity": 585240,
            "current_ratio": 196.69,
            "debt_ratio": 44.85,
            "inventory_turnover_ratio": 1.76,
            "account_receivable_turnover_ratio": 2.34,
            "reinvestment_rate": 238.39,
            "research_to_sale_ratio": 4.65,
            "price_fair": 98.16,
            "eps_avg_yearly": 2.8,
            "eps_latest_yearly": 3.44,
            "eps_growth_yearly": 243.58
        },
        "20103": {
            "year_quarter": 20103,
            "year": 2010,
            "quarter": 3,
            "eps": 0.34,
            "eps_growth_year": -61.69,
            "eps_4q": 1.78,
            "eps_4q_growth_year": -37.42,
            "roe": 2.78,
            "roe_4q": 14.030000000000001,
            "gross_profit": 68403,
            "gross_margin": 19.47,
            "gross_margin_4q_avg": 19.95,
            "net_income": 16349,
            "net_income_4q": null,
            "revenue": 351347,
            "revenue_4q": null,
            "common_shares": 479468,
            "book_valuer_per_share": 12.32,
            "book_valuer_per_share_4q_avg": 12.69,
            "equity": 590577,
            "current_ratio": 217.51,
            "debt_ratio": 40.79,
            "inventory_turnover_ratio": 2,
            "account_receivable_turnover_ratio": 2.51,
            "reinvestment_rate": 230.66,
            "research_to_sale_ratio": 2.05,
            "price_fair": 93.1,
            "eps_avg_yearly": 2.66,
            "eps_latest_yearly": 1.36,
            "eps_growth_yearly": 195.03
        },
        "20104": {
            "year_quarter": 20104,
            "year": 2010,
            "quarter": 4,
            "eps": 0.68,
            "eps_growth_year": 57.16,
            "eps_4q": 2.02,
            "eps_4q_growth_year": -7.32,
            "roe": 5.49,
            "roe_4q": 16.14,
            "gross_profit": 48985,
            "gross_margin": 19.62,
            "gross_margin_4q_avg": 19.39,
            "net_income": 32401,
            "net_income_4q": null,
            "revenue": 249705,
            "revenue_4q": null,
            "common_shares": 479468,
            "book_valuer_per_share": 12.3,
            "book_valuer_per_share_4q_avg": 12.5,
            "equity": 589883,
            "current_ratio": 232.5,
            "debt_ratio": 39.46,
            "inventory_turnover_ratio": 1.26,
            "account_receivable_turnover_ratio": 2.14,
            "reinvestment_rate": 128.25,
            "research_to_sale_ratio": 3.76,
            "price_fair": 93.29,
            "eps_avg_yearly": 2.67,
            "eps_latest_yearly": 2.72,
            "eps_growth_yearly": 213.67
        },
        "20111": {
            "year_quarter": 20111,
            "year": 2011,
            "quarter": 1,
            "eps": -0.13,
            "eps_growth_year": -192.86,
            "eps_4q": 1.75,
            "eps_4q_growth_year": -10.75,
            "roe": -1.08,
            "roe_4q": 13.989999999999998,
            "gross_profit": 26504,
            "gross_margin": 11.42,
            "gross_margin_4q_avg": 17.3,
            "net_income": -6353,
            "net_income_4q": null,
            "revenue": 232002,
            "revenue_4q": null,
            "common_shares": 479468,
            "book_valuer_per_share": 12.21,
            "book_valuer_per_share_4q_avg": 12.26,
            "equity": 585566,
            "current_ratio": 251.66,
            "debt_ratio": 36.72,
            "inventory_turnover_ratio": 1.22,
            "account_receivable_turnover_ratio": 3.44,
            "reinvestment_rate": 183.51,
            "research_to_sale_ratio": 3.53,
            "price_fair": 93.29,
            "eps_avg_yearly": 2.67,
            "eps_latest_yearly": 2.72,
            "eps_growth_yearly": 213.67
        },
        "20112": {
            "year_quarter": 20112,
            "year": 2011,
            "quarter": 2,
            "eps": -0.3,
            "eps_growth_year": -134.34,
            "eps_4q": 0.59,
            "eps_4q_growth_year": -74.69,
            "roe": -2.58,
            "roe_4q": 4.609999999999999,
            "gross_profit": 26608,
            "gross_margin": 11.22,
            "gross_margin_4q_avg": 15.43,
            "net_income": -14199,
            "net_income_4q": null,
            "revenue": 237213,
            "revenue_4q": null,
            "common_shares": 479468,
            "book_valuer_per_share": 10.71,
            "book_valuer_per_share_4q_avg": 11.89,
            "equity": 513577,
            "current_ratio": 201.63,
            "debt_ratio": 45.05,
            "inventory_turnover_ratio": 1.18,
            "account_receivable_turnover_ratio": 3.86,
            "reinvestment_rate": 157.61,
            "research_to_sale_ratio": 4.25,
            "price_fair": 93.29,
            "eps_avg_yearly": 2.67,
            "eps_latest_yearly": 2.72,
            "eps_growth_yearly": 213.67
        },
        "20113": {
            "year_quarter": 20113,
            "year": 2011,
            "quarter": 3,
            "eps": 0.35,
            "eps_growth_year": 3.55,
            "eps_4q": 0.6,
            "eps_4q_growth_year": -66.25,
            "roe": 3.16,
            "roe_4q": 4.99,
            "gross_profit": 48716,
            "gross_margin": 15.64,
            "gross_margin_4q_avg": 14.48,
            "net_income": 16929,
            "net_income_4q": null,
            "revenue": 311383,
            "revenue_4q": null,
            "common_shares": 479468,
            "book_valuer_per_share": 11.6,
            "book_valuer_per_share_4q_avg": 11.71,
            "equity": 556305,
            "current_ratio": 202.99,
            "debt_ratio": 45.18,
            "inventory_turnover_ratio": 1.29,
            "account_receivable_turnover_ratio": 3.05,
            "reinvestment_rate": 161.42,
            "research_to_sale_ratio": 3.12,
            "price_fair": 93.29,
            "eps_avg_yearly": 2.67,
            "eps_latest_yearly": 2.72,
            "eps_growth_yearly": 213.67
        },
        "20114": {
            "year_quarter": 20114,
            "year": 2011,
            "quarter": 4,
            "eps": -0.35,
            "eps_growth_year": -152.53,
            "eps_4q": -0.43,
            "eps_4q_growth_year": -121.32,
            "roe": -2.98,
            "roe_4q": -3.48,
            "gross_profit": 23520,
            "gross_margin": 8.47,
            "gross_margin_4q_avg": 11.69,
            "net_income": -17019,
            "net_income_4q": null,
            "revenue": 277826,
            "revenue_4q": null,
            "common_shares": 479468,
            "book_valuer_per_share": 12.2,
            "book_valuer_per_share_4q_avg": 11.68,
            "equity": 585146,
            "current_ratio": 238.86,
            "debt_ratio": 37.39,
            "inventory_turnover_ratio": 1.33,
            "account_receivable_turnover_ratio": 2.64,
            "reinvestment_rate": 123.13,
            "research_to_sale_ratio": 3.72,
            "price_fair": 101.64,
            "eps_avg_yearly": 2.9,
            "eps_latest_yearly": 2.72,
            "eps_growth_yearly": 243.92
        },
        "20121": {
            "year_quarter": 20121,
            "year": 2012,
            "quarter": 1,
            "eps": -0.31,
            "eps_growth_year": null,
            "eps_4q": -0.61,
            "eps_4q_growth_year": -134.8,
            "roe": -2.59,
            "roe_4q": -4.99,
            "gross_profit": 30095,
            "gross_margin": 13,
            "gross_margin_4q_avg": 12.08,
            "net_income": -14858,
            "net_income_4q": null,
            "revenue": 231538,
            "revenue_4q": null,
            "common_shares": 479468,
            "book_valuer_per_share": 11.68,
            "book_valuer_per_share_4q_avg": 11.55,
            "equity": 560102,
            "current_ratio": 234.02,
            "debt_ratio": 37.8,
            "inventory_turnover_ratio": 1.24,
            "account_receivable_turnover_ratio": 3.87,
            "reinvestment_rate": 122.52,
            "research_to_sale_ratio": 4.25,
            "price_fair": 101.64,
            "eps_avg_yearly": 2.9,
            "eps_latest_yearly": 2.72,
            "eps_growth_yearly": 243.92
        },
        "20122": {
            "year_quarter": 20122,
            "year": 2012,
            "quarter": 2,
            "eps": -0.19,
            "eps_growth_year": null,
            "eps_4q": -0.5,
            "eps_4q_growth_year": -184.81,
            "roe": -1.61,
            "roe_4q": -4.02,
            "gross_profit": 31219,
            "gross_margin": 10.69,
            "gross_margin_4q_avg": 11.95,
            "net_income": -8968,
            "net_income_4q": null,
            "revenue": 292030,
            "revenue_4q": null,
            "common_shares": 479468,
            "book_valuer_per_share": 11.59,
            "book_valuer_per_share_4q_avg": 11.77,
            "equity": 555733,
            "current_ratio": 207.65,
            "debt_ratio": 41.67,
            "inventory_turnover_ratio": 1.6,
            "account_receivable_turnover_ratio": 3.58,
            "reinvestment_rate": 146.79,
            "research_to_sale_ratio": 3.45,
            "price_fair": 101.64,
            "eps_avg_yearly": 2.9,
            "eps_latest_yearly": 2.72,
            "eps_growth_yearly": 243.92
        },
        "20123": {
            "year_quarter": 20123,
            "year": 2012,
            "quarter": 3,
            "eps": 0.06,
            "eps_growth_year": -81.65,
            "eps_4q": -0.79,
            "eps_4q_growth_year": -231.14,
            "roe": 0.56,
            "roe_4q": -6.619999999999999,
            "gross_profit": 51750,
            "gross_margin": 17.09,
            "gross_margin_4q_avg": 12.31,
            "net_income": 3106,
            "net_income_4q": null,
            "revenue": 302750,
            "revenue_4q": null,
            "common_shares": 479468,
            "book_valuer_per_share": 11.53,
            "book_valuer_per_share_4q_avg": 11.75,
            "equity": 552942,
            "current_ratio": 218.37,
            "debt_ratio": 39.92,
            "inventory_turnover_ratio": 1.64,
            "account_receivable_turnover_ratio": 2.44,
            "reinvestment_rate": 202.55,
            "research_to_sale_ratio": 3.38,
            "price_fair": 82.29,
            "eps_avg_yearly": 2.35,
            "eps_latest_yearly": 2.72,
            "eps_growth_yearly": 195.53
        },
        "20124": {
            "year_quarter": 20124,
            "year": 2012,
            "quarter": 4,
            "eps": -0.57,
            "eps_growth_year": null,
            "eps_4q": -1,
            "eps_4q_growth_year": null,
            "roe": -5.1,
            "roe_4q": -8.739999999999998,
            "gross_profit": 6091,
            "gross_margin": 3.22,
            "gross_margin_4q_avg": 11,
            "net_income": -27441,
            "net_income_4q": null,
            "revenue": 188879,
            "revenue_4q": null,
            "common_shares": 479468,
            "book_valuer_per_share": 10.92,
            "book_valuer_per_share_4q_avg": 11.43,
            "equity": 523370,
            "current_ratio": 214.49,
            "debt_ratio": 38.45,
            "inventory_turnover_ratio": 1.26,
            "account_receivable_turnover_ratio": 1.79,
            "reinvestment_rate": 313.58,
            "research_to_sale_ratio": 4.55,
            "price_fair": 73.5,
            "eps_avg_yearly": 2.1,
            "eps_latest_yearly": 2.72,
            "eps_growth_yearly": 242.3
        },
        "20131": {
            "year_quarter": 20131,
            "year": 2013,
            "quarter": 1,
            "eps": -0.19,
            "eps_growth_year": null,
            "eps_4q": -0.88,
            "eps_4q_growth_year": null,
            "roe": -1.76,
            "roe_4q": -7.909999999999999,
            "gross_profit": 21965,
            "gross_margin": 8.97,
            "gross_margin_4q_avg": 9.99,
            "net_income": -9103,
            "net_income_4q": null,
            "revenue": 244942,
            "revenue_4q": null,
            "common_shares": 479468,
            "book_valuer_per_share": 10.6,
            "book_valuer_per_share_4q_avg": 11.16,
            "equity": 508327,
            "current_ratio": 191.2,
            "debt_ratio": 44.76,
            "inventory_turnover_ratio": 1.35,
            "account_receivable_turnover_ratio": 3.58,
            "reinvestment_rate": 12.93,
            "research_to_sale_ratio": 2.43,
            "price_fair": 76.8,
            "eps_avg_yearly": 2.19,
            "eps_latest_yearly": 2.72,
            "eps_growth_yearly": 315.19
        },
        "20132": {
            "year_quarter": 20132,
            "year": 2013,
            "quarter": 2,
            "eps": -0.04,
            "eps_growth_year": null,
            "eps_4q": -0.74,
            "eps_4q_growth_year": null,
            "roe": -0.4,
            "roe_4q": -6.699999999999999,
            "gross_profit": 45936,
            "gross_margin": 14.94,
            "gross_margin_4q_avg": 11.06,
            "net_income": -2018,
            "net_income_4q": null,
            "revenue": 307452,
            "revenue_4q": null,
            "common_shares": 479468,
            "book_valuer_per_share": 10.64,
            "book_valuer_per_share_4q_avg": 10.92,
            "equity": 510310,
            "current_ratio": 172.14,
            "debt_ratio": 49.45,
            "inventory_turnover_ratio": 1.6,
            "account_receivable_turnover_ratio": 3.63,
            "reinvestment_rate": 17.52,
            "research_to_sale_ratio": 3,
            "price_fair": 77.93,
            "eps_avg_yearly": 2.23,
            "eps_latest_yearly": 2.72,
            "eps_growth_yearly": 341.8
        },
        "20133": {
            "year_quarter": 20133,
            "year": 2013,
            "quarter": 3,
            "eps": -0.02,
            "eps_growth_year": -130.87,
            "eps_4q": -0.83,
            "eps_4q_growth_year": null,
            "roe": -0.21,
            "roe_4q": -7.47,
            "gross_profit": 48755,
            "gross_margin": 17.7,
            "gross_margin_4q_avg": 11.21,
            "net_income": -1074,
            "net_income_4q": null,
            "revenue": 275497,
            "revenue_4q": null,
            "common_shares": 479468,
            "book_valuer_per_share": 10.53,
            "book_valuer_per_share_4q_avg": 10.67,
            "equity": 505079,
            "current_ratio": 160.95,
            "debt_ratio": 52.55,
            "inventory_turnover_ratio": 1.37,
            "account_receivable_turnover_ratio": 2.49,
            "reinvestment_rate": 49.73,
            "research_to_sale_ratio": 3.04,
            "price_fair": 68.6,
            "eps_avg_yearly": 1.96,
            "eps_latest_yearly": 2.72,
            "eps_growth_yearly": 347.75
        },
        "20134": {
            "year_quarter": 20134,
            "year": 2013,
            "quarter": 4,
            "eps": -0.21,
            "eps_growth_year": null,
            "eps_4q": -0.47,
            "eps_4q_growth_year": null,
            "roe": -2.04,
            "roe_4q": -4.41,
            "gross_profit": 50246,
            "gross_margin": 17.2,
            "gross_margin_4q_avg": 14.7,
            "net_income": -10218,
            "net_income_4q": null,
            "revenue": 292113,
            "revenue_4q": null,
            "common_shares": 479468,
            "book_valuer_per_share": 10.39,
            "book_valuer_per_share_4q_avg": 10.54,
            "equity": 498049,
            "current_ratio": 170.06,
            "debt_ratio": 48.81,
            "inventory_turnover_ratio": 1.47,
            "account_receivable_turnover_ratio": 2.69,
            "reinvestment_rate": 844.21,
            "research_to_sale_ratio": 2.62,
            "price_fair": 70.7,
            "eps_avg_yearly": 2.02,
            "eps_latest_yearly": 2.72,
            "eps_growth_yearly": 486.38
        },
        "20141": {
            "year_quarter": 20141,
            "year": 2014,
            "quarter": 1,
            "eps": -0.26,
            "eps_growth_year": null,
            "eps_4q": -0.54,
            "eps_4q_growth_year": null,
            "roe": -2.57,
            "roe_4q": -5.22,
            "gross_profit": 21839,
            "gross_margin": 10.47,
            "gross_margin_4q_avg": 15.08,
            "net_income": -12671,
            "net_income_4q": null,
            "revenue": 208637,
            "revenue_4q": null,
            "common_shares": 479468,
            "book_valuer_per_share": 10.19,
            "book_valuer_per_share_4q_avg": 10.44,
            "equity": 488549,
            "current_ratio": 174.81,
            "debt_ratio": 46.64,
            "inventory_turnover_ratio": 1.37,
            "account_receivable_turnover_ratio": 2.45,
            "reinvestment_rate": null,
            "research_to_sale_ratio": 2.89,
            "price_fair": 87.73,
            "eps_avg_yearly": 2.51,
            "eps_latest_yearly": 2.72,
            "eps_growth_yearly": 738.43
        },
        "20142": {
            "year_quarter": 20142,
            "year": 2014,
            "quarter": 2,
            "eps": -0.09,
            "eps_growth_year": null,
            "eps_4q": -0.59,
            "eps_4q_growth_year": null,
            "roe": -0.89,
            "roe_4q": -5.71,
            "gross_profit": 34390,
            "gross_margin": 14.59,
            "gross_margin_4q_avg": 14.99,
            "net_income": -4324,
            "net_income_4q": null,
            "revenue": 235743,
            "revenue_4q": null,
            "common_shares": 479468,
            "book_valuer_per_share": 9.98,
            "book_valuer_per_share_4q_avg": 10.27,
            "equity": 478347,
            "current_ratio": 160.07,
            "debt_ratio": 50.74,
            "inventory_turnover_ratio": 1.32,
            "account_receivable_turnover_ratio": 3.05,
            "reinvestment_rate": null,
            "research_to_sale_ratio": 3.35,
            "price_fair": 71.4,
            "eps_avg_yearly": 2.04,
            "eps_latest_yearly": 2.72,
            "eps_growth_yearly": 79.07
        },
        "20143": {
            "year_quarter": 20143,
            "year": 2014,
            "quarter": 3,
            "eps": 0.11,
            "eps_growth_year": null,
            "eps_4q": -0.46,
            "eps_4q_growth_year": null,
            "roe": 1.09,
            "roe_4q": -4.41,
            "gross_profit": 47529,
            "gross_margin": 15.38,
            "gross_margin_4q_avg": 14.41,
            "net_income": 5267,
            "net_income_4q": null,
            "revenue": 308932,
            "revenue_4q": null,
            "common_shares": 479468,
            "book_valuer_per_share": 10.22,
            "book_valuer_per_share_4q_avg": 10.2,
            "equity": 489850,
            "current_ratio": 156.23,
            "debt_ratio": 52.21,
            "inventory_turnover_ratio": 1.45,
            "account_receivable_turnover_ratio": 3,
            "reinvestment_rate": null,
            "research_to_sale_ratio": 3.1,
            "price_fair": 95.2,
            "eps_avg_yearly": 2.72,
            "eps_latest_yearly": 2.72,
            "eps_growth_yearly": 400
        },
        "20144": {
            "year_quarter": 20144,
            "year": 2014,
            "quarter": 4,
            "eps": -0.46,
            "eps_growth_year": null,
            "eps_4q": -0.71,
            "eps_4q_growth_year": null,
            "roe": -4.6,
            "roe_4q": -6.969999999999999,
            "gross_profit": 19166,
            "gross_margin": 7.08,
            "gross_margin_4q_avg": 11.88,
            "net_income": -22271,
            "net_income_4q": null,
            "revenue": 270562,
            "revenue_4q": null,
            "common_shares": 479468,
            "book_valuer_per_share": 9.98,
            "book_valuer_per_share_4q_avg": 10.09,
            "equity": 478746,
            "current_ratio": 162.08,
            "debt_ratio": 48.87,
            "inventory_turnover_ratio": 1.54,
            "account_receivable_turnover_ratio": 2.88,
            "reinvestment_rate": null,
            "research_to_sale_ratio": 2.75,
            "price_fair": 0,
            "eps_avg_yearly": 0,
            "eps_latest_yearly": 0,
            "eps_growth_yearly": 0
        },
        "20151": {
            "year_quarter": 20151,
            "year": 2015,
            "quarter": 1,
            "eps": -0.46,
            "eps_growth_year": null,
            "eps_4q": -0.9,
            "eps_4q_growth_year": null,
            "roe": -4.72,
            "roe_4q": -9.120000000000001,
            "gross_profit": 19967,
            "gross_margin": 10.74,
            "gross_margin_4q_avg": 11.95,
            "net_income": -21989,
            "net_income_4q": null,
            "revenue": 185861,
            "revenue_4q": null,
            "common_shares": 479468,
            "book_valuer_per_share": 9.47,
            "book_valuer_per_share_4q_avg": 9.91,
            "equity": 453879,
            "current_ratio": 156.61,
            "debt_ratio": 49.33,
            "inventory_turnover_ratio": 1.15,
            "account_receivable_turnover_ratio": 3.21,
            "reinvestment_rate": null,
            "research_to_sale_ratio": 4.01,
            "price_fair": 0,
            "eps_avg_yearly": 0,
            "eps_latest_yearly": 0,
            "eps_growth_yearly": 0
        },
        "20152": {
            "year_quarter": 20152,
            "year": 2015,
            "quarter": 2,
            "eps": -0.59,
            "eps_growth_year": null,
            "eps_4q": -1.4,
            "eps_4q_growth_year": null,
            "roe": -6.46,
            "roe_4q": -14.69,
            "gross_profit": 21219,
            "gross_margin": 10.43,
            "gross_margin_4q_avg": 10.91,
            "net_income": -28282,
            "net_income_4q": null,
            "revenue": 203409,
            "revenue_4q": null,
            "common_shares": 479468,
            "book_valuer_per_share": 8.8,
            "book_valuer_per_share_4q_avg": 9.62,
            "equity": 421898,
            "current_ratio": 143.41,
            "debt_ratio": 52.74,
            "inventory_turnover_ratio": 1.09,
            "account_receivable_turnover_ratio": 3.8,
            "reinvestment_rate": null,
            "research_to_sale_ratio": 3.12,
            "price_fair": 0,
            "eps_avg_yearly": 0,
            "eps_latest_yearly": 0,
            "eps_growth_yearly": 0
        },
        "20153": {
            "year_quarter": 20153,
            "year": 2015,
            "quarter": 3,
            "eps": 0.84,
            "eps_growth_year": 663.64,
            "eps_4q": -0.68,
            "eps_4q_growth_year": null,
            "roe": 8.95,
            "roe_4q": -6.83,
            "gross_profit": 72914,
            "gross_margin": 16.83,
            "gross_margin_4q_avg": 11.27,
            "net_income": 40100,
            "net_income_4q": null,
            "revenue": 433332,
            "revenue_4q": null,
            "common_shares": 479468,
            "book_valuer_per_share": 9.88,
            "book_valuer_per_share_4q_avg": 9.53,
            "equity": 473952,
            "current_ratio": 141.14,
            "debt_ratio": 57.68,
            "inventory_turnover_ratio": 1.78,
            "account_receivable_turnover_ratio": 2.67,
            "reinvestment_rate": null,
            "research_to_sale_ratio": 2.13,
            "price_fair": 0,
            "eps_avg_yearly": 0,
            "eps_latest_yearly": 0,
            "eps_growth_yearly": 0
        },
        "20154": {
            "year_quarter": 20154,
            "year": 2015,
            "quarter": 4,
            "eps": -0.19,
            "eps_growth_year": null,
            "eps_4q": -0.4,
            "eps_4q_growth_year": null,
            "roe": -1.94,
            "roe_4q": -4.17,
            "gross_profit": 51458,
            "gross_margin": 21.06,
            "gross_margin_4q_avg": 14.77,
            "net_income": -9069,
            "net_income_4q": null,
            "revenue": 244336,
            "revenue_4q": null,
            "common_shares": 479468,
            "book_valuer_per_share": 9.6,
            "book_valuer_per_share_4q_avg": 9.44,
            "equity": 460253,
            "current_ratio": 170.42,
            "debt_ratio": 46.98,
            "inventory_turnover_ratio": 1,
            "account_receivable_turnover_ratio": 1.64,
            "reinvestment_rate": null,
            "research_to_sale_ratio": 2.77,
            "price_fair": 0,
            "eps_avg_yearly": 0,
            "eps_latest_yearly": 0,
            "eps_growth_yearly": 0
        },
        "20161": {
            "year_quarter": 20161,
            "year": 2016,
            "quarter": 1,
            "eps": -0.02,
            "eps_growth_year": null,
            "eps_4q": 0.03,
            "eps_4q_growth_year": null,
            "roe": -0.24,
            "roe_4q": 0.3099999999999996,
            "gross_profit": 38067,
            "gross_margin": 20.26,
            "gross_margin_4q_avg": 17.15,
            "net_income": -1092,
            "net_income_4q": null,
            "revenue": 187935,
            "revenue_4q": null,
            "common_shares": 479468,
            "book_valuer_per_share": 9.48,
            "book_valuer_per_share_4q_avg": 9.44,
            "equity": 454488,
            "current_ratio": 159.62,
            "debt_ratio": 49.84,
            "inventory_turnover_ratio": 0.8,
            "account_receivable_turnover_ratio": 5.58,
            "reinvestment_rate": null,
            "research_to_sale_ratio": 3.47,
            "price_fair": 0,
            "eps_avg_yearly": 0,
            "eps_latest_yearly": 0,
            "eps_growth_yearly": 0
        },
        "20162": {
            "year_quarter": 20162,
            "year": 2016,
            "quarter": 2,
            "eps": 0.01,
            "eps_growth_year": null,
            "eps_4q": 0.63,
            "eps_4q_growth_year": null,
            "roe": 0.08,
            "roe_4q": 6.85,
            "gross_profit": 43069,
            "gross_margin": 20.52,
            "gross_margin_4q_avg": 19.67,
            "net_income": 373,
            "net_income_4q": null,
            "revenue": 209893,
            "revenue_4q": null,
            "common_shares": 479468,
            "book_valuer_per_share": 9.43,
            "book_valuer_per_share_4q_avg": 9.6,
            "equity": 452236,
            "current_ratio": 149.8,
            "debt_ratio": 54.69,
            "inventory_turnover_ratio": 0.64,
            "account_receivable_turnover_ratio": 5.73,
            "reinvestment_rate": null,
            "research_to_sale_ratio": 3.24,
            "price_fair": 0,
            "eps_avg_yearly": 0,
            "eps_latest_yearly": 0,
            "eps_growth_yearly": 0
        },
        "20163": {
            "year_quarter": 20163,
            "year": 2016,
            "quarter": 3,
            "eps": 0.45,
            "eps_growth_year": -46.43,
            "eps_4q": 0.24,
            "eps_4q_growth_year": null,
            "roe": 4.69,
            "roe_4q": 2.5900000000000003,
            "gross_profit": 80701,
            "gross_margin": 16.01,
            "gross_margin_4q_avg": 19.46,
            "net_income": 21496,
            "net_income_4q": null,
            "revenue": 504180,
            "revenue_4q": null,
            "common_shares": 479468,
            "book_valuer_per_share": 9.67,
            "book_valuer_per_share_4q_avg": 9.55,
            "equity": 463703,
            "current_ratio": 153.23,
            "debt_ratio": 55.45,
            "inventory_turnover_ratio": 1.79,
            "account_receivable_turnover_ratio": 7.87,
            "reinvestment_rate": null,
            "research_to_sale_ratio": 1.47,
            "price_fair": 63,
            "eps_avg_yearly": 1.8,
            "eps_latest_yearly": 1.8,
            "eps_growth_yearly": 17600
        },
        "20164": {
            "year_quarter": 20164,
            "year": 2016,
            "quarter": 4,
            "eps": -0.42,
            "eps_growth_year": null,
            "eps_4q": 0.02,
            "eps_4q_growth_year": null,
            "roe": -4.39,
            "roe_4q": 0.14000000000000073,
            "gross_profit": 30100,
            "gross_margin": 18.68,
            "gross_margin_4q_avg": 18.87,
            "net_income": -19986,
            "net_income_4q": null,
            "revenue": 161130,
            "revenue_4q": null,
            "common_shares": 479468,
            "book_valuer_per_share": 9.33,
            "book_valuer_per_share_4q_avg": 9.48,
            "equity": 447416,
            "current_ratio": 186.19,
            "debt_ratio": 44.44,
            "inventory_turnover_ratio": 0.85,
            "account_receivable_turnover_ratio": 2.74,
            "reinvestment_rate": null,
            "research_to_sale_ratio": 4.4,
            "price_fair": 63,
            "eps_avg_yearly": 1.8,
            "eps_latest_yearly": 1.8,
            "eps_growth_yearly": 17600
        },
        "20171": {
            "year_quarter": 20171,
            "year": 2017,
            "quarter": 1,
            "eps": -0.67,
            "eps_growth_year": null,
            "eps_4q": -0.63,
            "eps_4q_growth_year": -1930.78,
            "roe": -7.61,
            "roe_4q": -7.2299999999999995,
            "gross_profit": 3183,
            "gross_margin": 2.91,
            "gross_margin_4q_avg": 14.53,
            "net_income": -32219,
            "net_income_4q": null,
            "revenue": 109332,
            "revenue_4q": null,
            "common_shares": 479468,
            "book_valuer_per_share": 8.32,
            "book_valuer_per_share_4q_avg": 9.19,
            "equity": 399071,
            "current_ratio": 186.95,
            "debt_ratio": 42.73,
            "inventory_turnover_ratio": 0.81,
            "account_receivable_turnover_ratio": 5.19,
            "reinvestment_rate": null,
            "research_to_sale_ratio": 5.92,
            "price_fair": 63,
            "eps_avg_yearly": 1.8,
            "eps_latest_yearly": 1.8,
            "eps_growth_yearly": 17600
        },
        "20172": {
            "year_quarter": 20172,
            "year": 2017,
            "quarter": 2,
            "eps": -0.53,
            "eps_growth_year": -5400,
            "eps_4q": -1.17,
            "eps_4q_growth_year": -285.32,
            "roe": -6.58,
            "roe_4q": -13.89,
            "gross_profit": -1345,
            "gross_margin": -1.21,
            "gross_margin_4q_avg": 9.1,
            "net_income": -25464,
            "net_income_4q": null,
            "revenue": 111492,
            "revenue_4q": null,
            "common_shares": 479468,
            "book_valuer_per_share": 7.82,
            "book_valuer_per_share_4q_avg": 8.79,
            "equity": 374782,
            "current_ratio": 171.67,
            "debt_ratio": 45.37,
            "inventory_turnover_ratio": 0.99,
            "account_receivable_turnover_ratio": 4.04,
            "reinvestment_rate": null,
            "research_to_sale_ratio": 11.44,
            "price_fair": 63,
            "eps_avg_yearly": 1.8,
            "eps_latest_yearly": 1.8,
            "eps_growth_yearly": 17600
        },
        "20173": {
            "year_quarter": 20173,
            "year": 2017,
            "quarter": 3,
            "eps": 0.04,
            "eps_growth_year": -91.11,
            "eps_4q": -1.58,
            "eps_4q_growth_year": -747.73,
            "roe": 0.49,
            "roe_4q": -18.09,
            "gross_profit": 35771,
            "gross_margin": 14.56,
            "gross_margin_4q_avg": 8.74,
            "net_income": 1833,
            "net_income_4q": null,
            "revenue": 245678,
            "revenue_4q": null,
            "common_shares": 479468,
            "book_valuer_per_share": 7.86,
            "book_valuer_per_share_4q_avg": 8.33,
            "equity": 376883,
            "current_ratio": 142.89,
            "debt_ratio": 57.27,
            "inventory_turnover_ratio": 1.53,
            "account_receivable_turnover_ratio": 2.07,
            "reinvestment_rate": null,
            "research_to_sale_ratio": 6.1,
            "price_fair": 63,
            "eps_avg_yearly": 1.8,
            "eps_latest_yearly": 1.8,
            "eps_growth_yearly": 17600
        },
        "20174": {
            "year_quarter": 20174,
            "year": 2017,
            "quarter": 4,
            "eps": -0.2,
            "eps_growth_year": null,
            "eps_4q": -1.37,
            "eps_4q_growth_year": -8402.5,
            "roe": -2.65,
            "roe_4q": -16.35,
            "gross_profit": 30514,
            "gross_margin": 13.09,
            "gross_margin_4q_avg": 7.34,
            "net_income": -9821,
            "net_income_4q": null,
            "revenue": 233061,
            "revenue_4q": null,
            "common_shares": 479468,
            "book_valuer_per_share": 7.62,
            "book_valuer_per_share_4q_avg": 7.91,
            "equity": 365477,
            "current_ratio": 145.09,
            "debt_ratio": 56.01,
            "inventory_turnover_ratio": 1.38,
            "account_receivable_turnover_ratio": 1.48,
            "reinvestment_rate": null,
            "research_to_sale_ratio": 5.36,
            "price_fair": 63,
            "eps_avg_yearly": 1.8,
            "eps_latest_yearly": 1.8,
            "eps_growth_yearly": 17600
        },
        "20181": {
            "year_quarter": 20181,
            "year": 2018,
            "quarter": 1,
            "eps": -0.56,
            "eps_growth_year": null,
            "eps_4q": -1.26,
            "eps_4q_growth_year": null,
            "roe": -7.66,
            "roe_4q": -16.4,
            "gross_profit": 5026,
            "gross_margin": 3.04,
            "gross_margin_4q_avg": 7.37,
            "net_income": -26852,
            "net_income_4q": null,
            "revenue": 165514,
            "revenue_4q": null,
            "common_shares": 479468,
            "book_valuer_per_share": 6.99,
            "book_valuer_per_share_4q_avg": 7.57,
            "equity": 335289,
            "current_ratio": 143.65,
            "debt_ratio": 55.12,
            "inventory_turnover_ratio": 1.28,
            "account_receivable_turnover_ratio": 1.9,
            "reinvestment_rate": null,
            "research_to_sale_ratio": 5.91,
            "price_fair": 63,
            "eps_avg_yearly": 1.8,
            "eps_latest_yearly": 1.8,
            "eps_growth_yearly": 17600
        },
        "20182": {
            "year_quarter": 20182,
            "year": 2018,
            "quarter": 2,
            "eps": -0.58,
            "eps_growth_year": null,
            "eps_4q": -1.3,
            "eps_4q_growth_year": null,
            "roe": -8.48,
            "roe_4q": -18.3,
            "gross_profit": 2218,
            "gross_margin": 1.77,
            "gross_margin_4q_avg": 8.12,
            "net_income": -27592,
            "net_income_4q": null,
            "revenue": 125254,
            "revenue_4q": null,
            "common_shares": 479468,
            "book_valuer_per_share": 6.57,
            "book_valuer_per_share_4q_avg": 7.26,
            "equity": 315166,
            "current_ratio": 141.1,
            "debt_ratio": 55.94,
            "inventory_turnover_ratio": 0.76,
            "account_receivable_turnover_ratio": 1.69,
            "reinvestment_rate": null,
            "research_to_sale_ratio": 8.46,
            "price_fair": 63,
            "eps_avg_yearly": 1.8,
            "eps_latest_yearly": 1.8,
            "eps_growth_yearly": 17600
        },
        "20183": {
            "year_quarter": 20183,
            "year": 2018,
            "quarter": 3,
            "eps": 0.29,
            "eps_growth_year": 625,
            "eps_4q": -1.05,
            "eps_4q_growth_year": null,
            "roe": 4.3,
            "roe_4q": -14.49,
            "gross_profit": 53276,
            "gross_margin": 14.04,
            "gross_margin_4q_avg": 7.99,
            "net_income": 13826,
            "net_income_4q": null,
            "revenue": 379590,
            "revenue_4q": null,
            "common_shares": 479468,
            "book_valuer_per_share": 6.85,
            "book_valuer_per_share_4q_avg": 7.01,
            "equity": 328380,
            "current_ratio": 136.38,
            "debt_ratio": 63.19,
            "inventory_turnover_ratio": 1.74,
            "account_receivable_turnover_ratio": 2.94,
            "reinvestment_rate": null,
            "research_to_sale_ratio": 2.41,
            "price_fair": 63,
            "eps_avg_yearly": 1.8,
            "eps_latest_yearly": 1.8,
            "eps_growth_yearly": 17600
        },
        "20184": {
            "year_quarter": 20184,
            "year": 2018,
            "quarter": 4,
            "eps": -0.44,
            "eps_growth_year": null,
            "eps_4q": -1.29,
            "eps_4q_growth_year": null,
            "roe": -6.54,
            "roe_4q": -18.380000000000003,
            "gross_profit": 12654,
            "gross_margin": 11.24,
            "gross_margin_4q_avg": 7.52,
            "net_income": -21118,
            "net_income_4q": null,
            "revenue": 112573,
            "revenue_4q": null,
            "common_shares": 479468,
            "book_valuer_per_share": 6.61,
            "book_valuer_per_share_4q_avg": 6.76,
            "equity": 317101,
            "current_ratio": 138.09,
            "debt_ratio": 60.6,
            "inventory_turnover_ratio": 0.49,
            "account_receivable_turnover_ratio": 0.86,
            "reinvestment_rate": null,
            "research_to_sale_ratio": 13.44,
            "price_fair": 63,
            "eps_avg_yearly": 1.8,
            "eps_latest_yearly": 1.8,
            "eps_growth_yearly": 17600
        },
        "20191": {
            "year_quarter": 20191,
            "year": 2019,
            "quarter": 1,
            "eps": 0.18,
            "eps_growth_year": null,
            "eps_4q": -0.55,
            "eps_4q_growth_year": null,
            "roe": 2.65,
            "roe_4q": -8.07,
            "gross_profit": 39390,
            "gross_margin": 13.02,
            "gross_margin_4q_avg": 10.02,
            "net_income": 8517,
            "net_income_4q": null,
            "revenue": 302559,
            "revenue_4q": null,
            "common_shares": 479468,
            "book_valuer_per_share": 6.8,
            "book_valuer_per_share_4q_avg": 6.71,
            "equity": 326012,
            "current_ratio": 147.96,
            "debt_ratio": 62.43,
            "inventory_turnover_ratio": 1.58,
            "account_receivable_turnover_ratio": 3.14,
            "reinvestment_rate": null,
            "research_to_sale_ratio": 3.23,
            "price_fair": 63,
            "eps_avg_yearly": 1.8,
            "eps_latest_yearly": 1.8,
            "eps_growth_yearly": 17600
        },
        "20192": {
            "year_quarter": 20192,
            "year": 2019,
            "quarter": 2,
            "eps": -0.24,
            "eps_growth_year": null,
            "eps_4q": -0.21,
            "eps_4q_growth_year": null,
            "roe": -3.53,
            "roe_4q": -3.12,
            "gross_profit": 14113,
            "gross_margin": 11.92,
            "gross_margin_4q_avg": 12.56,
            "net_income": -11349,
            "net_income_4q": null,
            "revenue": 118447,
            "revenue_4q": null,
            "common_shares": 479468,
            "book_valuer_per_share": 6.61,
            "book_valuer_per_share_4q_avg": 6.72,
            "equity": 316900,
            "current_ratio": 176.87,
            "debt_ratio": 65.9,
            "inventory_turnover_ratio": 1.22,
            "account_receivable_turnover_ratio": 1.16,
            "reinvestment_rate": null,
            "research_to_sale_ratio": 10.76,
            "price_fair": 63,
            "eps_avg_yearly": 1.8,
            "eps_latest_yearly": 1.8,
            "eps_growth_yearly": 17600
        },
        "20193": {
            "year_quarter": 20193,
            "year": 2019,
            "quarter": 3,
            "eps": -0.31,
            "eps_growth_year": -206.9,
            "eps_4q": -0.81,
            "eps_4q_growth_year": null,
            "roe": -4.76,
            "roe_4q": -12.18,
            "gross_profit": 16227,
            "gross_margin": 13.79,
            "gross_margin_4q_avg": 12.49,
            "net_income": -14723,
            "net_income_4q": null,
            "revenue": 117706,
            "revenue_4q": null,
            "common_shares": 479468,
            "book_valuer_per_share": 6.3,
            "book_valuer_per_share_4q_avg": 6.58,
            "equity": 302122,
            "current_ratio": 181.8,
            "debt_ratio": 65.36,
            "inventory_turnover_ratio": 1.34,
            "account_receivable_turnover_ratio": 1,
            "reinvestment_rate": null,
            "research_to_sale_ratio": 10.76,
            "price_fair": 63,
            "eps_avg_yearly": 1.8,
            "eps_latest_yearly": 1.8,
            "eps_growth_yearly": 17600
        },
        "20194": {
            "year_quarter": 20194,
            "year": 2019,
            "quarter": 4,
            "eps": -0.68,
            "eps_growth_year": null,
            "eps_4q": -1.05,
            "eps_4q_growth_year": null,
            "roe": -11.57,
            "roe_4q": -17.21,
            "gross_profit": 13657,
            "gross_margin": 18.82,
            "gross_margin_4q_avg": 14.39,
            "net_income": -32838,
            "net_income_4q": null,
            "revenue": 72567,
            "revenue_4q": null,
            "common_shares": 479468,
            "book_valuer_per_share": 5.54,
            "book_valuer_per_share_4q_avg": 6.31,
            "equity": 265570,
            "current_ratio": 173.64,
            "debt_ratio": 67.55,
            "inventory_turnover_ratio": 0.9,
            "account_receivable_turnover_ratio": 0.74,
            "reinvestment_rate": null,
            "research_to_sale_ratio": 15.47,
            "price_fair": 63,
            "eps_avg_yearly": 1.8,
            "eps_latest_yearly": 1.8,
            "eps_growth_yearly": 17600
        },
        "20201": {
            "year_quarter": 20201,
            "year": 2020,
            "quarter": 1,
            "eps": -0.43,
            "eps_growth_year": -338.89,
            "eps_4q": -1.66,
            "eps_4q_growth_year": null,
            "roe": -8.04,
            "roe_4q": -27.9,
            "gross_profit": 108,
            "gross_margin": 0.16,
            "gross_margin_4q_avg": 11.17,
            "net_income": -20639,
            "net_income_4q": null,
            "revenue": 65517,
            "revenue_4q": null,
            "common_shares": 479468,
            "book_valuer_per_share": 5.17,
            "book_valuer_per_share_4q_avg": 5.91,
            "equity": 247727,
            "current_ratio": 172.7,
            "debt_ratio": 68.39,
            "inventory_turnover_ratio": 1.22,
            "account_receivable_turnover_ratio": 1.05,
            "reinvestment_rate": null,
            "research_to_sale_ratio": 11.53,
            "price_fair": 63,
            "eps_avg_yearly": 1.8,
            "eps_latest_yearly": 1.8,
            "eps_growth_yearly": 17600
        },
        "20202": {
            "year_quarter": 20202,
            "year": 2020,
            "quarter": 2,
            "eps": -0.68,
            "eps_growth_year": null,
            "eps_4q": -2.1,
            "eps_4q_growth_year": null,
            "roe": -14.11,
            "roe_4q": -38.48,
            "gross_profit": -1664,
            "gross_margin": -2.87,
            "gross_margin_4q_avg": 7.48,
            "net_income": -32503,
            "net_income_4q": null,
            "revenue": 57986,
            "revenue_4q": null,
            "common_shares": 479468,
            "book_valuer_per_share": 4.44,
            "book_valuer_per_share_4q_avg": 5.36,
            "equity": 213097,
            "current_ratio": 159.82,
            "debt_ratio": 71.73,
            "inventory_turnover_ratio": 1.36,
            "account_receivable_turnover_ratio": 0.98,
            "reinvestment_rate": null,
            "research_to_sale_ratio": 15.97,
            "price_fair": 63,
            "eps_avg_yearly": 1.8,
            "eps_latest_yearly": 1.8,
            "eps_growth_yearly": 17600
        },
        "20203": {
            "year_quarter": 20203,
            "year": 2020,
            "quarter": 3,
            "eps": 0.12,
            "eps_growth_year": null,
            "eps_4q": -1.68,
            "eps_4q_growth_year": null,
            "roe": 2.6,
            "roe_4q": -31.119999999999997,
            "gross_profit": 27585,
            "gross_margin": 18.38,
            "gross_margin_4q_avg": 8.62,
            "net_income": 5551,
            "net_income_4q": null,
            "revenue": 150084,
            "revenue_4q": null,
            "common_shares": 479468,
            "book_valuer_per_share": 4.47,
            "book_valuer_per_share_4q_avg": 4.91,
            "equity": 214158,
            "current_ratio": 150.01,
            "debt_ratio": 74.26,
            "inventory_turnover_ratio": 2.51,
            "account_receivable_turnover_ratio": 1.6,
            "reinvestment_rate": null,
            "research_to_sale_ratio": 6.26,
            "price_fair": 0,
            "eps_avg_yearly": 0,
            "eps_latest_yearly": 0,
            "eps_growth_yearly": 0
        },
        "20204": {
            "year_quarter": 20204,
            "year": 2020,
            "quarter": 4,
            "eps": -0.07,
            "eps_growth_year": null,
            "eps_4q": -1.06,
            "eps_4q_growth_year": null,
            "roe": -1.51,
            "roe_4q": -21.06,
            "gross_profit": 31651,
            "gross_margin": 25.54,
            "gross_margin_4q_avg": 10.3,
            "net_income": -3177,
            "net_income_4q": null,
            "revenue": 123938,
            "revenue_4q": null,
            "common_shares": 479468,
            "book_valuer_per_share": 4.3,
            "book_valuer_per_share_4q_avg": 4.6,
            "equity": 206010,
            "current_ratio": 151.83,
            "debt_ratio": 74.72,
            "inventory_turnover_ratio": 1.67,
            "account_receivable_turnover_ratio": 1.1,
            "reinvestment_rate": null,
            "research_to_sale_ratio": 8.8,
            "price_fair": 0,
            "eps_avg_yearly": 0,
            "eps_latest_yearly": 0,
            "eps_growth_yearly": 0
        },
        "20211": {
            "year_quarter": 20211,
            "year": 2021,
            "quarter": 1,
            "eps": -0.25,
            "eps_growth_year": null,
            "eps_4q": -0.87,
            "eps_4q_growth_year": null,
            "roe": -5.88,
            "roe_4q": -18.9,
            "gross_profit": 5588,
            "gross_margin": 9.85,
            "gross_margin_4q_avg": 12.73,
            "net_income": -11777,
            "net_income_4q": null,
            "revenue": 56719,
            "revenue_4q": null,
            "common_shares": 479468,
            "book_valuer_per_share": 4.06,
            "book_valuer_per_share_4q_avg": 4.32,
            "equity": 194654,
            "current_ratio": 155.35,
            "debt_ratio": 74.55,
            "inventory_turnover_ratio": 0.82,
            "account_receivable_turnover_ratio": 0.74,
            "reinvestment_rate": null,
            "research_to_sale_ratio": 18.18,
            "price_fair": 0,
            "eps_avg_yearly": 0,
            "eps_latest_yearly": 0,
            "eps_growth_yearly": 0
        },
        "20212": {
            "year_quarter": 20212,
            "year": 2021,
            "quarter": 2,
            "eps": -0.36,
            "eps_growth_year": null,
            "eps_4q": -0.56,
            "eps_4q_growth_year": null,
            "roe": -9.5,
            "roe_4q": -14.290000000000001,
            "gross_profit": 7580,
            "gross_margin": 7.4,
            "gross_margin_4q_avg": 15.29,
            "net_income": -17522,
            "net_income_4q": null,
            "revenue": 102389,
            "revenue_4q": null,
            "common_shares": 479468,
            "book_valuer_per_share": 3.63,
            "book_valuer_per_share_4q_avg": 4.12,
            "equity": 174143,
            "current_ratio": 137.93,
            "debt_ratio": 79.11,
            "inventory_turnover_ratio": 0.97,
            "account_receivable_turnover_ratio": 1.31,
            "reinvestment_rate": null,
            "research_to_sale_ratio": 11.31,
            "price_fair": 0,
            "eps_avg_yearly": 0,
            "eps_latest_yearly": 0,
            "eps_growth_yearly": 0
        },
        "20213": {
            "year_quarter": 20213,
            "year": 2021,
            "quarter": 3,
            "eps": 0.07,
            "eps_growth_year": -41.67,
            "eps_4q": -0.6,
            "eps_4q_growth_year": null,
            "roe": 2.05,
            "roe_4q": -14.84,
            "gross_profit": 21942,
            "gross_margin": 13.53,
            "gross_margin_4q_avg": 14.08,
            "net_income": 3599,
            "net_income_4q": null,
            "revenue": 162163,
            "revenue_4q": null,
            "common_shares": 479468,
            "book_valuer_per_share": 3.7,
            "book_valuer_per_share_4q_avg": 3.92,
            "equity": 177260,
            "current_ratio": 133.57,
            "debt_ratio": 80.51,
            "inventory_turnover_ratio": 0.91,
            "account_receivable_turnover_ratio": 1.23,
            "reinvestment_rate": null,
            "research_to_sale_ratio": 7.08,
            "price_fair": 0,
            "eps_avg_yearly": 0,
            "eps_latest_yearly": 0,
            "eps_growth_yearly": 0
        },
        "20214": {
            "year_quarter": 20214,
            "year": 2021,
            "quarter": 4,
            "eps": 0.15,
            "eps_growth_year": null,
            "eps_4q": -0.39,
            "eps_4q_growth_year": null,
            "roe": 4,
            "roe_4q": -9.33,
            "gross_profit": 31120,
            "gross_margin": 13.59,
            "gross_margin_4q_avg": 11.09,
            "net_income": 7205,
            "net_income_4q": null,
            "revenue": 228930,
            "revenue_4q": null,
            "common_shares": 479468,
            "book_valuer_per_share": 3.81,
            "book_valuer_per_share_4q_avg": 3.8,
            "equity": 182903,
            "current_ratio": 143.38,
            "debt_ratio": 78.02,
            "inventory_turnover_ratio": 1.73,
            "account_receivable_turnover_ratio": 1.08,
            "reinvestment_rate": null,
            "research_to_sale_ratio": 5.06,
            "price_fair": 21,
            "eps_avg_yearly": 0.6,
            "eps_latest_yearly": 0.6,
            "eps_growth_yearly": 457.14
        },
        "20221": {
            "year_quarter": 20221,
            "year": 2022,
            "quarter": 1,
            "eps": 0.03,
            "eps_growth_year": null,
            "eps_4q": -0.11,
            "eps_4q_growth_year": null,
            "roe": 0.89,
            "roe_4q": -2.5600000000000005,
            "gross_profit": -1979,
            "gross_margin": -7.64,
            "gross_margin_4q_avg": 6.72,
            "net_income": 1646,
            "net_income_4q": null,
            "revenue": 25901,
            "revenue_4q": null,
            "common_shares": 479468,
            "book_valuer_per_share": 3.89,
            "book_valuer_per_share_4q_avg": 3.76,
            "equity": 186347,
            "current_ratio": 168.45,
            "debt_ratio": 74.12,
            "inventory_turnover_ratio": 0.61,
            "account_receivable_turnover_ratio": 0.15,
            "reinvestment_rate": null,
            "research_to_sale_ratio": 21.15,
            "price_fair": 12.6,
            "eps_avg_yearly": 0.36,
            "eps_latest_yearly": 0.12,
            "eps_growth_yearly": 68.57
        },
        "20222": {
            "year_quarter": 20222,
            "year": 2022,
            "quarter": 2,
            "eps": -0.13,
            "eps_growth_year": null,
            "eps_4q": 0.13,
            "eps_4q_growth_year": null,
            "roe": -3.41,
            "roe_4q": 3.53,
            "gross_profit": -639,
            "gross_margin": -1.5,
            "gross_margin_4q_avg": 4.5,
            "net_income": -6375,
            "net_income_4q": null,
            "revenue": 42663,
            "revenue_4q": null,
            "common_shares": 479468,
            "book_valuer_per_share": 3.9,
            "book_valuer_per_share_4q_avg": 3.83,
            "equity": 187080,
            "current_ratio": 163.1,
            "debt_ratio": 74.78,
            "inventory_turnover_ratio": 0.9,
            "account_receivable_turnover_ratio": 0.61,
            "reinvestment_rate": null,
            "research_to_sale_ratio": 19.19,
            "price_fair": 12.6,
            "eps_avg_yearly": 0.36,
            "eps_latest_yearly": 0.12,
            "eps_growth_yearly": 68.57
        },
        "20223": {
            "year_quarter": 20223,
            "year": 2022,
            "quarter": 3,
            "eps": 0.37,
            "eps_growth_year": 428.57,
            "eps_4q": 0.42,
            "eps_4q_growth_year": null,
            "roe": 8.7,
            "roe_4q": 10.18,
            "gross_profit": 2176,
            "gross_margin": 3.75,
            "gross_margin_4q_avg": 2.05,
            "net_income": 17500,
            "net_income_4q": null,
            "revenue": 57989,
            "revenue_4q": null,
            "common_shares": 479468,
            "book_valuer_per_share": 4.48,
            "book_valuer_per_share_4q_avg": 4.02,
            "equity": 215041,
            "current_ratio": 170.94,
            "debt_ratio": 72.52,
            "inventory_turnover_ratio": 1.28,
            "account_receivable_turnover_ratio": 1.09,
            "reinvestment_rate": null,
            "research_to_sale_ratio": 11.17,
            "price_fair": 12.6,
            "eps_avg_yearly": 0.36,
            "eps_latest_yearly": 0.12,
            "eps_growth_yearly": 68.57
        },
        "20224": {
            "year_quarter": 20224,
            "year": 2022,
            "quarter": 4,
            "eps": -0.19,
            "eps_growth_year": -224.11,
            "eps_4q": 0.08,
            "eps_4q_growth_year": null,
            "roe": -4.27,
            "roe_4q": 1.9099999999999997,
            "gross_profit": 14153,
            "gross_margin": 29.93,
            "gross_margin_4q_avg": 6.14,
            "net_income": -8942,
            "net_income_4q": null,
            "revenue": 47288,
            "revenue_4q": null,
            "common_shares": 479468,
            "book_valuer_per_share": 4.25,
            "book_valuer_per_share_4q_avg": 4.13,
            "equity": 203901,
            "current_ratio": 174.81,
            "debt_ratio": 72.36,
            "inventory_turnover_ratio": 1,
            "account_receivable_turnover_ratio": 1.02,
            "reinvestment_rate": null,
            "research_to_sale_ratio": 18.59,
            "price_fair": 12.6,
            "eps_avg_yearly": 0.36,
            "eps_latest_yearly": 0.12,
            "eps_growth_yearly": 68.57
        },
        "20231": {
            "year_quarter": 20231,
            "year": 2023,
            "quarter": 1,
            "eps": -0.22,
            "eps_growth_year": -833.33,
            "eps_4q": -0.18,
            "eps_4q_growth_year": null,
            "roe": -5.37,
            "roe_4q": -4.350000000000001,
            "gross_profit": 601,
            "gross_margin": 2,
            "gross_margin_4q_avg": 8.55,
            "net_income": -10579,
            "net_income_4q": null,
            "revenue": 30113,
            "revenue_4q": null,
            "common_shares": 479468,
            "book_valuer_per_share": 3.97,
            "book_valuer_per_share_4q_avg": 4.15,
            "equity": 190394,
            "current_ratio": 177.71,
            "debt_ratio": 72.92,
            "inventory_turnover_ratio": 1.26,
            "account_receivable_turnover_ratio": 0.89,
            "reinvestment_rate": null,
            "research_to_sale_ratio": 18.56,
            "price_fair": 12.6,
            "eps_avg_yearly": 0.36,
            "eps_latest_yearly": 0.12,
            "eps_growth_yearly": 68.57
        },
        "20232": {
            "year_quarter": 20232,
            "year": 2023,
            "quarter": 2,
            "eps": -0.23,
            "eps_growth_year": null,
            "eps_4q": -0.27,
            "eps_4q_growth_year": -313.28,
            "roe": -5.8,
            "roe_4q": -6.74,
            "gross_profit": 3537,
            "gross_margin": 19.33,
            "gross_margin_4q_avg": 13.75,
            "net_income": -10936,
            "net_income_4q": null,
            "revenue": 18294,
            "revenue_4q": null,
            "common_shares": 479468,
            "book_valuer_per_share": 3.89,
            "book_valuer_per_share_4q_avg": 4.15,
            "equity": 186420,
            "current_ratio": 184.49,
            "debt_ratio": 72.04,
            "inventory_turnover_ratio": 1,
            "account_receivable_turnover_ratio": 0.86,
            "reinvestment_rate": null,
            "research_to_sale_ratio": 34,
            "price_fair": 12.6,
            "eps_avg_yearly": 0.36,
            "eps_latest_yearly": 0.12,
            "eps_growth_yearly": 68.57
        },
        "20233": {
            "year_quarter": 20233,
            "year": 2023,
            "quarter": 3,
            "eps": -0.23,
            "eps_growth_year": -162.16,
            "eps_4q": -0.87,
            "eps_4q_growth_year": -307.71,
            "roe": -6.05,
            "roe_4q": -21.49,
            "gross_profit": 553,
            "gross_margin": 3.15,
            "gross_margin_4q_avg": 13.6,
            "net_income": -11036,
            "net_income_4q": null,
            "revenue": 17551,
            "revenue_4q": null,
            "common_shares": 479468,
            "book_valuer_per_share": 3.72,
            "book_valuer_per_share_4q_avg": 3.96,
            "equity": 178457,
            "current_ratio": 178.88,
            "debt_ratio": 73.58,
            "inventory_turnover_ratio": 1.28,
            "account_receivable_turnover_ratio": 0.86,
            "reinvestment_rate": null,
            "research_to_sale_ratio": 35.67,
            "price_fair": 12.6,
            "eps_avg_yearly": 0.36,
            "eps_latest_yearly": 0.12,
            "eps_growth_yearly": 68.57
        },
        "20234": {
            "year_quarter": 20234,
            "year": 2023,
            "quarter": 4,
            "eps": -0.1,
            "eps_growth_year": null,
            "eps_4q": -0.78,
            "eps_4q_growth_year": -1079.19,
            "roe": -2.85,
            "roe_4q": -20.07,
            "gross_profit": 10066,
            "gross_margin": 31.31,
            "gross_margin_4q_avg": 13.95,
            "net_income": -4942,
            "net_income_4q": null,
            "revenue": 32152,
            "revenue_4q": null,
            "common_shares": 479468,
            "book_valuer_per_share": 3.51,
            "book_valuer_per_share_4q_avg": 3.77,
            "equity": 168330,
            "current_ratio": 170.65,
            "debt_ratio": 74.59,
            "inventory_turnover_ratio": 1.38,
            "account_receivable_turnover_ratio": 1.23,
            "reinvestment_rate": null,
            "research_to_sale_ratio": 16.63,
            "price_fair": 12.6,
            "eps_avg_yearly": 0.36,
            "eps_latest_yearly": 0.12,
            "eps_growth_yearly": 68.57
        }
    },
    "months": {
        "2001-06": {
            "month": "2001-06",
            "price": "12.95",
            "revenue": 102584
        },
        "2001-07": {
            "month": "2001-07",
            "price": "11.21",
            "revenue": 120206
        },
        "2001-08": {
            "month": "2001-08",
            "price": "10.61",
            "revenue": 111417
        },
        "2001-09": {
            "month": "2001-09",
            "price": "9.85",
            "revenue": 91119
        },
        "2001-10": {
            "month": "2001-10",
            "price": "10.45",
            "revenue": 110711
        },
        "2001-11": {
            "month": "2001-11",
            "price": "9.84",
            "revenue": 111271
        },
        "2001-12": {
            "month": "2001-12",
            "price": "10.71",
            "revenue": 121729
        },
        "2002-01": {
            "month": "2002-01",
            "price": "10.41",
            "revenue": 168588
        },
        "2002-02": {
            "month": "2002-02",
            "price": "10.06",
            "revenue": 64265
        },
        "2002-03": {
            "month": "2002-03",
            "price": "9.84",
            "revenue": 120722
        },
        "2002-04": {
            "month": "2002-04",
            "price": "11.78",
            "revenue": 87189
        },
        "2002-05": {
            "month": "2002-05",
            "price": "11.07",
            "revenue": 96666
        },
        "2002-06": {
            "month": "2002-06",
            "price": "11.96",
            "revenue": 116259
        },
        "2002-07": {
            "month": "2002-07",
            "price": "16.62",
            "revenue": 105675
        },
        "2002-08": {
            "month": "2002-08",
            "price": "14.81",
            "revenue": 124744
        },
        "2002-09": {
            "month": "2002-09",
            "price": "11.17",
            "revenue": 157512
        },
        "2002-10": {
            "month": "2002-10",
            "price": "10.42",
            "revenue": 155553
        },
        "2002-11": {
            "month": "2002-11",
            "price": "10.32",
            "revenue": 108559
        },
        "2002-12": {
            "month": "2002-12",
            "price": "11.04",
            "revenue": 85012
        },
        "2003-01": {
            "month": "2003-01",
            "price": "10.74",
            "revenue": 89838
        },
        "2003-02": {
            "month": "2003-02",
            "price": "10.49",
            "revenue": 39633
        },
        "2003-03": {
            "month": "2003-03",
            "price": "10.28",
            "revenue": 104942
        },
        "2003-04": {
            "month": "2003-04",
            "price": "9.96",
            "revenue": 90394
        },
        "2003-05": {
            "month": "2003-05",
            "price": "8.86",
            "revenue": 111960
        },
        "2003-06": {
            "month": "2003-06",
            "price": "9.96",
            "revenue": 127886
        },
        "2003-07": {
            "month": "2003-07",
            "price": "9.44",
            "revenue": 122347
        },
        "2003-08": {
            "month": "2003-08",
            "price": "8.61",
            "revenue": 82787
        },
        "2003-09": {
            "month": "2003-09",
            "price": "7.94",
            "revenue": 125136
        },
        "2003-10": {
            "month": "2003-10",
            "price": "7.53",
            "revenue": 112644
        },
        "2003-11": {
            "month": "2003-11",
            "price": "7.66",
            "revenue": 80541
        },
        "2003-12": {
            "month": "2003-12",
            "price": "7.90",
            "revenue": 114421
        },
        "2004-01": {
            "month": "2004-01",
            "price": "8.72",
            "revenue": 76720
        },
        "2004-02": {
            "month": "2004-02",
            "price": "9.37",
            "revenue": 74993
        },
        "2004-03": {
            "month": "2004-03",
            "price": "8.85",
            "revenue": 148137
        },
        "2004-04": {
            "month": "2004-04",
            "price": "8.66",
            "revenue": 113218
        },
        "2004-05": {
            "month": "2004-05",
            "price": "7.52",
            "revenue": 92623
        },
        "2004-06": {
            "month": "2004-06",
            "price": "7.52",
            "revenue": 129992
        },
        "2004-07": {
            "month": "2004-07",
            "price": "7.03",
            "revenue": 84106
        },
        "2004-08": {
            "month": "2004-08",
            "price": "6.12",
            "revenue": 116338
        },
        "2004-09": {
            "month": "2004-09",
            "price": "5.67",
            "revenue": 119938
        },
        "2004-10": {
            "month": "2004-10",
            "price": "5.81",
            "revenue": 124283
        },
        "2004-11": {
            "month": "2004-11",
            "price": "5.35",
            "revenue": 104901
        },
        "2004-12": {
            "month": "2004-12",
            "price": "5.07",
            "revenue": 142837
        },
        "2005-01": {
            "month": "2005-01",
            "price": "5.97",
            "revenue": 97141
        },
        "2005-02": {
            "month": "2005-02",
            "price": "6.00",
            "revenue": 64937
        },
        "2005-03": {
            "month": "2005-03",
            "price": "6.72",
            "revenue": 117525
        },
        "2005-04": {
            "month": "2005-04",
            "price": "8.04",
            "revenue": 127612
        },
        "2005-05": {
            "month": "2005-05",
            "price": "7.81",
            "revenue": 87904
        },
        "2005-06": {
            "month": "2005-06",
            "price": "8.11",
            "revenue": 69479
        },
        "2005-07": {
            "month": "2005-07",
            "price": "8.17",
            "revenue": 94817
        },
        "2005-08": {
            "month": "2005-08",
            "price": "8.12",
            "revenue": 140777
        },
        "2005-09": {
            "month": "2005-09",
            "price": "5.62",
            "revenue": 128033
        },
        "2005-10": {
            "month": "2005-10",
            "price": "5.96",
            "revenue": 116356
        },
        "2005-11": {
            "month": "2005-11",
            "price": "6.06",
            "revenue": 94751
        },
        "2005-12": {
            "month": "2005-12",
            "price": "6.39",
            "revenue": 118672
        },
        "2006-01": {
            "month": "2006-01",
            "price": "6.53",
            "revenue": 106346
        },
        "2006-02": {
            "month": "2006-02",
            "price": "6.34",
            "revenue": 60294
        },
        "2006-03": {
            "month": "2006-03",
            "price": "7.19",
            "revenue": 108004
        },
        "2006-04": {
            "month": "2006-04",
            "price": "8.49",
            "revenue": 115975
        },
        "2006-05": {
            "month": "2006-05",
            "price": "9.05",
            "revenue": 66123
        },
        "2006-06": {
            "month": "2006-06",
            "price": "9.04",
            "revenue": 70203
        },
        "2006-07": {
            "month": "2006-07",
            "price": "6.97",
            "revenue": 96685
        },
        "2006-08": {
            "month": "2006-08",
            "price": "6.55",
            "revenue": 101254
        },
        "2006-09": {
            "month": "2006-09",
            "price": "6.54",
            "revenue": 102614
        },
        "2006-10": {
            "month": "2006-10",
            "price": "7.27",
            "revenue": 80386
        },
        "2006-11": {
            "month": "2006-11",
            "price": "7.35",
            "revenue": 88399
        },
        "2006-12": {
            "month": "2006-12",
            "price": "7.32",
            "revenue": 95840
        },
        "2007-01": {
            "month": "2007-01",
            "price": "7.10",
            "revenue": 105550
        },
        "2007-02": {
            "month": "2007-02",
            "price": "7.72",
            "revenue": 62290
        },
        "2007-03": {
            "month": "2007-03",
            "price": "7.73",
            "revenue": 91816
        },
        "2007-04": {
            "month": "2007-04",
            "price": "7.18",
            "revenue": 125356
        },
        "2007-05": {
            "month": "2007-05",
            "price": "7.03",
            "revenue": 124231
        },
        "2007-06": {
            "month": "2007-06",
            "price": "7.05",
            "revenue": 85186
        },
        "2007-07": {
            "month": "2007-07",
            "price": "7.90",
            "revenue": 151697
        },
        "2007-08": {
            "month": "2007-08",
            "price": "7.75",
            "revenue": 171410
        },
        "2007-09": {
            "month": "2007-09",
            "price": "7.21",
            "revenue": 189739
        },
        "2007-10": {
            "month": "2007-10",
            "price": "6.91",
            "revenue": 131973
        },
        "2007-11": {
            "month": "2007-11",
            "price": "6.47",
            "revenue": 129350
        },
        "2007-12": {
            "month": "2007-12",
            "price": "5.84",
            "revenue": 141976
        },
        "2008-01": {
            "month": "2008-01",
            "price": "4.73",
            "revenue": 97560
        },
        "2008-02": {
            "month": "2008-02",
            "price": "4.46",
            "revenue": 86738
        },
        "2008-03": {
            "month": "2008-03",
            "price": "4.48",
            "revenue": 174604
        },
        "2008-04": {
            "month": "2008-04",
            "price": "4.96",
            "revenue": 166946
        },
        "2008-05": {
            "month": "2008-05",
            "price": "5.12",
            "revenue": 184991
        },
        "2008-06": {
            "month": "2008-06",
            "price": "5.90",
            "revenue": 134804
        },
        "2008-07": {
            "month": "2008-07",
            "price": "6.16",
            "revenue": 177456
        },
        "2008-08": {
            "month": "2008-08",
            "price": "6.52",
            "revenue": 216972
        },
        "2008-09": {
            "month": "2008-09",
            "price": "7.52",
            "revenue": 231486
        },
        "2008-10": {
            "month": "2008-10",
            "price": "8.30",
            "revenue": 204341
        },
        "2008-11": {
            "month": "2008-11",
            "price": "12.17",
            "revenue": 137581
        },
        "2008-12": {
            "month": "2008-12",
            "price": "10.33",
            "revenue": 68953
        },
        "2009-01": {
            "month": "2009-01",
            "price": "9.21",
            "revenue": 85749
        },
        "2009-02": {
            "month": "2009-02",
            "price": "9.63",
            "revenue": 42145
        },
        "2009-03": {
            "month": "2009-03",
            "price": "14.18",
            "revenue": 69941
        },
        "2009-04": {
            "month": "2009-04",
            "price": "15.77",
            "revenue": 79749
        },
        "2009-05": {
            "month": "2009-05",
            "price": "16.78",
            "revenue": 105496
        },
        "2009-06": {
            "month": "2009-06",
            "price": "17.25",
            "revenue": 96524
        },
        "2009-07": {
            "month": "2009-07",
            "price": "14.28",
            "revenue": 98133
        },
        "2009-08": {
            "month": "2009-08",
            "price": "14.16",
            "revenue": 111849
        },
        "2009-09": {
            "month": "2009-09",
            "price": "17.79",
            "revenue": 120766
        },
        "2009-10": {
            "month": "2009-10",
            "price": "17.83",
            "revenue": 79870
        },
        "2009-11": {
            "month": "2009-11",
            "price": "20.31",
            "revenue": 96660
        },
        "2009-12": {
            "month": "2009-12",
            "price": "20.59",
            "revenue": 103630
        },
        "2010-01": {
            "month": "2010-01",
            "price": "22.16",
            "revenue": 90768
        },
        "2010-02": {
            "month": "2010-02",
            "price": "21.11",
            "revenue": 65019
        },
        "2010-03": {
            "month": "2010-03",
            "price": "23.02",
            "revenue": 86861
        },
        "2010-04": {
            "month": "2010-04",
            "price": "29.25",
            "revenue": 91245
        },
        "2010-05": {
            "month": "2010-05",
            "price": "27.30",
            "revenue": 89846
        },
        "2010-06": {
            "month": "2010-06",
            "price": "29.45",
            "revenue": 80725
        },
        "2010-07": {
            "month": "2010-07",
            "price": "74.36",
            "revenue": 125857
        },
        "2010-08": {
            "month": "2010-08",
            "price": "197.62",
            "revenue": 109251
        },
        "2011-01": {
            "month": "2011-01",
            "price": "70.80",
            "revenue": 128010
        },
        "2011-02": {
            "month": "2011-02",
            "price": "39.58",
            "revenue": 40563
        },
        "2011-03": {
            "month": "2011-03",
            "price": "37.48",
            "revenue": 63718
        },
        "2011-04": {
            "month": "2011-04",
            "price": "30.83",
            "revenue": 104238
        },
        "2011-05": {
            "month": "2011-05",
            "price": "33.81",
            "revenue": 72236
        },
        "2011-06": {
            "month": "2011-06",
            "price": "26.50",
            "revenue": 60074
        },
        "2011-07": {
            "month": "2011-07",
            "price": "30.21",
            "revenue": 111082
        },
        "2011-08": {
            "month": "2011-08",
            "price": "24.50",
            "revenue": 90510
        },
        "2011-09": {
            "month": "2011-09",
            "price": "20.64",
            "revenue": 108109
        },
        "2011-10": {
            "month": "2011-10",
            "price": "19.60",
            "revenue": 140638
        },
        "2011-11": {
            "month": "2011-11",
            "price": "17.14",
            "revenue": 75050
        },
        "2011-12": {
            "month": "2011-12",
            "price": "14.47",
            "revenue": 64198
        },
        "2012-01": {
            "month": "2012-01",
            "price": "13.63",
            "revenue": 99119
        },
        "2012-02": {
            "month": "2012-02",
            "price": "16.12",
            "revenue": 73269
        },
        "2012-03": {
            "month": "2012-03",
            "price": "14.70",
            "revenue": 59150
        },
        "2012-04": {
            "month": "2012-04",
            "price": "12.89",
            "revenue": 125864
        },
        "2012-05": {
            "month": "2012-05",
            "price": "11.89",
            "revenue": 85580
        },
        "2012-06": {
            "month": "2012-06",
            "price": "10.98",
            "revenue": 80586
        },
        "2012-07": {
            "month": "2012-07",
            "price": "10.20",
            "revenue": 96042
        },
        "2012-08": {
            "month": "2012-08",
            "price": "12.68",
            "revenue": 90794
        },
        "2012-09": {
            "month": "2012-09",
            "price": "16.00",
            "revenue": 115914
        },
        "2012-10": {
            "month": "2012-10",
            "price": "16.10",
            "revenue": 73519
        },
        "2012-11": {
            "month": "2012-11",
            "price": "15.33",
            "revenue": 60993
        },
        "2012-12": {
            "month": "2012-12",
            "price": "14.97",
            "revenue": 53833
        },
        "2013-01": {
            "month": "2013-01",
            "price": "14.92",
            "revenue": 120654
        },
        "2013-02": {
            "month": "2013-02",
            "price": "14.66",
            "revenue": 56886
        },
        "2013-03": {
            "month": "2013-03",
            "price": "13.77",
            "revenue": 67404
        },
        "2013-04": {
            "month": "2013-04",
            "price": "12.60",
            "revenue": 132228
        },
        "2013-05": {
            "month": "2013-05",
            "price": "13.13",
            "revenue": 94156
        },
        "2013-06": {
            "month": "2013-06",
            "price": "12.35",
            "revenue": 81248
        },
        "2013-07": {
            "month": "2013-07",
            "price": "11.63",
            "revenue": 71946
        },
        "2013-08": {
            "month": "2013-08",
            "price": "11.46",
            "revenue": 116494
        },
        "2013-09": {
            "month": "2013-09",
            "price": "11.13",
            "revenue": 85878
        },
        "2013-10": {
            "month": "2013-10",
            "price": "11.20",
            "revenue": 128392
        },
        "2013-11": {
            "month": "2013-11",
            "price": "11.06",
            "revenue": 104014
        },
        "2013-12": {
            "month": "2013-12",
            "price": "12.69",
            "revenue": 53478
        },
        "2014-01": {
            "month": "2014-01",
            "price": "13.17",
            "revenue": 89935
        },
        "2014-02": {
            "month": "2014-02",
            "price": "12.80",
            "revenue": 46497
        },
        "2014-03": {
            "month": "2014-03",
            "price": "12.90",
            "revenue": 66326
        },
        "2014-04": {
            "month": "2014-04",
            "price": "12.45",
            "revenue": 81480
        },
        "2014-05": {
            "month": "2014-05",
            "price": "12.36",
            "revenue": 105884
        },
        "2014-06": {
            "month": "2014-06",
            "price": "12.44",
            "revenue": 60951
        },
        "2014-07": {
            "month": "2014-07",
            "price": "12.82",
            "revenue": 117142
        },
        "2014-08": {
            "month": "2014-08",
            "price": "11.75",
            "revenue": 99552
        },
        "2014-09": {
            "month": "2014-09",
            "price": "11.10",
            "revenue": 92257
        },
        "2014-10": {
            "month": "2014-10",
            "price": "10.56",
            "revenue": 124723
        },
        "2014-11": {
            "month": "2014-11",
            "price": "10.83",
            "revenue": 69970
        },
        "2014-12": {
            "month": "2014-12",
            "price": "10.97",
            "revenue": 75434
        },
        "2015-01": {
            "month": "2015-01",
            "price": "11.07",
            "revenue": 83171
        },
        "2015-02": {
            "month": "2015-02",
            "price": "11.11",
            "revenue": 52104
        },
        "2015-03": {
            "month": "2015-03",
            "price": "11.10",
            "revenue": 57231
        },
        "2015-04": {
            "month": "2015-04",
            "price": "10.82",
            "revenue": 77577
        },
        "2015-05": {
            "month": "2015-05",
            "price": "9.33",
            "revenue": 65386
        },
        "2015-06": {
            "month": "2015-06",
            "price": "7.04",
            "revenue": 54946
        },
        "2015-07": {
            "month": "2015-07",
            "price": "8.47",
            "revenue": 76480
        },
        "2015-08": {
            "month": "2015-08",
            "price": "7.09",
            "revenue": 157410
        },
        "2015-09": {
            "month": "2015-09",
            "price": "7.82",
            "revenue": 205178
        },
        "2015-10": {
            "month": "2015-10",
            "price": "8.81",
            "revenue": 165452
        },
        "2015-11": {
            "month": "2015-11",
            "price": "9.88",
            "revenue": 43682
        },
        "2015-12": {
            "month": "2015-12",
            "price": "8.62",
            "revenue": 35469
        },
        "2016-01": {
            "month": "2016-01",
            "price": "7.35",
            "revenue": 118188
        },
        "2016-02": {
            "month": "2016-02",
            "price": "7.71",
            "revenue": 19221
        },
        "2016-03": {
            "month": "2016-03",
            "price": "8.15",
            "revenue": 50835
        },
        "2016-04": {
            "month": "2016-04",
            "price": "7.68",
            "revenue": 80749
        },
        "2016-05": {
            "month": "2016-05",
            "price": "7.40",
            "revenue": 72554
        },
        "2016-06": {
            "month": "2016-06",
            "price": "8.20",
            "revenue": 49127
        },
        "2016-07": {
            "month": "2016-07",
            "price": "8.13",
            "revenue": 43770
        },
        "2016-08": {
            "month": "2016-08",
            "price": "7.99",
            "revenue": 296260
        },
        "2016-09": {
            "month": "2016-09",
            "price": "9.56",
            "revenue": 173377
        },
        "2016-10": {
            "month": "2016-10",
            "price": "10.32",
            "revenue": 93302
        },
        "2016-11": {
            "month": "2016-11",
            "price": "12.68",
            "revenue": 27767
        },
        "2016-12": {
            "month": "2016-12",
            "price": "10.63",
            "revenue": 25470
        },
        "2017-01": {
            "month": "2017-01",
            "price": "8.66",
            "revenue": 54096
        },
        "2017-02": {
            "month": "2017-02",
            "price": "9.82",
            "revenue": 22570
        },
        "2017-03": {
            "month": "2017-03",
            "price": "9.73",
            "revenue": 30291
        },
        "2017-04": {
            "month": "2017-04",
            "price": "9.51",
            "revenue": 46282
        },
        "2017-05": {
            "month": "2017-05",
            "price": "9.48",
            "revenue": 29959
        },
        "2017-06": {
            "month": "2017-06",
            "price": "9.92",
            "revenue": 33671
        },
        "2017-07": {
            "month": "2017-07",
            "price": "10.00",
            "revenue": 46836
        },
        "2017-08": {
            "month": "2017-08",
            "price": "9.89",
            "revenue": 60264
        },
        "2017-09": {
            "month": "2017-09",
            "price": "9.88",
            "revenue": 143531
        },
        "2017-10": {
            "month": "2017-10",
            "price": "9.56",
            "revenue": 164739
        },
        "2017-11": {
            "month": "2017-11",
            "price": "10.08",
            "revenue": 46412
        },
        "2017-12": {
            "month": "2017-12",
            "price": "10.12",
            "revenue": 23752
        },
        "2018-01": {
            "month": "2018-01",
            "price": "10.14",
            "revenue": 92601
        },
        "2018-02": {
            "month": "2018-02",
            "price": "10.25",
            "revenue": 45127
        },
        "2018-03": {
            "month": "2018-03",
            "price": "11.09",
            "revenue": 26863
        },
        "2018-04": {
            "month": "2018-04",
            "price": "9.25",
            "revenue": 43129
        },
        "2018-05": {
            "month": "2018-05",
            "price": "16.42",
            "revenue": 32963
        },
        "2018-06": {
            "month": "2018-06",
            "price": "14.60",
            "revenue": 49048
        },
        "2018-07": {
            "month": "2018-07",
            "price": "10.80",
            "revenue": 67985
        },
        "2018-08": {
            "month": "2018-08",
            "price": "13.52",
            "revenue": 44661
        },
        "2018-09": {
            "month": "2018-09",
            "price": "12.77",
            "revenue": 257417
        },
        "2018-10": {
            "month": "2018-10",
            "price": "12.23",
            "revenue": 61453
        },
        "2018-11": {
            "month": "2018-11",
            "price": "11.55",
            "revenue": 38653
        },
        "2018-12": {
            "month": "2018-12",
            "price": "11.39",
            "revenue": 16408
        },
        "2019-01": {
            "month": "2019-01",
            "price": "11.64",
            "revenue": 246191
        },
        "2019-02": {
            "month": "2019-02",
            "price": "11.92",
            "revenue": 11118
        },
        "2019-03": {
            "month": "2019-03",
            "price": "11.90",
            "revenue": 42999
        },
        "2019-04": {
            "month": "2019-04",
            "price": "11.85",
            "revenue": 36259
        },
        "2019-05": {
            "month": "2019-05",
            "price": "11.51",
            "revenue": 33169
        },
        "2019-06": {
            "month": "2019-06",
            "price": "11.59",
            "revenue": 50623
        },
        "2019-07": {
            "month": "2019-07",
            "price": "12.09",
            "revenue": 39972
        },
        "2019-08": {
            "month": "2019-08",
            "price": "11.78",
            "revenue": 30918
        },
        "2019-09": {
            "month": "2019-09",
            "price": "11.87",
            "revenue": 49371
        },
        "2019-10": {
            "month": "2019-10",
            "price": "11.94",
            "revenue": 30404
        },
        "2019-11": {
            "month": "2019-11",
            "price": "12.99",
            "revenue": 16091
        },
        "2019-12": {
            "month": "2019-12",
            "price": "12.29",
            "revenue": 24386
        },
        "2020-01": {
            "month": "2020-01",
            "price": "11.99",
            "revenue": 37236
        },
        "2020-02": {
            "month": "2020-02",
            "price": "11.84",
            "revenue": 1806
        },
        "2020-03": {
            "month": "2020-03",
            "price": "9.12",
            "revenue": 26906
        },
        "2020-04": {
            "month": "2020-04",
            "price": "8.86",
            "revenue": 16041
        },
        "2020-05": {
            "month": "2020-05",
            "price": "8.43",
            "revenue": 15771
        },
        "2020-06": {
            "month": "2020-06",
            "price": "8.47",
            "revenue": 25554
        },
        "2020-07": {
            "month": "2020-07",
            "price": "8.54",
            "revenue": 32656
        },
        "2020-08": {
            "month": "2020-08",
            "price": "7.65",
            "revenue": 82417
        },
        "2020-09": {
            "month": "2020-09",
            "price": "7.95",
            "revenue": 34232
        },
        "2020-10": {
            "month": "2020-10",
            "price": "8.10",
            "revenue": 42184
        },
        "2020-11": {
            "month": "2020-11",
            "price": "7.62",
            "revenue": 33659
        },
        "2020-12": {
            "month": "2020-12",
            "price": "7.68",
            "revenue": 39091
        },
        "2021-01": {
            "month": "2021-01",
            "price": "7.64",
            "revenue": 34304
        },
        "2021-02": {
            "month": "2021-02",
            "price": "7.76",
            "revenue": 11598
        },
        "2021-03": {
            "month": "2021-03",
            "price": "8.29",
            "revenue": 10652
        },
        "2021-04": {
            "month": "2021-04",
            "price": "8.44",
            "revenue": 17782
        },
        "2021-05": {
            "month": "2021-05",
            "price": "8.40",
            "revenue": 42327
        },
        "2021-06": {
            "month": "2021-06",
            "price": "8.18",
            "revenue": 41057
        },
        "2021-07": {
            "month": "2021-07",
            "price": "8.04",
            "revenue": 51907
        },
        "2021-08": {
            "month": "2021-08",
            "price": "8.00",
            "revenue": 40927
        },
        "2021-09": {
            "month": "2021-09",
            "price": "7.69",
            "revenue": 69367
        },
        "2021-10": {
            "month": "2021-10",
            "price": "7.38",
            "revenue": 84765
        },
        "2021-11": {
            "month": "2021-11",
            "price": "7.74",
            "revenue": 93649
        },
        "2021-12": {
            "month": "2021-12",
            "price": "8.69",
            "revenue": 50034
        },
        "2022-01": {
            "month": "2022-01",
            "price": "9.04",
            "revenue": 13671
        },
        "2022-02": {
            "month": "2022-02",
            "price": "9.13",
            "revenue": 2550
        },
        "2022-03": {
            "month": "2022-03",
            "price": "8.93",
            "revenue": 10406
        },
        "2022-04": {
            "month": "2022-04",
            "price": "8.54",
            "revenue": 9365
        },
        "2022-05": {
            "month": "2022-05",
            "price": "8.59",
            "revenue": 11459
        },
        "2022-06": {
            "month": "2022-06",
            "price": "8.77",
            "revenue": 20266
        },
        "2022-07": {
            "month": "2022-07",
            "price": "8.69",
            "revenue": 32795
        },
        "2022-08": {
            "month": "2022-08",
            "price": "8.45",
            "revenue": 17831
        },
        "2022-09": {
            "month": "2022-09",
            "price": "8.31",
            "revenue": 7638
        },
        "2022-10": {
            "month": "2022-10",
            "price": "8.12",
            "revenue": 14097
        },
        "2022-11": {
            "month": "2022-11",
            "price": "8.31",
            "revenue": 23316
        },
        "2022-12": {
            "month": "2022-12",
            "price": "8.17",
            "revenue": 7705
        },
        "2023-01": {
            "month": "2023-01",
            "price": "8.01",
            "revenue": 16915
        },
        "2023-02": {
            "month": "2023-02",
            "price": "8.12",
            "revenue": 2810
        },
        "2023-03": {
            "month": "2023-03",
            "price": "8.06",
            "revenue": 10036
        },
        "2023-04": {
            "month": "2023-04",
            "price": "7.87",
            "revenue": 1826
        },
        "2023-05": {
            "month": "2023-05",
            "price": "7.99",
            "revenue": 1340
        },
        "2023-06": {
            "month": "2023-06",
            "price": "7.73",
            "revenue": 9482
        },
        "2023-07": {
            "month": "2023-07",
            "price": "8.00",
            "revenue": 5986
        },
        "2023-08": {
            "month": "2023-08",
            "price": "6.65",
            "revenue": 4638
        },
        "2023-09": {
            "month": "2023-09",
            "price": "7.02",
            "revenue": 7216
        },
        "2023-10": {
            "month": "2023-10",
            "price": "6.91",
            "revenue": 917
        },
        "2023-11": {
            "month": "2023-11",
            "price": "6.07",
            "revenue": 5921
        },
        "2023-12": {
            "month": "2023-12",
            "price": "5.93",
            "revenue": 25523
        },
        "2024-01": {
            "month": "2024-01",
            "price": "6.28",
            "revenue": 9957
        },
        "2024-02": {
            "month": "2024-02",
            "price": "6.50",
            "revenue": 562
        }
    }
}
