{
    "summary": {
        "stock_name": "中美實",
        "stock_id": "4702",
        "category": "化工",
        "main_business": "貿易<br>分散性染料",
        "website_url": "http://www.aicgroup.com.tw",
        "ceo": "李耀昇",
        "pe_ratio": 12,
        "report_year_from": 2001,
        "report_year_to": 2023,
        "age": 22,
        "eps_negative_percentage": 65,
        "eps_growth_avg": {
            "last_all": -12.77,
            "last_2y": 51.58,
            "last_4y": 51.58,
            "last_8y": 4.68,
            "last_12y": 4.68,
            "last_16y": -12.77,
            "last_20y": -12.77,
            "at_2006_last_3y": -100,
            "at_2007_last_3y": -100,
            "at_2008_last_3y": -100,
            "at_2009_last_3y": -100,
            "at_2010_last_3y": null,
            "at_2011_last_3y": null,
            "at_2012_last_3y": null,
            "at_2013_last_3y": null,
            "at_2014_last_3y": null,
            "at_2015_last_3y": -31.37,
            "at_2016_last_3y": -65.69,
            "at_2017_last_3y": -65.69,
            "at_2018_last_3y": -65.69,
            "at_2019_last_3y": -100,
            "at_2020_last_3y": 24.49,
            "at_2021_last_3y": 56.51,
            "at_2022_last_3y": 51.58,
            "at_2023_last_3y": 51.58,
            "at_2006_last_all": -100,
            "at_2007_last_all": -100,
            "at_2008_last_all": -100,
            "at_2009_last_all": -100,
            "at_2010_last_all": -100,
            "at_2011_last_all": -100,
            "at_2012_last_all": -100,
            "at_2013_last_all": -100,
            "at_2014_last_all": -100,
            "at_2015_last_all": -65.69,
            "at_2016_last_all": -77.12,
            "at_2017_last_all": -77.12,
            "at_2018_last_all": -77.12,
            "at_2019_last_all": -77.12,
            "at_2020_last_all": -51.72,
            "at_2021_last_all": -23.67,
            "at_2022_last_all": -12.77,
            "at_2023_last_all": -12.77
        },
        "latest_eps": 1.2,
        "latest_price": 14.3,
        "latest_roe": 7.71,
        "latest_gross_margin": 8.83,
        "latest_equity": 1159203,
        "latest_revenue": 175144,
        "latest_gross_profit": 15458,
        "latest_net_income": 2373,
        "latest_debt_ratio": 20.58,
        "latest_current_ratio": 189.4,
        "latest_account_receivable_turnover_ratio": 3.11,
        "latest_inventory_turnover_ratio": 16.91,
        "latest_reinvestment_rate": 8.25,
        "latest_research_to_sale_ratio": null
    },
    "eps_dividends": {
        "1993": {
            "cash": 0,
            "stock": 0.5,
            "eps": 0
        },
        "1994": {
            "cash": 0.5,
            "stock": 0.5,
            "eps": 0
        },
        "1995": {
            "cash": 0,
            "stock": 0.5,
            "eps": 0
        },
        "1996": {
            "cash": 0,
            "stock": 0.5,
            "eps": 0
        },
        "2001": {
            "cash": 0,
            "stock": 0,
            "eps": -2.35
        },
        "2002": {
            "cash": 0,
            "stock": 0,
            "eps": -0.4
        },
        "2003": {
            "cash": 0,
            "stock": 0,
            "eps": -0.64
        },
        "2004": {
            "cash": 0,
            "stock": 0,
            "eps": -2.67
        },
        "2005": {
            "cash": 0,
            "stock": 0,
            "eps": 0.07
        },
        "2006": {
            "cash": 0,
            "stock": 0,
            "eps": -0.59
        },
        "2007": {
            "cash": 0,
            "stock": 0,
            "eps": -0.09
        },
        "2008": {
            "cash": 0,
            "stock": 0,
            "eps": -0.49
        },
        "2009": {
            "cash": 0,
            "stock": 0,
            "eps": -1.17
        },
        "2010": {
            "cash": 0,
            "stock": 0,
            "eps": -0.64
        },
        "2011": {
            "cash": 0,
            "stock": 0,
            "eps": -3.22
        },
        "2012": {
            "cash": 0,
            "stock": 0,
            "eps": -0.2
        },
        "2013": {
            "cash": 0,
            "stock": 0,
            "eps": -0.02
        },
        "2014": {
            "cash": 0,
            "stock": 0,
            "eps": 0.51
        },
        "2015": {
            "cash": 0,
            "stock": 0,
            "eps": 0.35
        },
        "2016": {
            "cash": 0,
            "stock": 0,
            "eps": -4.06
        },
        "2017": {
            "cash": 0,
            "stock": 0,
            "eps": -3.12
        },
        "2018": {
            "cash": 0,
            "stock": 0,
            "eps": -2.4
        },
        "2019": {
            "cash": 0,
            "stock": 0,
            "eps": 0.49
        },
        "2020": {
            "cash": 0,
            "stock": 0,
            "eps": 0.61
        },
        "2021": {
            "cash": 0,
            "stock": 0,
            "eps": 1.15
        },
        "2022": {
            "cash": 0,
            "stock": 0,
            "eps": 1.63
        },
        "2023": {
            "cash": 0,
            "stock": 0,
            "eps": 0.03
        }
    },
    "dividends": {
        "1993-06-05": {
            "cash": 0,
            "stock": 0.5
        },
        "1994-06-08": {
            "cash": 0.5,
            "stock": 0.5
        },
        "1995-06-17": {
            "cash": 0,
            "stock": 0.5
        },
        "1996-06-17": {
            "cash": 0,
            "stock": 0.5
        }
    },
    "prices": {
        "200101": "7.68",
        "200102": "8.99",
        "200103": "9.62",
        "200104": "8.71",
        "200105": "7.58",
        "200106": "7.50",
        "200107": "6.49",
        "200108": "6.40",
        "200109": "5.63",
        "200110": "4.92",
        "200111": "5.10",
        "200112": "7.85",
        "200201": "6.68",
        "200202": "5.37",
        "200203": "5.50",
        "200204": "6.56",
        "200205": "5.20",
        "200206": "5.11",
        "200207": "5.29",
        "200208": "4.68",
        "200209": "3.64",
        "200210": "3.32",
        "200211": "3.83",
        "200212": "3.82",
        "200301": "4.32",
        "200302": "3.93",
        "200303": "3.85",
        "200304": "3.52",
        "200305": "3.15",
        "200306": "3.60",
        "200307": "3.92",
        "200308": "4.06",
        "200309": "3.97",
        "200310": "4.10",
        "200311": "4.29",
        "200312": "4.11",
        "200401": "4.06",
        "200402": "4.64",
        "200403": "4.34",
        "200404": "4.11",
        "200405": "3.17",
        "200406": "3.01",
        "200407": "2.52",
        "200408": "2.00",
        "200409": "1.78",
        "200410": "1.77",
        "200411": "1.76",
        "200412": "1.70",
        "200501": "2.93",
        "200502": "3.41",
        "200503": "3.19",
        "200504": "3.49",
        "200505": "3.32",
        "200506": "3.55",
        "200507": "3.42",
        "200508": "3.16",
        "200509": "3.64",
        "200510": "3.56",
        "200511": "3.44",
        "200512": "3.31",
        "200601": "3.36",
        "200602": "3.18",
        "200603": "2.88",
        "200604": "2.54",
        "200605": "2.94",
        "200606": "2.68",
        "200607": "2.56",
        "200608": "2.43",
        "200609": "2.37",
        "200610": "2.66",
        "200611": "2.93",
        "200612": "3.44",
        "200701": "3.24",
        "200702": "3.24",
        "200703": "4.27",
        "200704": "5.57",
        "200705": "5.51",
        "200706": "6.13",
        "200707": "10.93",
        "200708": "10.74",
        "200709": "9.06",
        "200710": "8.45",
        "200711": "7.44",
        "200712": "6.22",
        "200801": "5.37",
        "200802": "5.85",
        "200803": "6.08",
        "200804": "7.34",
        "200805": "7.79",
        "200806": "6.71",
        "200807": "5.50",
        "200808": "5.83",
        "200809": "4.63",
        "200810": "3.89",
        "200811": "3.03",
        "200812": "2.74",
        "200901": "2.84",
        "200902": "2.92",
        "200903": "3.34",
        "200904": "4.21",
        "200905": "4.40",
        "200906": "4.20",
        "200907": "4.32",
        "200908": "4.73",
        "200909": "4.82",
        "200910": "4.67",
        "200911": "4.25",
        "200912": "4.28",
        "201001": "5.65",
        "201002": "5.20",
        "201003": "6.86",
        "201004": "10.72",
        "201005": "10.37",
        "201006": "11.37",
        "201007": "11.07",
        "201008": "18.29",
        "201009": "21.73",
        "201010": "14.94",
        "201011": "13.13",
        "201012": "14.13",
        "201101": "13.75",
        "201102": "13.66",
        "201103": "14.36",
        "201104": "15.16",
        "201105": "15.40",
        "201106": "15.56",
        "201107": "22.06",
        "201108": "25.86",
        "201109": "21.38",
        "201110": "23.36",
        "201111": "22.59",
        "201112": "17.91",
        "201201": "20.16",
        "201202": "20.22",
        "201203": "18.04",
        "201204": "16.33",
        "201205": "16.24",
        "201206": "16.03",
        "201207": "15.93",
        "201208": "18.57",
        "201209": "19.92",
        "201210": "33.50",
        "201211": "37.08",
        "201212": "35.12",
        "201301": "35.36",
        "201302": "35.19",
        "201303": "33.96",
        "201304": "27.74",
        "201305": "28.28",
        "201306": "26.46",
        "201307": "23.86",
        "201308": "21.41",
        "201309": "21.98",
        "201310": "20.15",
        "201311": "17.25",
        "201312": "18.58",
        "201401": "19.08",
        "201402": "18.99",
        "201403": "23.26",
        "201404": "26.29",
        "201405": "23.36",
        "201406": "23.09",
        "201407": "23.90",
        "201408": "21.85",
        "201409": "19.79",
        "201410": "17.74",
        "201411": "16.80",
        "201412": "17.64",
        "201501": "17.81",
        "201502": "17.04",
        "201503": "17.30",
        "201504": "17.49",
        "201505": "15.88",
        "201506": "12.32",
        "201507": "11.89",
        "201508": "10.33",
        "201509": "10.56",
        "201510": "11.85",
        "201511": "13.09",
        "201512": "12.21",
        "201601": "10.27",
        "201602": "10.62",
        "201603": "11.33",
        "201604": "10.19",
        "201605": "9.02",
        "201606": "8.87",
        "201607": "9.31",
        "201608": "8.96",
        "201609": "8.54",
        "201610": "8.03",
        "201611": "7.90",
        "201612": "8.02",
        "201701": "7.80",
        "201702": "8.26",
        "201703": "7.94",
        "201704": "6.41",
        "201705": "6.33",
        "201706": "6.06",
        "201707": "5.22",
        "201708": "5.93",
        "201709": "6.08",
        "201710": "5.87",
        "201711": "5.76",
        "201712": "5.78",
        "201801": "5.66",
        "201802": "5.57",
        "201803": "5.63",
        "201804": "5.50",
        "201805": "5.50",
        "201806": "5.63",
        "201807": "4.94",
        "201808": "4.84",
        "201809": "4.49",
        "201810": "3.74",
        "201811": "3.23",
        "201812": "3.18",
        "201901": "3.01",
        "201902": "3.10",
        "201903": "3.77",
        "201904": "2.77",
        "201905": "2.95",
        "201906": "2.92",
        "201907": "2.94",
        "201908": "2.99",
        "201909": "3.06",
        "201910": "3.04",
        "201911": "3.14",
        "201912": "12.75",
        "202001": "12.80",
        "202002": "10.99",
        "202003": "9.28",
        "202004": "9.99",
        "202005": "10.27",
        "202006": "9.94",
        "202007": "10.25",
        "202008": "9.70",
        "202009": "9.48",
        "202010": "9.53",
        "202011": "11.85",
        "202012": "11.37",
        "202101": "11.43",
        "202102": "11.50",
        "202103": "13.28",
        "202104": "17.72",
        "202105": "14.09",
        "202106": "13.97",
        "202107": "14.66",
        "202108": "13.33",
        "202109": "14.62",
        "202110": "14.28",
        "202111": "14.75",
        "202112": "13.97",
        "202201": "13.99",
        "202202": "13.74",
        "202203": "16.07",
        "202204": "17.43",
        "202205": "15.93",
        "202206": "15.31",
        "202207": "13.14",
        "202208": "13.82",
        "202209": "13.59",
        "202210": "11.82",
        "202211": "11.67",
        "202212": "12.57",
        "202301": "12.26",
        "202302": "12.57",
        "202303": "13.36",
        "202304": "14.20",
        "202305": "14.02",
        "202306": "14.36"
    },
    "quarters": {
        "20011": {
            "year_quarter": 20011,
            "year": 2001,
            "quarter": 1,
            "eps": -0.34,
            "eps_growth_year": null,
            "eps_4q": -1.74,
            "eps_4q_growth_year": null,
            "roe": -3.97,
            "roe_4q": -3.97,
            "gross_profit": 5255,
            "gross_margin": 4.28,
            "gross_margin_4q_avg": 4.28,
            "net_income": -41251,
            "revenue": 122736,
            "common_shares": 1220513,
            "book_valuer_per_share": 8.01,
            "book_valuer_per_share_4q_avg": 8.01,
            "equity": 978070,
            "current_ratio": 105.62,
            "debt_ratio": 51.71,
            "inventory_turnover_ratio": 0.26,
            "account_receivable_turnover_ratio": null,
            "reinvestment_rate": null,
            "research_to_sale_ratio": null,
            "price_fair": 0,
            "eps_avg_yearly": 0,
            "eps_latest_yearly": 0,
            "eps_growth_yearly": 0
        },
        "20012": {
            "year_quarter": 20012,
            "year": 2001,
            "quarter": 2,
            "eps": -0.7,
            "eps_growth_year": null,
            "eps_4q": -2.11,
            "eps_4q_growth_year": null,
            "roe": -9.02,
            "roe_4q": -12.99,
            "gross_profit": 3853,
            "gross_margin": 1.94,
            "gross_margin_4q_avg": 3.11,
            "net_income": -85056,
            "revenue": 198353,
            "common_shares": 1220512,
            "book_valuer_per_share": 7.44,
            "book_valuer_per_share_4q_avg": 7.73,
            "equity": 908272,
            "current_ratio": 101.46,
            "debt_ratio": 54.87,
            "inventory_turnover_ratio": 0.46,
            "account_receivable_turnover_ratio": null,
            "reinvestment_rate": null,
            "research_to_sale_ratio": null,
            "price_fair": 0,
            "eps_avg_yearly": 0,
            "eps_latest_yearly": 0,
            "eps_growth_yearly": 0
        },
        "20013": {
            "year_quarter": 20013,
            "year": 2001,
            "quarter": 3,
            "eps": -0.53,
            "eps_growth_year": null,
            "eps_4q": -1.96,
            "eps_4q_growth_year": null,
            "roe": -7.43,
            "roe_4q": -20.419999999999998,
            "gross_profit": 6537,
            "gross_margin": 4.41,
            "gross_margin_4q_avg": 3.54,
            "net_income": -65140,
            "revenue": 148220,
            "common_shares": 1220513,
            "book_valuer_per_share": 6.92,
            "book_valuer_per_share_4q_avg": 7.46,
            "equity": 845042,
            "current_ratio": 96.87,
            "debt_ratio": 56.83,
            "inventory_turnover_ratio": 0.33,
            "account_receivable_turnover_ratio": null,
            "reinvestment_rate": null,
            "research_to_sale_ratio": null,
            "price_fair": 0,
            "eps_avg_yearly": 0,
            "eps_latest_yearly": 0,
            "eps_growth_yearly": 0
        },
        "20014": {
            "year_quarter": 20014,
            "year": 2001,
            "quarter": 4,
            "eps": -0.78,
            "eps_growth_year": null,
            "eps_4q": -2.17,
            "eps_4q_growth_year": null,
            "roe": -11.38,
            "roe_4q": -31.8,
            "gross_profit": 1344,
            "gross_margin": 1.05,
            "gross_margin_4q_avg": 2.92,
            "net_income": -94686,
            "revenue": 127762,
            "common_shares": 1220512,
            "book_valuer_per_share": 6.21,
            "book_valuer_per_share_4q_avg": 7.15,
            "equity": 818370,
            "current_ratio": 77.91,
            "debt_ratio": 63.08,
            "inventory_turnover_ratio": 0.27,
            "account_receivable_turnover_ratio": null,
            "reinvestment_rate": null,
            "research_to_sale_ratio": null,
            "price_fair": 0,
            "eps_avg_yearly": 0,
            "eps_latest_yearly": 0,
            "eps_growth_yearly": 0
        },
        "20021": {
            "year_quarter": 20021,
            "year": 2002,
            "quarter": 1,
            "eps": -0.5,
            "eps_growth_year": null,
            "eps_4q": -2.55,
            "eps_4q_growth_year": null,
            "roe": -7.95,
            "roe_4q": -35.78,
            "gross_profit": 461,
            "gross_margin": 0.36,
            "gross_margin_4q_avg": 1.94,
            "net_income": -59769,
            "revenue": 128179,
            "common_shares": 1220513,
            "book_valuer_per_share": 5.62,
            "book_valuer_per_share_4q_avg": 6.55,
            "equity": 686101,
            "current_ratio": 84.07,
            "debt_ratio": 63.26,
            "inventory_turnover_ratio": 0.28,
            "account_receivable_turnover_ratio": null,
            "reinvestment_rate": null,
            "research_to_sale_ratio": null,
            "price_fair": 0,
            "eps_avg_yearly": 0,
            "eps_latest_yearly": 0,
            "eps_growth_yearly": 0
        },
        "20022": {
            "year_quarter": 20022,
            "year": 2002,
            "quarter": 2,
            "eps": -0.32,
            "eps_growth_year": null,
            "eps_4q": -2.12,
            "eps_4q_growth_year": null,
            "roe": -5.81,
            "roe_4q": -32.57,
            "gross_profit": 19551,
            "gross_margin": 5.79,
            "gross_margin_4q_avg": 2.9,
            "net_income": -38770,
            "revenue": 337414,
            "common_shares": 1220512,
            "book_valuer_per_share": 5.31,
            "book_valuer_per_share_4q_avg": 6.02,
            "equity": 648130,
            "current_ratio": 90.97,
            "debt_ratio": 61.85,
            "inventory_turnover_ratio": 0.97,
            "account_receivable_turnover_ratio": null,
            "reinvestment_rate": null,
            "research_to_sale_ratio": null,
            "price_fair": 0,
            "eps_avg_yearly": 0,
            "eps_latest_yearly": 0,
            "eps_growth_yearly": 0
        },
        "20023": {
            "year_quarter": 20023,
            "year": 2002,
            "quarter": 3,
            "eps": 0.77,
            "eps_growth_year": null,
            "eps_4q": -0.84,
            "eps_4q_growth_year": null,
            "roe": 13.29,
            "roe_4q": -11.850000000000001,
            "gross_profit": 20672,
            "gross_margin": 14.95,
            "gross_margin_4q_avg": 5.54,
            "net_income": 92268,
            "revenue": 138318,
            "common_shares": 1220513,
            "book_valuer_per_share": 6.07,
            "book_valuer_per_share_4q_avg": 5.8,
            "equity": 740900,
            "current_ratio": 130.05,
            "debt_ratio": 57.97,
            "inventory_turnover_ratio": 0.5,
            "account_receivable_turnover_ratio": null,
            "reinvestment_rate": null,
            "research_to_sale_ratio": null,
            "price_fair": 0,
            "eps_avg_yearly": 0,
            "eps_latest_yearly": 0,
            "eps_growth_yearly": 0
        },
        "20024": {
            "year_quarter": 20024,
            "year": 2002,
            "quarter": 4,
            "eps": -0.35,
            "eps_growth_year": null,
            "eps_4q": -0.4,
            "eps_4q_growth_year": null,
            "roe": -5.81,
            "roe_4q": -6.28,
            "gross_profit": 16340,
            "gross_margin": 14.87,
            "gross_margin_4q_avg": 8.99,
            "net_income": -41960,
            "revenue": 109866,
            "common_shares": 1220512,
            "book_valuer_per_share": 5.77,
            "book_valuer_per_share_4q_avg": 5.69,
            "equity": 704268,
            "current_ratio": 107.47,
            "debt_ratio": 59.77,
            "inventory_turnover_ratio": 0.34,
            "account_receivable_turnover_ratio": null,
            "reinvestment_rate": null,
            "research_to_sale_ratio": null,
            "price_fair": 0,
            "eps_avg_yearly": 0,
            "eps_latest_yearly": 0,
            "eps_growth_yearly": 0
        },
        "20031": {
            "year_quarter": 20031,
            "year": 2003,
            "quarter": 1,
            "eps": 0.09,
            "eps_growth_year": null,
            "eps_4q": 0.19,
            "eps_4q_growth_year": null,
            "roe": 1.49,
            "roe_4q": 3.1599999999999993,
            "gross_profit": 16971,
            "gross_margin": 18.95,
            "gross_margin_4q_avg": 13.64,
            "net_income": 10578,
            "revenue": 89561,
            "common_shares": 1220513,
            "book_valuer_per_share": 5.89,
            "book_valuer_per_share_4q_avg": 5.76,
            "equity": 719358,
            "current_ratio": 129.42,
            "debt_ratio": 48.81,
            "inventory_turnover_ratio": 0.27,
            "account_receivable_turnover_ratio": null,
            "reinvestment_rate": null,
            "research_to_sale_ratio": null,
            "price_fair": 0,
            "eps_avg_yearly": 0,
            "eps_latest_yearly": 0,
            "eps_growth_yearly": 0
        },
        "20032": {
            "year_quarter": 20032,
            "year": 2003,
            "quarter": 2,
            "eps": -0.07,
            "eps_growth_year": null,
            "eps_4q": 0.43,
            "eps_4q_growth_year": null,
            "roe": -1.19,
            "roe_4q": 7.779999999999999,
            "gross_profit": 20953,
            "gross_margin": 14.69,
            "gross_margin_4q_avg": 15.87,
            "net_income": -8505,
            "revenue": 142663,
            "common_shares": 1220512,
            "book_valuer_per_share": 5.82,
            "book_valuer_per_share_4q_avg": 5.89,
            "equity": 709881,
            "current_ratio": 124.93,
            "debt_ratio": 49.7,
            "inventory_turnover_ratio": 0.52,
            "account_receivable_turnover_ratio": null,
            "reinvestment_rate": null,
            "research_to_sale_ratio": null,
            "price_fair": 0,
            "eps_avg_yearly": 0,
            "eps_latest_yearly": 0,
            "eps_growth_yearly": 0
        },
        "20033": {
            "year_quarter": 20033,
            "year": 2003,
            "quarter": 3,
            "eps": -0.15,
            "eps_growth_year": -119.48,
            "eps_4q": -0.47,
            "eps_4q_growth_year": null,
            "roe": -2.58,
            "roe_4q": -8.09,
            "gross_profit": 16000,
            "gross_margin": 14.64,
            "gross_margin_4q_avg": 15.79,
            "net_income": -18061,
            "revenue": 109272,
            "common_shares": 1220513,
            "book_valuer_per_share": 5.66,
            "book_valuer_per_share_4q_avg": 5.79,
            "equity": 691190,
            "current_ratio": 127.59,
            "debt_ratio": 46.33,
            "inventory_turnover_ratio": 0.38,
            "account_receivable_turnover_ratio": null,
            "reinvestment_rate": null,
            "research_to_sale_ratio": null,
            "price_fair": 0,
            "eps_avg_yearly": 0,
            "eps_latest_yearly": 0,
            "eps_growth_yearly": 0
        },
        "20034": {
            "year_quarter": 20034,
            "year": 2003,
            "quarter": 4,
            "eps": -0.51,
            "eps_growth_year": null,
            "eps_4q": -0.61,
            "eps_4q_growth_year": null,
            "roe": -8.76,
            "roe_4q": -11.04,
            "gross_profit": 21491,
            "gross_margin": 17.37,
            "gross_margin_4q_avg": 16.41,
            "net_income": -60875,
            "revenue": 123755,
            "common_shares": 1220512,
            "book_valuer_per_share": 5.31,
            "book_valuer_per_share_4q_avg": 5.67,
            "equity": 699450,
            "current_ratio": 99.27,
            "debt_ratio": 57.2,
            "inventory_turnover_ratio": 0.33,
            "account_receivable_turnover_ratio": null,
            "reinvestment_rate": null,
            "research_to_sale_ratio": null,
            "price_fair": 0,
            "eps_avg_yearly": 0,
            "eps_latest_yearly": 0,
            "eps_growth_yearly": 0
        },
        "20041": {
            "year_quarter": 20041,
            "year": 2004,
            "quarter": 1,
            "eps": -0.11,
            "eps_growth_year": -222.22,
            "eps_4q": -0.84,
            "eps_4q_growth_year": -546.97,
            "roe": -1.97,
            "roe_4q": -14.5,
            "gross_profit": 22520,
            "gross_margin": 18.11,
            "gross_margin_4q_avg": 16.2,
            "net_income": -13157,
            "revenue": 124329,
            "common_shares": 1220513,
            "book_valuer_per_share": 5.2,
            "book_valuer_per_share_4q_avg": 5.5,
            "equity": 634471,
            "current_ratio": 108.8,
            "debt_ratio": 49.42,
            "inventory_turnover_ratio": 0.34,
            "account_receivable_turnover_ratio": null,
            "reinvestment_rate": null,
            "research_to_sale_ratio": null,
            "price_fair": 0,
            "eps_avg_yearly": 0,
            "eps_latest_yearly": 0,
            "eps_growth_yearly": 0
        },
        "20042": {
            "year_quarter": 20042,
            "year": 2004,
            "quarter": 2,
            "eps": -0.16,
            "eps_growth_year": null,
            "eps_4q": -0.91,
            "eps_4q_growth_year": -312.24,
            "roe": -3.06,
            "roe_4q": -16.369999999999997,
            "gross_profit": -2255,
            "gross_margin": -1.47,
            "gross_margin_4q_avg": 12.16,
            "net_income": -19082,
            "revenue": 153831,
            "common_shares": 1220512,
            "book_valuer_per_share": 5.03,
            "book_valuer_per_share_4q_avg": 5.3,
            "equity": 613581,
            "current_ratio": 113.33,
            "debt_ratio": 50.85,
            "inventory_turnover_ratio": 0.72,
            "account_receivable_turnover_ratio": null,
            "reinvestment_rate": null,
            "research_to_sale_ratio": null,
            "price_fair": 0,
            "eps_avg_yearly": 0,
            "eps_latest_yearly": 0,
            "eps_growth_yearly": 0
        },
        "20043": {
            "year_quarter": 20043,
            "year": 2004,
            "quarter": 3,
            "eps": -0.49,
            "eps_growth_year": null,
            "eps_4q": -2.01,
            "eps_4q_growth_year": null,
            "roe": -4.95,
            "roe_4q": -18.740000000000002,
            "gross_profit": 19433,
            "gross_margin": 15.39,
            "gross_margin_4q_avg": 12.35,
            "net_income": -29665,
            "revenue": 126253,
            "common_shares": 610256,
            "book_valuer_per_share": 9.6,
            "book_valuer_per_share_4q_avg": 6.29,
            "equity": 585543,
            "current_ratio": 128.6,
            "debt_ratio": 51.02,
            "inventory_turnover_ratio": 0.55,
            "account_receivable_turnover_ratio": null,
            "reinvestment_rate": null,
            "research_to_sale_ratio": null,
            "price_fair": 0,
            "eps_avg_yearly": 0,
            "eps_latest_yearly": 0,
            "eps_growth_yearly": 0
        },
        "20044": {
            "year_quarter": 20044,
            "year": 2004,
            "quarter": 4,
            "eps": -1.91,
            "eps_growth_year": null,
            "eps_4q": -2.87,
            "eps_4q_growth_year": null,
            "roe": -20.71,
            "roe_4q": -30.689999999999998,
            "gross_profit": 16416,
            "gross_margin": 16.1,
            "gross_margin_4q_avg": 12.03,
            "net_income": -114954,
            "revenue": 101947,
            "common_shares": 610256,
            "book_valuer_per_share": 7.85,
            "book_valuer_per_share_4q_avg": 6.92,
            "equity": 524589,
            "current_ratio": 103.05,
            "debt_ratio": 61.22,
            "inventory_turnover_ratio": 0.34,
            "account_receivable_turnover_ratio": null,
            "reinvestment_rate": null,
            "research_to_sale_ratio": null,
            "price_fair": 0,
            "eps_avg_yearly": 0,
            "eps_latest_yearly": 0,
            "eps_growth_yearly": 0
        },
        "20051": {
            "year_quarter": 20051,
            "year": 2005,
            "quarter": 1,
            "eps": -0.06,
            "eps_growth_year": null,
            "eps_4q": -2.97,
            "eps_4q_growth_year": null,
            "roe": -0.66,
            "roe_4q": -29.38,
            "gross_profit": 21687,
            "gross_margin": 17.84,
            "gross_margin_4q_avg": 11.97,
            "net_income": -3380,
            "revenue": 121576,
            "common_shares": 610256,
            "book_valuer_per_share": 8.27,
            "book_valuer_per_share_4q_avg": 7.69,
            "equity": 504381,
            "current_ratio": 116.27,
            "debt_ratio": 50.6,
            "inventory_turnover_ratio": 0.41,
            "account_receivable_turnover_ratio": null,
            "reinvestment_rate": null,
            "research_to_sale_ratio": null,
            "price_fair": 0,
            "eps_avg_yearly": 0,
            "eps_latest_yearly": 0,
            "eps_growth_yearly": 0
        },
        "20052": {
            "year_quarter": 20052,
            "year": 2005,
            "quarter": 2,
            "eps": 1.05,
            "eps_growth_year": null,
            "eps_4q": -1.42,
            "eps_4q_growth_year": null,
            "roe": 12.38,
            "roe_4q": -13.940000000000001,
            "gross_profit": 25792,
            "gross_margin": 19.02,
            "gross_margin_4q_avg": 17.09,
            "net_income": 62965,
            "revenue": 135571,
            "common_shares": 610256,
            "book_valuer_per_share": 8.41,
            "book_valuer_per_share_4q_avg": 8.53,
            "equity": 513165,
            "current_ratio": 137.07,
            "debt_ratio": 50.11,
            "inventory_turnover_ratio": 0.66,
            "account_receivable_turnover_ratio": null,
            "reinvestment_rate": null,
            "research_to_sale_ratio": null,
            "price_fair": 0,
            "eps_avg_yearly": 0,
            "eps_latest_yearly": 0,
            "eps_growth_yearly": 0
        },
        "20053": {
            "year_quarter": 20053,
            "year": 2005,
            "quarter": 3,
            "eps": -0.2,
            "eps_growth_year": null,
            "eps_4q": -1.1,
            "eps_4q_growth_year": null,
            "roe": -2.33,
            "roe_4q": -11.32,
            "gross_profit": 11800,
            "gross_margin": 8.54,
            "gross_margin_4q_avg": 15.38,
            "net_income": -11904,
            "revenue": 138123,
            "common_shares": 610256,
            "book_valuer_per_share": 8.31,
            "book_valuer_per_share_4q_avg": 8.21,
            "equity": 507277,
            "current_ratio": 142.39,
            "debt_ratio": 43.66,
            "inventory_turnover_ratio": 0.83,
            "account_receivable_turnover_ratio": null,
            "reinvestment_rate": null,
            "research_to_sale_ratio": null,
            "price_fair": 0,
            "eps_avg_yearly": 0,
            "eps_latest_yearly": 0,
            "eps_growth_yearly": 0
        },
        "20054": {
            "year_quarter": 20054,
            "year": 2005,
            "quarter": 4,
            "eps": -0.72,
            "eps_growth_year": null,
            "eps_4q": 0.08,
            "eps_4q_growth_year": null,
            "roe": -8.47,
            "roe_4q": 0.92,
            "gross_profit": 18017,
            "gross_margin": 12.79,
            "gross_margin_4q_avg": 14.55,
            "net_income": -43233,
            "revenue": 140876,
            "common_shares": 610256,
            "book_valuer_per_share": 7.7,
            "book_valuer_per_share_4q_avg": 8.17,
            "equity": 513326,
            "current_ratio": 92.47,
            "debt_ratio": 57.34,
            "inventory_turnover_ratio": 0.54,
            "account_receivable_turnover_ratio": null,
            "reinvestment_rate": null,
            "research_to_sale_ratio": null,
            "price_fair": 0,
            "eps_avg_yearly": 0,
            "eps_latest_yearly": 0,
            "eps_growth_yearly": 0
        },
        "20061": {
            "year_quarter": 20061,
            "year": 2006,
            "quarter": 1,
            "eps": -0.14,
            "eps_growth_year": null,
            "eps_4q": -0.01,
            "eps_4q_growth_year": null,
            "roe": -1.71,
            "roe_4q": -0.129999999999999,
            "gross_profit": 18224,
            "gross_margin": 16.17,
            "gross_margin_4q_avg": 14.13,
            "net_income": -8337,
            "revenue": 112737,
            "common_shares": 610256,
            "book_valuer_per_share": 7.54,
            "book_valuer_per_share_4q_avg": 7.99,
            "equity": 460416,
            "current_ratio": 131.08,
            "debt_ratio": 46.35,
            "inventory_turnover_ratio": 0.43,
            "account_receivable_turnover_ratio": null,
            "reinvestment_rate": null,
            "research_to_sale_ratio": null,
            "price_fair": 0,
            "eps_avg_yearly": 0,
            "eps_latest_yearly": 0,
            "eps_growth_yearly": 0
        },
        "20062": {
            "year_quarter": 20062,
            "year": 2006,
            "quarter": 2,
            "eps": 0.02,
            "eps_growth_year": -98.1,
            "eps_4q": -0.92,
            "eps_4q_growth_year": null,
            "roe": 0.29,
            "roe_4q": -12.22,
            "gross_profit": 23173,
            "gross_margin": 15.59,
            "gross_margin_4q_avg": 13.27,
            "net_income": 1348,
            "revenue": 148638,
            "common_shares": 610256,
            "book_valuer_per_share": 7.56,
            "book_valuer_per_share_4q_avg": 7.78,
            "equity": 461389,
            "current_ratio": 130.55,
            "debt_ratio": 47.12,
            "inventory_turnover_ratio": 0.97,
            "account_receivable_turnover_ratio": null,
            "reinvestment_rate": null,
            "research_to_sale_ratio": null,
            "price_fair": 0,
            "eps_avg_yearly": 0,
            "eps_latest_yearly": 0,
            "eps_growth_yearly": 0
        },
        "20063": {
            "year_quarter": 20063,
            "year": 2006,
            "quarter": 3,
            "eps": -0.02,
            "eps_growth_year": null,
            "eps_4q": -0.84,
            "eps_4q_growth_year": null,
            "roe": -0.21,
            "roe_4q": -10.100000000000001,
            "gross_profit": 19265,
            "gross_margin": 16.9,
            "gross_margin_4q_avg": 15.36,
            "net_income": -988,
            "revenue": 114018,
            "common_shares": 610256,
            "book_valuer_per_share": 7.59,
            "book_valuer_per_share_4q_avg": 7.6,
            "equity": 462926,
            "current_ratio": 126.95,
            "debt_ratio": 47.74,
            "inventory_turnover_ratio": 0.73,
            "account_receivable_turnover_ratio": null,
            "reinvestment_rate": null,
            "research_to_sale_ratio": null,
            "price_fair": 0,
            "eps_avg_yearly": 0,
            "eps_latest_yearly": 0,
            "eps_growth_yearly": 0
        },
        "20064": {
            "year_quarter": 20064,
            "year": 2006,
            "quarter": 4,
            "eps": -0.45,
            "eps_growth_year": null,
            "eps_4q": -0.57,
            "eps_4q_growth_year": -835.87,
            "roe": -5.8,
            "roe_4q": -7.43,
            "gross_profit": 20707,
            "gross_margin": 19.03,
            "gross_margin_4q_avg": 16.92,
            "net_income": -27247,
            "revenue": 108812,
            "common_shares": 610256,
            "book_valuer_per_share": 7.08,
            "book_valuer_per_share_4q_avg": 7.44,
            "equity": 477197,
            "current_ratio": 93.39,
            "debt_ratio": 59.5,
            "inventory_turnover_ratio": 0.41,
            "account_receivable_turnover_ratio": null,
            "reinvestment_rate": null,
            "research_to_sale_ratio": null,
            "price_fair": 0,
            "eps_avg_yearly": 0,
            "eps_latest_yearly": 0,
            "eps_growth_yearly": 0
        },
        "20071": {
            "year_quarter": 20071,
            "year": 2007,
            "quarter": 1,
            "eps": -0.15,
            "eps_growth_year": null,
            "eps_4q": -0.58,
            "eps_4q_growth_year": null,
            "roe": -2.05,
            "roe_4q": -7.7700000000000005,
            "gross_profit": 21097,
            "gross_margin": 18.85,
            "gross_margin_4q_avg": 17.59,
            "net_income": -9316,
            "revenue": 111913,
            "common_shares": 610256,
            "book_valuer_per_share": 7.1,
            "book_valuer_per_share_4q_avg": 7.33,
            "equity": 432984,
            "current_ratio": 119.28,
            "debt_ratio": 49.67,
            "inventory_turnover_ratio": 0.44,
            "account_receivable_turnover_ratio": null,
            "reinvestment_rate": null,
            "research_to_sale_ratio": null,
            "price_fair": 0,
            "eps_avg_yearly": 0,
            "eps_latest_yearly": 0,
            "eps_growth_yearly": 0
        },
        "20072": {
            "year_quarter": 20072,
            "year": 2007,
            "quarter": 2,
            "eps": 0,
            "eps_growth_year": -100,
            "eps_4q": -0.62,
            "eps_4q_growth_year": null,
            "roe": -0.07,
            "roe_4q": -8.13,
            "gross_profit": 26681,
            "gross_margin": 17.05,
            "gross_margin_4q_avg": 17.96,
            "net_income": -285,
            "revenue": 156529,
            "common_shares": 610256,
            "book_valuer_per_share": 7.13,
            "book_valuer_per_share_4q_avg": 7.23,
            "equity": 435126,
            "current_ratio": 118.08,
            "debt_ratio": 51.7,
            "inventory_turnover_ratio": 1.02,
            "account_receivable_turnover_ratio": null,
            "reinvestment_rate": null,
            "research_to_sale_ratio": null,
            "price_fair": 0,
            "eps_avg_yearly": 0,
            "eps_latest_yearly": 0,
            "eps_growth_yearly": 0
        },
        "20073": {
            "year_quarter": 20073,
            "year": 2007,
            "quarter": 3,
            "eps": 0.07,
            "eps_growth_year": null,
            "eps_4q": -0.53,
            "eps_4q_growth_year": null,
            "roe": 1,
            "roe_4q": -6.92,
            "gross_profit": 24587,
            "gross_margin": 18.73,
            "gross_margin_4q_avg": 18.42,
            "net_income": 4331,
            "revenue": 131261,
            "common_shares": 610256,
            "book_valuer_per_share": 7.1,
            "book_valuer_per_share_4q_avg": 7.1,
            "equity": 433248,
            "current_ratio": 104.53,
            "debt_ratio": 47.46,
            "inventory_turnover_ratio": 0.81,
            "account_receivable_turnover_ratio": null,
            "reinvestment_rate": null,
            "research_to_sale_ratio": null,
            "price_fair": 0,
            "eps_avg_yearly": 0,
            "eps_latest_yearly": 0,
            "eps_growth_yearly": 0
        },
        "20074": {
            "year_quarter": 20074,
            "year": 2007,
            "quarter": 4,
            "eps": -0.01,
            "eps_growth_year": null,
            "eps_4q": -0.13,
            "eps_4q_growth_year": null,
            "roe": -0.08,
            "roe_4q": -1.1999999999999997,
            "gross_profit": 25647,
            "gross_margin": 19.79,
            "gross_margin_4q_avg": 18.61,
            "net_income": -375,
            "revenue": 129614,
            "common_shares": 610256,
            "book_valuer_per_share": 7.17,
            "book_valuer_per_share_4q_avg": 7.13,
            "equity": 453578,
            "current_ratio": 120.58,
            "debt_ratio": 48.72,
            "inventory_turnover_ratio": 0.77,
            "account_receivable_turnover_ratio": null,
            "reinvestment_rate": null,
            "research_to_sale_ratio": null,
            "price_fair": 0,
            "eps_avg_yearly": 0,
            "eps_latest_yearly": 0,
            "eps_growth_yearly": 0
        },
        "20081": {
            "year_quarter": 20081,
            "year": 2008,
            "quarter": 1,
            "eps": 0,
            "eps_growth_year": null,
            "eps_4q": 0.06,
            "eps_4q_growth_year": null,
            "roe": 0.04,
            "roe_4q": 0.8899999999999999,
            "gross_profit": 29209,
            "gross_margin": 19.46,
            "gross_margin_4q_avg": 18.76,
            "net_income": 163,
            "revenue": 150121,
            "common_shares": 610256,
            "book_valuer_per_share": 7.13,
            "book_valuer_per_share_4q_avg": 7.13,
            "equity": 450909,
            "current_ratio": 117.45,
            "debt_ratio": 50.91,
            "inventory_turnover_ratio": 0.86,
            "account_receivable_turnover_ratio": null,
            "reinvestment_rate": null,
            "research_to_sale_ratio": null,
            "price_fair": 0,
            "eps_avg_yearly": 0,
            "eps_latest_yearly": 0,
            "eps_growth_yearly": 0
        },
        "20082": {
            "year_quarter": 20082,
            "year": 2008,
            "quarter": 2,
            "eps": 0.09,
            "eps_growth_year": null,
            "eps_4q": 0.16,
            "eps_4q_growth_year": null,
            "roe": 1.21,
            "roe_4q": 2.17,
            "gross_profit": 38316,
            "gross_margin": 19.76,
            "gross_margin_4q_avg": 19.44,
            "net_income": 5492,
            "revenue": 193869,
            "common_shares": 610256,
            "book_valuer_per_share": 7.25,
            "book_valuer_per_share_4q_avg": 7.16,
            "equity": 458819,
            "current_ratio": 114.31,
            "debt_ratio": 53.66,
            "inventory_turnover_ratio": 1.04,
            "account_receivable_turnover_ratio": null,
            "reinvestment_rate": null,
            "research_to_sale_ratio": null,
            "price_fair": 0,
            "eps_avg_yearly": 0,
            "eps_latest_yearly": 0,
            "eps_growth_yearly": 0
        },
        "20083": {
            "year_quarter": 20083,
            "year": 2008,
            "quarter": 3,
            "eps": -0.04,
            "eps_growth_year": -157.14,
            "eps_4q": 0.05,
            "eps_4q_growth_year": null,
            "roe": -0.67,
            "roe_4q": 0.49999999999999994,
            "gross_profit": 40478,
            "gross_margin": 25.85,
            "gross_margin_4q_avg": 21.22,
            "net_income": -3095,
            "revenue": 156599,
            "common_shares": 610256,
            "book_valuer_per_share": 7.32,
            "book_valuer_per_share_4q_avg": 7.22,
            "equity": 463275,
            "current_ratio": 114.15,
            "debt_ratio": 52.63,
            "inventory_turnover_ratio": 0.74,
            "account_receivable_turnover_ratio": null,
            "reinvestment_rate": null,
            "research_to_sale_ratio": null,
            "price_fair": 0,
            "eps_avg_yearly": 0,
            "eps_latest_yearly": 0,
            "eps_growth_yearly": 0
        },
        "20084": {
            "year_quarter": 20084,
            "year": 2008,
            "quarter": 4,
            "eps": -0.54,
            "eps_growth_year": null,
            "eps_4q": -0.45,
            "eps_4q_growth_year": null,
            "roe": -7.79,
            "roe_4q": -7.210000000000001,
            "gross_profit": 10124,
            "gross_margin": 12.82,
            "gross_margin_4q_avg": 19.47,
            "net_income": -34533,
            "revenue": 78999,
            "common_shares": 610256,
            "book_valuer_per_share": 6.71,
            "book_valuer_per_share_4q_avg": 7.1,
            "equity": 423603,
            "current_ratio": 126.2,
            "debt_ratio": 54.45,
            "inventory_turnover_ratio": 0.45,
            "account_receivable_turnover_ratio": 1.21,
            "reinvestment_rate": null,
            "research_to_sale_ratio": null,
            "price_fair": 0,
            "eps_avg_yearly": 0,
            "eps_latest_yearly": 0,
            "eps_growth_yearly": 0
        },
        "20091": {
            "year_quarter": 20091,
            "year": 2009,
            "quarter": 1,
            "eps": -0.16,
            "eps_growth_year": null,
            "eps_4q": -0.65,
            "eps_4q_growth_year": -1099.25,
            "roe": -2.44,
            "roe_4q": -9.690000000000001,
            "gross_profit": 17608,
            "gross_margin": 21.19,
            "gross_margin_4q_avg": 19.91,
            "net_income": -10189,
            "revenue": 83080,
            "common_shares": 610256,
            "book_valuer_per_share": 6.53,
            "book_valuer_per_share_4q_avg": 6.95,
            "equity": 411530,
            "current_ratio": 120.4,
            "debt_ratio": 56.63,
            "inventory_turnover_ratio": 0.42,
            "account_receivable_turnover_ratio": 0.61,
            "reinvestment_rate": null,
            "research_to_sale_ratio": null,
            "price_fair": 0,
            "eps_avg_yearly": 0,
            "eps_latest_yearly": 0,
            "eps_growth_yearly": 0
        },
        "20092": {
            "year_quarter": 20092,
            "year": 2009,
            "quarter": 2,
            "eps": -0.32,
            "eps_growth_year": -455.56,
            "eps_4q": -1.05,
            "eps_4q_growth_year": -772.19,
            "roe": -4.89,
            "roe_4q": -15.790000000000001,
            "gross_profit": 25137,
            "gross_margin": 18.47,
            "gross_margin_4q_avg": 19.58,
            "net_income": -19686,
            "revenue": 136065,
            "common_shares": 610256,
            "book_valuer_per_share": 6.22,
            "book_valuer_per_share_4q_avg": 6.7,
            "equity": 393053,
            "current_ratio": 118.14,
            "debt_ratio": 59.81,
            "inventory_turnover_ratio": 0.66,
            "account_receivable_turnover_ratio": 0.89,
            "reinvestment_rate": null,
            "research_to_sale_ratio": null,
            "price_fair": 0,
            "eps_avg_yearly": 0,
            "eps_latest_yearly": 0,
            "eps_growth_yearly": 0
        },
        "20093": {
            "year_quarter": 20093,
            "year": 2009,
            "quarter": 3,
            "eps": -0.06,
            "eps_growth_year": null,
            "eps_4q": -1.07,
            "eps_4q_growth_year": -2366.06,
            "roe": -0.93,
            "roe_4q": -16.05,
            "gross_profit": 25786,
            "gross_margin": 23.29,
            "gross_margin_4q_avg": 18.94,
            "net_income": -3657,
            "revenue": 110718,
            "common_shares": 610256,
            "book_valuer_per_share": 6.17,
            "book_valuer_per_share_4q_avg": 6.41,
            "equity": 389436,
            "current_ratio": 124.87,
            "debt_ratio": 59.8,
            "inventory_turnover_ratio": 0.48,
            "account_receivable_turnover_ratio": 0.69,
            "reinvestment_rate": null,
            "research_to_sale_ratio": null,
            "price_fair": 0,
            "eps_avg_yearly": 0,
            "eps_latest_yearly": 0,
            "eps_growth_yearly": 0
        },
        "20094": {
            "year_quarter": 20094,
            "year": 2009,
            "quarter": 4,
            "eps": -0.63,
            "eps_growth_year": null,
            "eps_4q": -1.54,
            "eps_4q_growth_year": null,
            "roe": -6.02,
            "roe_4q": -14.28,
            "gross_profit": 21531,
            "gross_margin": 19.3,
            "gross_margin_4q_avg": 20.56,
            "net_income": -22772,
            "revenue": 111571,
            "common_shares": 364100,
            "book_valuer_per_share": 9.86,
            "book_valuer_per_share_4q_avg": 7.2,
            "equity": 367149,
            "current_ratio": 109.62,
            "debt_ratio": 60.41,
            "inventory_turnover_ratio": 0.51,
            "account_receivable_turnover_ratio": 1.34,
            "reinvestment_rate": null,
            "research_to_sale_ratio": null,
            "price_fair": 0,
            "eps_avg_yearly": 0,
            "eps_latest_yearly": 0,
            "eps_growth_yearly": 0
        },
        "20101": {
            "year_quarter": 20101,
            "year": 2010,
            "quarter": 1,
            "eps": 0.12,
            "eps_growth_year": null,
            "eps_4q": -1.15,
            "eps_4q_growth_year": null,
            "roe": 1.1,
            "roe_4q": -10.739999999999998,
            "gross_profit": 32028,
            "gross_margin": 23.77,
            "gross_margin_4q_avg": 21.21,
            "net_income": 4044,
            "revenue": 134719,
            "common_shares": 364100,
            "book_valuer_per_share": 9.97,
            "book_valuer_per_share_4q_avg": 8.06,
            "equity": 370700,
            "current_ratio": 108.59,
            "debt_ratio": 59.9,
            "inventory_turnover_ratio": 0.6,
            "account_receivable_turnover_ratio": 0.75,
            "reinvestment_rate": null,
            "research_to_sale_ratio": 0.53,
            "price_fair": 0,
            "eps_avg_yearly": 0,
            "eps_latest_yearly": 0,
            "eps_growth_yearly": 0
        },
        "20102": {
            "year_quarter": 20102,
            "year": 2010,
            "quarter": 2,
            "eps": -0.13,
            "eps_growth_year": null,
            "eps_4q": -0.73,
            "eps_4q_growth_year": null,
            "roe": -1.28,
            "roe_4q": -7.129999999999999,
            "gross_profit": 36712,
            "gross_margin": 20.89,
            "gross_margin_4q_avg": 21.81,
            "net_income": -4724,
            "revenue": 175755,
            "common_shares": 364100,
            "book_valuer_per_share": 9.83,
            "book_valuer_per_share_4q_avg": 8.96,
            "equity": 365803,
            "current_ratio": 110.16,
            "debt_ratio": 61.55,
            "inventory_turnover_ratio": 0.82,
            "account_receivable_turnover_ratio": 0.86,
            "reinvestment_rate": null,
            "research_to_sale_ratio": 0.08,
            "price_fair": 0,
            "eps_avg_yearly": 0,
            "eps_latest_yearly": 0,
            "eps_growth_yearly": 0
        },
        "20103": {
            "year_quarter": 20103,
            "year": 2010,
            "quarter": 3,
            "eps": -0.16,
            "eps_growth_year": null,
            "eps_4q": -0.8,
            "eps_4q_growth_year": null,
            "roe": -1.67,
            "roe_4q": -7.869999999999999,
            "gross_profit": 26115,
            "gross_margin": 18.87,
            "gross_margin_4q_avg": 20.71,
            "net_income": -6084,
            "revenue": 138367,
            "common_shares": 364100,
            "book_valuer_per_share": 9.76,
            "book_valuer_per_share_4q_avg": 9.86,
            "equity": 364279,
            "current_ratio": 109.97,
            "debt_ratio": 63.24,
            "inventory_turnover_ratio": 0.64,
            "account_receivable_turnover_ratio": 0.65,
            "reinvestment_rate": null,
            "research_to_sale_ratio": 1.12,
            "price_fair": 0,
            "eps_avg_yearly": 0,
            "eps_latest_yearly": 0,
            "eps_growth_yearly": 0
        },
        "20104": {
            "year_quarter": 20104,
            "year": 2010,
            "quarter": 4,
            "eps": -0.47,
            "eps_growth_year": null,
            "eps_4q": -0.64,
            "eps_4q_growth_year": null,
            "roe": -4.78,
            "roe_4q": -6.630000000000001,
            "gross_profit": 33028,
            "gross_margin": 20.95,
            "gross_margin_4q_avg": 21.12,
            "net_income": -17405,
            "revenue": 157673,
            "common_shares": 364100,
            "book_valuer_per_share": 9.76,
            "book_valuer_per_share_4q_avg": 9.83,
            "equity": 363244,
            "current_ratio": 100.09,
            "debt_ratio": 60.72,
            "inventory_turnover_ratio": 0.72,
            "account_receivable_turnover_ratio": 0.78,
            "reinvestment_rate": null,
            "research_to_sale_ratio": -0.43,
            "price_fair": 0,
            "eps_avg_yearly": 0,
            "eps_latest_yearly": 0,
            "eps_growth_yearly": 0
        },
        "20111": {
            "year_quarter": 20111,
            "year": 2011,
            "quarter": 1,
            "eps": -0.09,
            "eps_growth_year": -175,
            "eps_4q": -0.85,
            "eps_4q_growth_year": null,
            "roe": -0.92,
            "roe_4q": -8.65,
            "gross_profit": 31153,
            "gross_margin": 19.97,
            "gross_margin_4q_avg": 20.17,
            "net_income": -3355,
            "revenue": 156007,
            "common_shares": 364100,
            "book_valuer_per_share": 9.73,
            "book_valuer_per_share_4q_avg": 9.77,
            "equity": 362207,
            "current_ratio": 99.98,
            "debt_ratio": 62.44,
            "inventory_turnover_ratio": 0.76,
            "account_receivable_turnover_ratio": 0.74,
            "reinvestment_rate": null,
            "research_to_sale_ratio": 0.25,
            "price_fair": 0,
            "eps_avg_yearly": 0,
            "eps_latest_yearly": 0,
            "eps_growth_yearly": 0
        },
        "20112": {
            "year_quarter": 20112,
            "year": 2011,
            "quarter": 2,
            "eps": -0.09,
            "eps_growth_year": null,
            "eps_4q": -0.43,
            "eps_4q_growth_year": null,
            "roe": -1.11,
            "roe_4q": -8.48,
            "gross_profit": 31564,
            "gross_margin": 21.67,
            "gross_margin_4q_avg": 20.37,
            "net_income": -6558,
            "revenue": 145678,
            "common_shares": 764100,
            "book_valuer_per_share": 10.65,
            "book_valuer_per_share_4q_avg": 9.98,
            "equity": 821245,
            "current_ratio": 222.99,
            "debt_ratio": 36.18,
            "inventory_turnover_ratio": 0.63,
            "account_receivable_turnover_ratio": 0.68,
            "reinvestment_rate": null,
            "research_to_sale_ratio": 0.67,
            "price_fair": 0,
            "eps_avg_yearly": 0,
            "eps_latest_yearly": 0,
            "eps_growth_yearly": 0
        },
        "20113": {
            "year_quarter": 20113,
            "year": 2011,
            "quarter": 3,
            "eps": -1.35,
            "eps_growth_year": null,
            "eps_4q": -1.7,
            "eps_4q_growth_year": null,
            "roe": -13.68,
            "roe_4q": -20.49,
            "gross_profit": -19667,
            "gross_margin": -14.14,
            "gross_margin_4q_avg": 12.11,
            "net_income": -105185,
            "revenue": 139136,
            "common_shares": 764100,
            "book_valuer_per_share": 9.3,
            "book_valuer_per_share_4q_avg": 9.86,
            "equity": 716220,
            "current_ratio": 201.03,
            "debt_ratio": 37.63,
            "inventory_turnover_ratio": 0.94,
            "account_receivable_turnover_ratio": 0.71,
            "reinvestment_rate": null,
            "research_to_sale_ratio": 0.54,
            "price_fair": 0,
            "eps_avg_yearly": 0,
            "eps_latest_yearly": 0,
            "eps_growth_yearly": 0
        },
        "20114": {
            "year_quarter": 20114,
            "year": 2011,
            "quarter": 4,
            "eps": -1.69,
            "eps_growth_year": null,
            "eps_4q": -3.17,
            "eps_4q_growth_year": null,
            "roe": -19.7,
            "roe_4q": -35.41,
            "gross_profit": 694,
            "gross_margin": 0.66,
            "gross_margin_4q_avg": 7.04,
            "net_income": -126230,
            "revenue": 105815,
            "common_shares": 764100,
            "book_valuer_per_share": 7.44,
            "book_valuer_per_share_4q_avg": 9.28,
            "equity": 565525,
            "current_ratio": 180.66,
            "debt_ratio": 44.79,
            "inventory_turnover_ratio": 0.69,
            "account_receivable_turnover_ratio": 0.59,
            "reinvestment_rate": null,
            "research_to_sale_ratio": -0.52,
            "price_fair": 0,
            "eps_avg_yearly": 0,
            "eps_latest_yearly": 0,
            "eps_growth_yearly": 0
        },
        "20121": {
            "year_quarter": 20121,
            "year": 2012,
            "quarter": 1,
            "eps": 0.01,
            "eps_growth_year": null,
            "eps_4q": -3.12,
            "eps_4q_growth_year": null,
            "roe": 0.17,
            "roe_4q": -34.31999999999999,
            "gross_profit": 26691,
            "gross_margin": 19.42,
            "gross_margin_4q_avg": 6.9,
            "net_income": 963,
            "revenue": 137438,
            "common_shares": 764100,
            "book_valuer_per_share": 7.44,
            "book_valuer_per_share_4q_avg": 8.71,
            "equity": 565631,
            "current_ratio": 171.38,
            "debt_ratio": 46.65,
            "inventory_turnover_ratio": 0.65,
            "account_receivable_turnover_ratio": 0.73,
            "reinvestment_rate": null,
            "research_to_sale_ratio": 0.29,
            "price_fair": 0,
            "eps_avg_yearly": 0,
            "eps_latest_yearly": 0,
            "eps_growth_yearly": 0
        },
        "20122": {
            "year_quarter": 20122,
            "year": 2012,
            "quarter": 2,
            "eps": -0.08,
            "eps_growth_year": null,
            "eps_4q": -3.11,
            "eps_4q_growth_year": null,
            "roe": -1.01,
            "roe_4q": -34.22,
            "gross_profit": 20728,
            "gross_margin": 14.78,
            "gross_margin_4q_avg": 5.18,
            "net_income": -5703,
            "revenue": 140232,
            "common_shares": 764100,
            "book_valuer_per_share": 7.37,
            "book_valuer_per_share_4q_avg": 7.89,
            "equity": 560646,
            "current_ratio": 174.21,
            "debt_ratio": 45.4,
            "inventory_turnover_ratio": 0.72,
            "account_receivable_turnover_ratio": 0.69,
            "reinvestment_rate": null,
            "research_to_sale_ratio": 0.29,
            "price_fair": 0,
            "eps_avg_yearly": 0,
            "eps_latest_yearly": 0,
            "eps_growth_yearly": 0
        },
        "20123": {
            "year_quarter": 20123,
            "year": 2012,
            "quarter": 3,
            "eps": -0.13,
            "eps_growth_year": null,
            "eps_4q": -1.88,
            "eps_4q_growth_year": null,
            "roe": -1.74,
            "roe_4q": -22.28,
            "gross_profit": 32593,
            "gross_margin": 23.59,
            "gross_margin_4q_avg": 14.61,
            "net_income": -9673,
            "revenue": 138157,
            "common_shares": 764100,
            "book_valuer_per_share": 7.23,
            "book_valuer_per_share_4q_avg": 7.37,
            "equity": 549684,
            "current_ratio": 168.3,
            "debt_ratio": 45.99,
            "inventory_turnover_ratio": 0.69,
            "account_receivable_turnover_ratio": 0.7,
            "reinvestment_rate": null,
            "research_to_sale_ratio": 0.29,
            "price_fair": 0,
            "eps_avg_yearly": 0,
            "eps_latest_yearly": 0,
            "eps_growth_yearly": 0
        },
        "20124": {
            "year_quarter": 20124,
            "year": 2012,
            "quarter": 4,
            "eps": -0,
            "eps_growth_year": null,
            "eps_4q": -0.08,
            "eps_4q_growth_year": null,
            "roe": -0.06,
            "roe_4q": -2.64,
            "gross_profit": 31710,
            "gross_margin": 17.81,
            "gross_margin_4q_avg": 18.9,
            "net_income": -917,
            "revenue": 178063,
            "common_shares": 2000000,
            "book_valuer_per_share": 12.26,
            "book_valuer_per_share_4q_avg": 8.58,
            "equity": 2447177,
            "current_ratio": 1256.54,
            "debt_ratio": 9.06,
            "inventory_turnover_ratio": 1.03,
            "account_receivable_turnover_ratio": 0.87,
            "reinvestment_rate": null,
            "research_to_sale_ratio": 0.22,
            "price_fair": 0,
            "eps_avg_yearly": 0,
            "eps_latest_yearly": 0,
            "eps_growth_yearly": 0
        },
        "20131": {
            "year_quarter": 20131,
            "year": 2013,
            "quarter": 1,
            "eps": 0.16,
            "eps_growth_year": 1500,
            "eps_4q": 0.08,
            "eps_4q_growth_year": null,
            "roe": 1.28,
            "roe_4q": -1.53,
            "gross_profit": 35901,
            "gross_margin": 23.98,
            "gross_margin_4q_avg": 20.04,
            "net_income": 31878,
            "revenue": 149692,
            "common_shares": 2000000,
            "book_valuer_per_share": 12.59,
            "book_valuer_per_share_4q_avg": 9.86,
            "equity": 2517816,
            "current_ratio": 78.17,
            "debt_ratio": 49.19,
            "inventory_turnover_ratio": 0.81,
            "account_receivable_turnover_ratio": 0.67,
            "reinvestment_rate": null,
            "research_to_sale_ratio": 0.26,
            "price_fair": 0,
            "eps_avg_yearly": 0,
            "eps_latest_yearly": 0,
            "eps_growth_yearly": 0
        },
        "20132": {
            "year_quarter": 20132,
            "year": 2013,
            "quarter": 2,
            "eps": -0.12,
            "eps_growth_year": null,
            "eps_4q": -0.01,
            "eps_4q_growth_year": null,
            "roe": -0.96,
            "roe_4q": -1.48,
            "gross_profit": 39835,
            "gross_margin": 18.82,
            "gross_margin_4q_avg": 21.05,
            "net_income": -23868,
            "revenue": 211629,
            "common_shares": 2000000,
            "book_valuer_per_share": 12.24,
            "book_valuer_per_share_4q_avg": 11.08,
            "equity": 2448742,
            "current_ratio": 188.32,
            "debt_ratio": 37.55,
            "inventory_turnover_ratio": 1.06,
            "account_receivable_turnover_ratio": 0.85,
            "reinvestment_rate": null,
            "research_to_sale_ratio": 0.16,
            "price_fair": 0,
            "eps_avg_yearly": 0,
            "eps_latest_yearly": 0,
            "eps_growth_yearly": 0
        },
        "20133": {
            "year_quarter": 20133,
            "year": 2013,
            "quarter": 3,
            "eps": -0.14,
            "eps_growth_year": null,
            "eps_4q": -0.1,
            "eps_4q_growth_year": null,
            "roe": -1.14,
            "roe_4q": -0.8799999999999997,
            "gross_profit": 41011,
            "gross_margin": 20.68,
            "gross_margin_4q_avg": 20.32,
            "net_income": -27928,
            "revenue": 198291,
            "common_shares": 2000000,
            "book_valuer_per_share": 12.29,
            "book_valuer_per_share_4q_avg": 12.35,
            "equity": 2458252,
            "current_ratio": 178.26,
            "debt_ratio": 37.1,
            "inventory_turnover_ratio": 0.89,
            "account_receivable_turnover_ratio": 0.75,
            "reinvestment_rate": null,
            "research_to_sale_ratio": 0.21,
            "price_fair": 0,
            "eps_avg_yearly": 0,
            "eps_latest_yearly": 0,
            "eps_growth_yearly": 0
        },
        "20134": {
            "year_quarter": 20134,
            "year": 2013,
            "quarter": 4,
            "eps": 0.08,
            "eps_growth_year": null,
            "eps_4q": -0.02,
            "eps_4q_growth_year": null,
            "roe": 0.67,
            "roe_4q": -0.1499999999999997,
            "gross_profit": 35559,
            "gross_margin": 19.41,
            "gross_margin_4q_avg": 20.72,
            "net_income": 16652,
            "revenue": 183158,
            "common_shares": 2000000,
            "book_valuer_per_share": 12.45,
            "book_valuer_per_share_4q_avg": 12.39,
            "equity": 2484646,
            "current_ratio": 195.01,
            "debt_ratio": 35.29,
            "inventory_turnover_ratio": 0.7,
            "account_receivable_turnover_ratio": 0.72,
            "reinvestment_rate": null,
            "research_to_sale_ratio": 0.23,
            "price_fair": 0,
            "eps_avg_yearly": 0,
            "eps_latest_yearly": 0,
            "eps_growth_yearly": 0
        },
        "20141": {
            "year_quarter": 20141,
            "year": 2014,
            "quarter": 1,
            "eps": 0.04,
            "eps_growth_year": -75,
            "eps_4q": -0.14,
            "eps_4q_growth_year": -279.45,
            "roe": 0.28,
            "roe_4q": -1.15,
            "gross_profit": 52861,
            "gross_margin": 19.04,
            "gross_margin_4q_avg": 19.49,
            "net_income": 7230,
            "revenue": 277612,
            "common_shares": 2000000,
            "book_valuer_per_share": 13.12,
            "book_valuer_per_share_4q_avg": 12.53,
            "equity": 2619548,
            "current_ratio": 184.51,
            "debt_ratio": 35.41,
            "inventory_turnover_ratio": 0.88,
            "account_receivable_turnover_ratio": 0.95,
            "reinvestment_rate": null,
            "research_to_sale_ratio": 0.16,
            "price_fair": 0.48,
            "eps_avg_yearly": 0.16,
            "eps_latest_yearly": 0.16,
            "eps_growth_yearly": -200
        },
        "20142": {
            "year_quarter": 20142,
            "year": 2014,
            "quarter": 2,
            "eps": -0.11,
            "eps_growth_year": null,
            "eps_4q": -0.13,
            "eps_4q_growth_year": null,
            "roe": -0.88,
            "roe_4q": -1.0699999999999998,
            "gross_profit": 67574,
            "gross_margin": 17.48,
            "gross_margin_4q_avg": 19.15,
            "net_income": -22623,
            "revenue": 386578,
            "common_shares": 2000000,
            "book_valuer_per_share": 12.75,
            "book_valuer_per_share_4q_avg": 12.65,
            "equity": 2544896,
            "current_ratio": 131.01,
            "debt_ratio": 38.78,
            "inventory_turnover_ratio": 1.1,
            "account_receivable_turnover_ratio": 0.95,
            "reinvestment_rate": null,
            "research_to_sale_ratio": 0.1,
            "price_fair": 0.48,
            "eps_avg_yearly": 0.16,
            "eps_latest_yearly": 0.16,
            "eps_growth_yearly": -200
        },
        "20143": {
            "year_quarter": 20143,
            "year": 2014,
            "quarter": 3,
            "eps": 0.15,
            "eps_growth_year": null,
            "eps_4q": 0.16,
            "eps_4q_growth_year": null,
            "roe": 1.16,
            "roe_4q": 1.23,
            "gross_profit": 56246,
            "gross_margin": 19.2,
            "gross_margin_4q_avg": 18.78,
            "net_income": 29871,
            "revenue": 292941,
            "common_shares": 2000000,
            "book_valuer_per_share": 13.08,
            "book_valuer_per_share_4q_avg": 12.85,
            "equity": 2610985,
            "current_ratio": 134.09,
            "debt_ratio": 37.27,
            "inventory_turnover_ratio": 0.68,
            "account_receivable_turnover_ratio": 0.62,
            "reinvestment_rate": null,
            "research_to_sale_ratio": 0.14,
            "price_fair": 0.48,
            "eps_avg_yearly": 0.16,
            "eps_latest_yearly": 0.16,
            "eps_growth_yearly": -200
        },
        "20144": {
            "year_quarter": 20144,
            "year": 2014,
            "quarter": 4,
            "eps": 0.43,
            "eps_growth_year": 419.54,
            "eps_4q": 0.51,
            "eps_4q_growth_year": null,
            "roe": 3.25,
            "roe_4q": 3.8100000000000005,
            "gross_profit": 42446,
            "gross_margin": 17,
            "gross_margin_4q_avg": 18.18,
            "net_income": 86514,
            "revenue": 249679,
            "common_shares": 2000000,
            "book_valuer_per_share": 13.56,
            "book_valuer_per_share_4q_avg": 13.13,
            "equity": 2707754,
            "current_ratio": 99.44,
            "debt_ratio": 34.88,
            "inventory_turnover_ratio": 0.58,
            "account_receivable_turnover_ratio": 0.54,
            "reinvestment_rate": null,
            "research_to_sale_ratio": 0.17,
            "price_fair": 32.9,
            "eps_avg_yearly": 0.94,
            "eps_latest_yearly": 1.72,
            "eps_growth_yearly": 273.33
        },
        "20151": {
            "year_quarter": 20151,
            "year": 2015,
            "quarter": 1,
            "eps": 0.26,
            "eps_growth_year": 550,
            "eps_4q": 0.73,
            "eps_4q_growth_year": null,
            "roe": 1.94,
            "roe_4q": 5.47,
            "gross_profit": 48834,
            "gross_margin": 17.44,
            "gross_margin_4q_avg": 17.78,
            "net_income": 52737,
            "revenue": 280059,
            "common_shares": 2000000,
            "book_valuer_per_share": 13.67,
            "book_valuer_per_share_4q_avg": 13.27,
            "equity": 2728273,
            "current_ratio": 99.37,
            "debt_ratio": 34.53,
            "inventory_turnover_ratio": 0.7,
            "account_receivable_turnover_ratio": 0.61,
            "reinvestment_rate": null,
            "research_to_sale_ratio": 0.15,
            "price_fair": 34.07,
            "eps_avg_yearly": 0.97,
            "eps_latest_yearly": 1.04,
            "eps_growth_yearly": 129.51
        },
        "20152": {
            "year_quarter": 20152,
            "year": 2015,
            "quarter": 2,
            "eps": 0.12,
            "eps_growth_year": null,
            "eps_4q": 0.96,
            "eps_4q_growth_year": null,
            "roe": 0.85,
            "roe_4q": 7.2,
            "gross_profit": 45481,
            "gross_margin": 15.68,
            "gross_margin_4q_avg": 17.33,
            "net_income": 23070,
            "revenue": 290073,
            "common_shares": 2000000,
            "book_valuer_per_share": 13.63,
            "book_valuer_per_share_4q_avg": 13.49,
            "equity": 2721115,
            "current_ratio": 94.84,
            "debt_ratio": 32.25,
            "inventory_turnover_ratio": 0.77,
            "account_receivable_turnover_ratio": 0.62,
            "reinvestment_rate": null,
            "research_to_sale_ratio": 0.15,
            "price_fair": 29.75,
            "eps_avg_yearly": 0.85,
            "eps_latest_yearly": 0.48,
            "eps_growth_yearly": 43.29
        },
        "20153": {
            "year_quarter": 20153,
            "year": 2015,
            "quarter": 3,
            "eps": 0.05,
            "eps_growth_year": -66.67,
            "eps_4q": 0.87,
            "eps_4q_growth_year": 456,
            "roe": 0.38,
            "roe_4q": 6.42,
            "gross_profit": 39995,
            "gross_margin": 17.17,
            "gross_margin_4q_avg": 16.82,
            "net_income": 10763,
            "revenue": 232881,
            "common_shares": 2000000,
            "book_valuer_per_share": 14.46,
            "book_valuer_per_share_4q_avg": 13.83,
            "equity": 2886435,
            "current_ratio": 95.12,
            "debt_ratio": 31.64,
            "inventory_turnover_ratio": 0.59,
            "account_receivable_turnover_ratio": 0.55,
            "reinvestment_rate": 6748.13,
            "research_to_sale_ratio": 0.18,
            "price_fair": 2.16,
            "eps_avg_yearly": 0.72,
            "eps_latest_yearly": 0.2,
            "eps_growth_yearly": -12.04
        },
        "20154": {
            "year_quarter": 20154,
            "year": 2015,
            "quarter": 4,
            "eps": -0.08,
            "eps_growth_year": -117.81,
            "eps_4q": 0.36,
            "eps_4q_growth_year": -29.57,
            "roe": -0.53,
            "roe_4q": 2.6399999999999997,
            "gross_profit": 17722,
            "gross_margin": 7.91,
            "gross_margin_4q_avg": 14.55,
            "net_income": -15415,
            "revenue": 224138,
            "common_shares": 2000000,
            "book_valuer_per_share": 14.49,
            "book_valuer_per_share_4q_avg": 14.06,
            "equity": 2892573,
            "current_ratio": 90.5,
            "debt_ratio": 25.87,
            "inventory_turnover_ratio": 0.62,
            "account_receivable_turnover_ratio": 0.62,
            "reinvestment_rate": 1809.24,
            "research_to_sale_ratio": 0.19,
            "price_fair": 2.16,
            "eps_avg_yearly": 0.72,
            "eps_latest_yearly": 0.2,
            "eps_growth_yearly": -12.04
        },
        "20161": {
            "year_quarter": 20161,
            "year": 2016,
            "quarter": 1,
            "eps": -0.15,
            "eps_growth_year": -157.69,
            "eps_4q": -0.06,
            "eps_4q_growth_year": -108.24,
            "roe": -1.07,
            "roe_4q": -0.3700000000000002,
            "gross_profit": 38487,
            "gross_margin": 17.25,
            "gross_margin_4q_avg": 14.5,
            "net_income": -32002,
            "revenue": 223098,
            "common_shares": 2250000,
            "book_valuer_per_share": 13.67,
            "book_valuer_per_share_4q_avg": 14.06,
            "equity": 3069622,
            "current_ratio": 127.61,
            "debt_ratio": 17.1,
            "inventory_turnover_ratio": 0.61,
            "account_receivable_turnover_ratio": 0.73,
            "reinvestment_rate": 2240.85,
            "research_to_sale_ratio": 0.19,
            "price_fair": 2.16,
            "eps_avg_yearly": 0.72,
            "eps_latest_yearly": 0.2,
            "eps_growth_yearly": -12.04
        },
        "20162": {
            "year_quarter": 20162,
            "year": 2016,
            "quarter": 2,
            "eps": -0.12,
            "eps_growth_year": -200,
            "eps_4q": -0.28,
            "eps_4q_growth_year": -129.24,
            "roe": -0.87,
            "roe_4q": -2.09,
            "gross_profit": 44612,
            "gross_margin": 17.47,
            "gross_margin_4q_avg": 14.95,
            "net_income": -26589,
            "revenue": 255307,
            "common_shares": 2250000,
            "book_valuer_per_share": 13.59,
            "book_valuer_per_share_4q_avg": 14.05,
            "equity": 3053583,
            "current_ratio": 135.04,
            "debt_ratio": 18.67,
            "inventory_turnover_ratio": 0.78,
            "account_receivable_turnover_ratio": 0.88,
            "reinvestment_rate": 2635.52,
            "research_to_sale_ratio": 0.16,
            "price_fair": 2.16,
            "eps_avg_yearly": 0.72,
            "eps_latest_yearly": 0.2,
            "eps_growth_yearly": -12.04
        },
        "20163": {
            "year_quarter": 20163,
            "year": 2016,
            "quarter": 3,
            "eps": -0.08,
            "eps_growth_year": -260,
            "eps_4q": -0.41,
            "eps_4q_growth_year": -147.69,
            "roe": -0.63,
            "roe_4q": -3.1000000000000005,
            "gross_profit": 25950,
            "gross_margin": 17.1,
            "gross_margin_4q_avg": 14.93,
            "net_income": -18876,
            "revenue": 151726,
            "common_shares": 2250000,
            "book_valuer_per_share": 13.22,
            "book_valuer_per_share_4q_avg": 13.74,
            "equity": 2970440,
            "current_ratio": 131,
            "debt_ratio": 17.77,
            "inventory_turnover_ratio": 0.46,
            "account_receivable_turnover_ratio": 0.57,
            "reinvestment_rate": 2821.16,
            "research_to_sale_ratio": 0.28,
            "price_fair": 2.16,
            "eps_avg_yearly": 0.72,
            "eps_latest_yearly": 0.2,
            "eps_growth_yearly": -12.04
        },
        "20164": {
            "year_quarter": 20164,
            "year": 2016,
            "quarter": 4,
            "eps": -3.71,
            "eps_growth_year": null,
            "eps_4q": -4.05,
            "eps_4q_growth_year": -1237.17,
            "roe": -31.79,
            "roe_4q": -34.36,
            "gross_profit": -8117,
            "gross_margin": -4.39,
            "gross_margin_4q_avg": 11.86,
            "net_income": -832705,
            "revenue": 184764,
            "common_shares": 2250000,
            "book_valuer_per_share": 10.1,
            "book_valuer_per_share_4q_avg": 12.65,
            "equity": 2268874,
            "current_ratio": 124.34,
            "debt_ratio": 20.48,
            "inventory_turnover_ratio": 0.78,
            "account_receivable_turnover_ratio": 0.95,
            "reinvestment_rate": null,
            "research_to_sale_ratio": 0.24,
            "price_fair": 2.16,
            "eps_avg_yearly": 0.72,
            "eps_latest_yearly": 0.2,
            "eps_growth_yearly": -12.04
        },
        "20171": {
            "year_quarter": 20171,
            "year": 2017,
            "quarter": 1,
            "eps": -0.1,
            "eps_growth_year": null,
            "eps_4q": -4,
            "eps_4q_growth_year": null,
            "roe": -0.97,
            "roe_4q": -34.26,
            "gross_profit": 38696,
            "gross_margin": 23.44,
            "gross_margin_4q_avg": 13.41,
            "net_income": -21367,
            "revenue": 165058,
            "common_shares": 2250000,
            "book_valuer_per_share": 9.56,
            "book_valuer_per_share_4q_avg": 11.62,
            "equity": 2146856,
            "current_ratio": 122.05,
            "debt_ratio": 20.4,
            "inventory_turnover_ratio": 0.6,
            "account_receivable_turnover_ratio": 1.08,
            "reinvestment_rate": null,
            "research_to_sale_ratio": 0.04,
            "price_fair": 2.16,
            "eps_avg_yearly": 0.72,
            "eps_latest_yearly": 0.2,
            "eps_growth_yearly": -12.04
        },
        "20172": {
            "year_quarter": 20172,
            "year": 2017,
            "quarter": 2,
            "eps": -0.18,
            "eps_growth_year": null,
            "eps_4q": -4.07,
            "eps_4q_growth_year": null,
            "roe": -1.88,
            "roe_4q": -35.27,
            "gross_profit": 24140,
            "gross_margin": 16.51,
            "gross_margin_4q_avg": 13.17,
            "net_income": -40116,
            "revenue": 146199,
            "common_shares": 2250000,
            "book_valuer_per_share": 9.43,
            "book_valuer_per_share_4q_avg": 10.58,
            "equity": 2119023,
            "current_ratio": 121.02,
            "debt_ratio": 19.94,
            "inventory_turnover_ratio": 0.56,
            "account_receivable_turnover_ratio": 1.12,
            "reinvestment_rate": null,
            "research_to_sale_ratio": -0,
            "price_fair": 2.16,
            "eps_avg_yearly": 0.72,
            "eps_latest_yearly": 0.2,
            "eps_growth_yearly": -12.04
        },
        "20173": {
            "year_quarter": 20173,
            "year": 2017,
            "quarter": 3,
            "eps": -0.08,
            "eps_growth_year": null,
            "eps_4q": -4.06,
            "eps_4q_growth_year": null,
            "roe": -0.8,
            "roe_4q": -35.44,
            "gross_profit": 5584,
            "gross_margin": 4.98,
            "gross_margin_4q_avg": 10.14,
            "net_income": -16881,
            "revenue": 112192,
            "common_shares": 2250000,
            "book_valuer_per_share": 9.31,
            "book_valuer_per_share_4q_avg": 9.6,
            "equity": 2092043,
            "current_ratio": 119.56,
            "debt_ratio": 18.87,
            "inventory_turnover_ratio": 0.51,
            "account_receivable_turnover_ratio": 0.95,
            "reinvestment_rate": null,
            "research_to_sale_ratio": 0,
            "price_fair": 2.16,
            "eps_avg_yearly": 0.72,
            "eps_latest_yearly": 0.2,
            "eps_growth_yearly": -12.04
        },
        "20174": {
            "year_quarter": 20174,
            "year": 2017,
            "quarter": 4,
            "eps": -2.76,
            "eps_growth_year": null,
            "eps_4q": -3.11,
            "eps_4q_growth_year": null,
            "roe": -34.72,
            "roe_4q": -38.37,
            "gross_profit": 29608,
            "gross_margin": 30.07,
            "gross_margin_4q_avg": 18.75,
            "net_income": -620595,
            "revenue": 98468,
            "common_shares": 2250000,
            "book_valuer_per_share": 6.6,
            "book_valuer_per_share_4q_avg": 8.73,
            "equity": 1482819,
            "current_ratio": 116.05,
            "debt_ratio": 23.17,
            "inventory_turnover_ratio": 0.36,
            "account_receivable_turnover_ratio": 1.06,
            "reinvestment_rate": null,
            "research_to_sale_ratio": 0,
            "price_fair": 2.16,
            "eps_avg_yearly": 0.72,
            "eps_latest_yearly": 0.2,
            "eps_growth_yearly": -12.04
        },
        "20181": {
            "year_quarter": 20181,
            "year": 2018,
            "quarter": 1,
            "eps": 0.04,
            "eps_growth_year": null,
            "eps_4q": -2.97,
            "eps_4q_growth_year": null,
            "roe": 0.69,
            "roe_4q": -36.71,
            "gross_profit": 8185,
            "gross_margin": 7.09,
            "gross_margin_4q_avg": 14.66,
            "net_income": 10021,
            "revenue": 115469,
            "common_shares": 2250000,
            "book_valuer_per_share": 6.39,
            "book_valuer_per_share_4q_avg": 7.93,
            "equity": 1435516,
            "current_ratio": 112.49,
            "debt_ratio": 21.8,
            "inventory_turnover_ratio": 0.6,
            "account_receivable_turnover_ratio": 1.45,
            "reinvestment_rate": null,
            "research_to_sale_ratio": 0,
            "price_fair": 30.1,
            "eps_avg_yearly": 0.86,
            "eps_latest_yearly": 0.2,
            "eps_growth_yearly": 34.95
        },
        "20182": {
            "year_quarter": 20182,
            "year": 2018,
            "quarter": 2,
            "eps": -0.04,
            "eps_growth_year": null,
            "eps_4q": -2.84,
            "eps_4q_growth_year": null,
            "roe": -0.76,
            "roe_4q": -35.589999999999996,
            "gross_profit": 20732,
            "gross_margin": 16.11,
            "gross_margin_4q_avg": 14.56,
            "net_income": -11141,
            "revenue": 128728,
            "common_shares": 2250000,
            "book_valuer_per_share": 6.63,
            "book_valuer_per_share_4q_avg": 7.23,
            "equity": 1488992,
            "current_ratio": 112.75,
            "debt_ratio": 21.63,
            "inventory_turnover_ratio": 0.69,
            "account_receivable_turnover_ratio": 1.41,
            "reinvestment_rate": null,
            "research_to_sale_ratio": 0,
            "price_fair": 30.1,
            "eps_avg_yearly": 0.86,
            "eps_latest_yearly": 0.2,
            "eps_growth_yearly": 34.95
        },
        "20183": {
            "year_quarter": 20183,
            "year": 2018,
            "quarter": 3,
            "eps": -1.37,
            "eps_growth_year": null,
            "eps_4q": -4.13,
            "eps_4q_growth_year": null,
            "roe": -22.91,
            "roe_4q": -57.7,
            "gross_profit": 13964,
            "gross_margin": 17,
            "gross_margin_4q_avg": 17.57,
            "net_income": -306571,
            "revenue": 82120,
            "common_shares": 2250000,
            "book_valuer_per_share": 5.28,
            "book_valuer_per_share_4q_avg": 6.23,
            "equity": 1186771,
            "current_ratio": 105.96,
            "debt_ratio": 24.7,
            "inventory_turnover_ratio": 0.45,
            "account_receivable_turnover_ratio": 1.09,
            "reinvestment_rate": null,
            "research_to_sale_ratio": 2.03,
            "price_fair": 30.1,
            "eps_avg_yearly": 0.86,
            "eps_latest_yearly": 0.2,
            "eps_growth_yearly": 34.95
        },
        "20184": {
            "year_quarter": 20184,
            "year": 2018,
            "quarter": 4,
            "eps": -1.03,
            "eps_growth_year": null,
            "eps_4q": -2.4,
            "eps_4q_growth_year": null,
            "roe": -22.23,
            "roe_4q": -45.21,
            "gross_profit": 9224,
            "gross_margin": 8.14,
            "gross_margin_4q_avg": 12.09,
            "net_income": -232473,
            "revenue": 113371,
            "common_shares": 2250000,
            "book_valuer_per_share": 4.03,
            "book_valuer_per_share_4q_avg": 5.58,
            "equity": 904999,
            "current_ratio": 98.11,
            "debt_ratio": 31.43,
            "inventory_turnover_ratio": 0.65,
            "account_receivable_turnover_ratio": 2.37,
            "reinvestment_rate": null,
            "research_to_sale_ratio": 0.91,
            "price_fair": 1.72,
            "eps_avg_yearly": 0.57,
            "eps_latest_yearly": 0.2,
            "eps_growth_yearly": -202.29
        },
        "20191": {
            "year_quarter": 20191,
            "year": 2019,
            "quarter": 1,
            "eps": 0,
            "eps_growth_year": -100,
            "eps_4q": -2.45,
            "eps_4q_growth_year": null,
            "roe": 0.06,
            "roe_4q": -45.839999999999996,
            "gross_profit": 23887,
            "gross_margin": 15.14,
            "gross_margin_4q_avg": 14.1,
            "net_income": 517,
            "revenue": 157765,
            "common_shares": 2250000,
            "book_valuer_per_share": 3.96,
            "book_valuer_per_share_4q_avg": 4.98,
            "equity": 888731,
            "current_ratio": 116.98,
            "debt_ratio": 32.55,
            "inventory_turnover_ratio": 0.87,
            "account_receivable_turnover_ratio": 3.02,
            "reinvestment_rate": null,
            "research_to_sale_ratio": null,
            "price_fair": 1.02,
            "eps_avg_yearly": 0.34,
            "eps_latest_yearly": 0.2,
            "eps_growth_yearly": -224.36
        },
        "20192": {
            "year_quarter": 20192,
            "year": 2019,
            "quarter": 2,
            "eps": 0.11,
            "eps_growth_year": null,
            "eps_4q": -2.29,
            "eps_4q_growth_year": null,
            "roe": 2.76,
            "roe_4q": -42.32,
            "gross_profit": 57524,
            "gross_margin": 17.62,
            "gross_margin_4q_avg": 14.48,
            "net_income": 25019,
            "revenue": 326405,
            "common_shares": 2250000,
            "book_valuer_per_share": 4.11,
            "book_valuer_per_share_4q_avg": 4.35,
            "equity": 922143,
            "current_ratio": 123.03,
            "debt_ratio": 31.14,
            "inventory_turnover_ratio": 1.77,
            "account_receivable_turnover_ratio": 4.08,
            "reinvestment_rate": null,
            "research_to_sale_ratio": null,
            "price_fair": 0.6,
            "eps_avg_yearly": 0.2,
            "eps_latest_yearly": 0.2,
            "eps_growth_yearly": -233.33
        },
        "20193": {
            "year_quarter": 20193,
            "year": 2019,
            "quarter": 3,
            "eps": 0.15,
            "eps_growth_year": null,
            "eps_4q": -0.78,
            "eps_4q_growth_year": null,
            "roe": 3.43,
            "roe_4q": -15.98,
            "gross_profit": 44868,
            "gross_margin": 16.99,
            "gross_margin_4q_avg": 14.47,
            "net_income": 32121,
            "revenue": 264098,
            "common_shares": 2250000,
            "book_valuer_per_share": 4.23,
            "book_valuer_per_share_4q_avg": 4.08,
            "equity": 950090,
            "current_ratio": 125.63,
            "debt_ratio": 29.9,
            "inventory_turnover_ratio": 1.36,
            "account_receivable_turnover_ratio": 3.48,
            "reinvestment_rate": null,
            "research_to_sale_ratio": 0,
            "price_fair": 21,
            "eps_avg_yearly": 0.6,
            "eps_latest_yearly": 0.6,
            "eps_growth_yearly": 145.45
        },
        "20194": {
            "year_quarter": 20194,
            "year": 2019,
            "quarter": 4,
            "eps": 0.23,
            "eps_growth_year": null,
            "eps_4q": 1.03,
            "eps_4q_growth_year": null,
            "roe": 1.76,
            "roe_4q": 8.01,
            "gross_profit": 30874,
            "gross_margin": 8.49,
            "gross_margin_4q_avg": 14.56,
            "net_income": 16778,
            "revenue": 363729,
            "common_shares": 723332,
            "book_valuer_per_share": 13.18,
            "book_valuer_per_share_4q_avg": 6.37,
            "equity": 951387,
            "current_ratio": 123.8,
            "debt_ratio": 30.88,
            "inventory_turnover_ratio": 2.13,
            "account_receivable_turnover_ratio": 4.34,
            "reinvestment_rate": null,
            "research_to_sale_ratio": 0,
            "price_fair": 26.6,
            "eps_avg_yearly": 0.76,
            "eps_latest_yearly": 0.92,
            "eps_growth_yearly": 179.39
        },
        "20201": {
            "year_quarter": 20201,
            "year": 2020,
            "quarter": 1,
            "eps": -0.04,
            "eps_growth_year": null,
            "eps_4q": 0.98,
            "eps_4q_growth_year": null,
            "roe": -0.3,
            "roe_4q": 7.65,
            "gross_profit": 7603,
            "gross_margin": 2.61,
            "gross_margin_4q_avg": 11.43,
            "net_income": -2825,
            "revenue": 291088,
            "common_shares": 723332,
            "book_valuer_per_share": 13.24,
            "book_valuer_per_share_4q_avg": 8.69,
            "equity": 956301,
            "current_ratio": 122.96,
            "debt_ratio": 28.81,
            "inventory_turnover_ratio": 2.05,
            "account_receivable_turnover_ratio": 2.41,
            "reinvestment_rate": null,
            "research_to_sale_ratio": null,
            "price_fair": 26.6,
            "eps_avg_yearly": 0.76,
            "eps_latest_yearly": 0.92,
            "eps_growth_yearly": 179.39
        },
        "20202": {
            "year_quarter": 20202,
            "year": 2020,
            "quarter": 2,
            "eps": 0.05,
            "eps_growth_year": -54.55,
            "eps_4q": 0.68,
            "eps_4q_growth_year": null,
            "roe": 0.35,
            "roe_4q": 5.24,
            "gross_profit": 13927,
            "gross_margin": 5.84,
            "gross_margin_4q_avg": 8.48,
            "net_income": 3320,
            "revenue": 238426,
            "common_shares": 723332,
            "book_valuer_per_share": 13.05,
            "book_valuer_per_share_4q_avg": 10.93,
            "equity": 942096,
            "current_ratio": 122.62,
            "debt_ratio": 28.08,
            "inventory_turnover_ratio": 1.83,
            "account_receivable_turnover_ratio": 2.52,
            "reinvestment_rate": null,
            "research_to_sale_ratio": null,
            "price_fair": 26.6,
            "eps_avg_yearly": 0.76,
            "eps_latest_yearly": 0.92,
            "eps_growth_yearly": 179.39
        },
        "20203": {
            "year_quarter": 20203,
            "year": 2020,
            "quarter": 3,
            "eps": -0.08,
            "eps_growth_year": -153.33,
            "eps_4q": 0.16,
            "eps_4q_growth_year": null,
            "roe": -0.62,
            "roe_4q": 1.19,
            "gross_profit": 15124,
            "gross_margin": 6.64,
            "gross_margin_4q_avg": 5.9,
            "net_income": -5841,
            "revenue": 227905,
            "common_shares": 723332,
            "book_valuer_per_share": 12.92,
            "book_valuer_per_share_4q_avg": 13.1,
            "equity": 932933,
            "current_ratio": 190.79,
            "debt_ratio": 29.17,
            "inventory_turnover_ratio": 2.18,
            "account_receivable_turnover_ratio": 2.45,
            "reinvestment_rate": null,
            "research_to_sale_ratio": null,
            "price_fair": 26.6,
            "eps_avg_yearly": 0.76,
            "eps_latest_yearly": 0.92,
            "eps_growth_yearly": 179.39
        },
        "20204": {
            "year_quarter": 20204,
            "year": 2020,
            "quarter": 4,
            "eps": 0.68,
            "eps_growth_year": 191.67,
            "eps_4q": 0.6,
            "eps_4q_growth_year": -41.44,
            "roe": 5.15,
            "roe_4q": 4.58,
            "gross_profit": 45334,
            "gross_margin": 22.52,
            "gross_margin_4q_avg": 9.4,
            "net_income": 48936,
            "revenue": 201325,
            "common_shares": 723332,
            "book_valuer_per_share": 13.41,
            "book_valuer_per_share_4q_avg": 13.16,
            "equity": 968010,
            "current_ratio": 209.19,
            "debt_ratio": 30.45,
            "inventory_turnover_ratio": 2.15,
            "account_receivable_turnover_ratio": 2.07,
            "reinvestment_rate": null,
            "research_to_sale_ratio": null,
            "price_fair": 26.6,
            "eps_avg_yearly": 0.76,
            "eps_latest_yearly": 0.92,
            "eps_growth_yearly": 179.39
        },
        "20211": {
            "year_quarter": 20211,
            "year": 2021,
            "quarter": 1,
            "eps": 0.39,
            "eps_growth_year": null,
            "eps_4q": 1.03,
            "eps_4q_growth_year": 5.01,
            "roe": 2.87,
            "roe_4q": 7.749999999999999,
            "gross_profit": 32074,
            "gross_margin": 7.72,
            "gross_margin_4q_avg": 10.68,
            "net_income": 28365,
            "revenue": 415623,
            "common_shares": 723332,
            "book_valuer_per_share": 13.92,
            "book_valuer_per_share_4q_avg": 13.33,
            "equity": 1007117,
            "current_ratio": 284.9,
            "debt_ratio": 23.37,
            "inventory_turnover_ratio": 6.86,
            "account_receivable_turnover_ratio": 4.49,
            "reinvestment_rate": null,
            "research_to_sale_ratio": null,
            "price_fair": 35.93,
            "eps_avg_yearly": 1.03,
            "eps_latest_yearly": 1.56,
            "eps_growth_yearly": 62.73
        },
        "20212": {
            "year_quarter": 20212,
            "year": 2021,
            "quarter": 2,
            "eps": -0.13,
            "eps_growth_year": -360,
            "eps_4q": 0.85,
            "eps_4q_growth_year": 24.84,
            "roe": -0.97,
            "roe_4q": 6.430000000000001,
            "gross_profit": 20811,
            "gross_margin": 6.85,
            "gross_margin_4q_avg": 10.93,
            "net_income": -9689,
            "revenue": 303925,
            "common_shares": 723332,
            "book_valuer_per_share": 13.58,
            "book_valuer_per_share_4q_avg": 13.46,
            "equity": 982588,
            "current_ratio": 280.45,
            "debt_ratio": 23.5,
            "inventory_turnover_ratio": 6.94,
            "account_receivable_turnover_ratio": 2.45,
            "reinvestment_rate": null,
            "research_to_sale_ratio": null,
            "price_fair": 35.93,
            "eps_avg_yearly": 1.03,
            "eps_latest_yearly": 1.56,
            "eps_growth_yearly": 62.73
        },
        "20213": {
            "year_quarter": 20213,
            "year": 2021,
            "quarter": 3,
            "eps": 0.2,
            "eps_growth_year": null,
            "eps_4q": 1.14,
            "eps_4q_growth_year": 619.38,
            "roe": 1.49,
            "roe_4q": 8.540000000000001,
            "gross_profit": 21949,
            "gross_margin": 13.97,
            "gross_margin_4q_avg": 12.77,
            "net_income": 14769,
            "revenue": 157118,
            "common_shares": 723332,
            "book_valuer_per_share": 13.77,
            "book_valuer_per_share_4q_avg": 13.67,
            "equity": 996258,
            "current_ratio": 204.54,
            "debt_ratio": 19.05,
            "inventory_turnover_ratio": 4.11,
            "account_receivable_turnover_ratio": 1.46,
            "reinvestment_rate": null,
            "research_to_sale_ratio": null,
            "price_fair": 35.93,
            "eps_avg_yearly": 1.03,
            "eps_latest_yearly": 1.56,
            "eps_growth_yearly": 62.73
        },
        "20214": {
            "year_quarter": 20214,
            "year": 2021,
            "quarter": 4,
            "eps": 0.69,
            "eps_growth_year": 2.18,
            "eps_4q": 1.15,
            "eps_4q_growth_year": 91.31,
            "roe": 4.91,
            "roe_4q": 8.3,
            "gross_profit": 11214,
            "gross_margin": 5.5,
            "gross_margin_4q_avg": 8.51,
            "net_income": 50089,
            "revenue": 203738,
            "common_shares": 723332,
            "book_valuer_per_share": 14.45,
            "book_valuer_per_share_4q_avg": 13.93,
            "equity": 1045138,
            "current_ratio": 154.45,
            "debt_ratio": 25.67,
            "inventory_turnover_ratio": 6.57,
            "account_receivable_turnover_ratio": 2.53,
            "reinvestment_rate": null,
            "research_to_sale_ratio": null,
            "price_fair": 51.1,
            "eps_avg_yearly": 1.46,
            "eps_latest_yearly": 2.76,
            "eps_growth_yearly": 292.05
        },
        "20221": {
            "year_quarter": 20221,
            "year": 2022,
            "quarter": 1,
            "eps": 0.47,
            "eps_growth_year": 20.51,
            "eps_4q": 1.23,
            "eps_4q_growth_year": 19.24,
            "roe": 3.18,
            "roe_4q": 8.61,
            "gross_profit": 19797,
            "gross_margin": 4.61,
            "gross_margin_4q_avg": 7.73,
            "net_income": 33999,
            "revenue": 429305,
            "common_shares": 723332,
            "book_valuer_per_share": 15.13,
            "book_valuer_per_share_4q_avg": 14.23,
            "equity": 1094309,
            "current_ratio": 182.23,
            "debt_ratio": 18.37,
            "inventory_turnover_ratio": 16.08,
            "account_receivable_turnover_ratio": 6.21,
            "reinvestment_rate": null,
            "research_to_sale_ratio": null,
            "price_fair": 54.04,
            "eps_avg_yearly": 1.54,
            "eps_latest_yearly": 1.88,
            "eps_growth_yearly": 208.13
        },
        "20222": {
            "year_quarter": 20222,
            "year": 2022,
            "quarter": 2,
            "eps": 0.17,
            "eps_growth_year": null,
            "eps_4q": 1.54,
            "eps_4q_growth_year": 80.46,
            "roe": 1.16,
            "roe_4q": 10.74,
            "gross_profit": 16126,
            "gross_margin": 5.94,
            "gross_margin_4q_avg": 7.51,
            "net_income": 12616,
            "revenue": 271651,
            "common_shares": 723332,
            "book_valuer_per_share": 15.02,
            "book_valuer_per_share_4q_avg": 14.59,
            "equity": 1086318,
            "current_ratio": 269.39,
            "debt_ratio": 13.89,
            "inventory_turnover_ratio": 10.76,
            "account_receivable_turnover_ratio": 4.09,
            "reinvestment_rate": null,
            "research_to_sale_ratio": null,
            "price_fair": 49,
            "eps_avg_yearly": 1.4,
            "eps_latest_yearly": 0.68,
            "eps_growth_yearly": 130.89
        },
        "20223": {
            "year_quarter": 20223,
            "year": 2022,
            "quarter": 3,
            "eps": 0.64,
            "eps_growth_year": 220,
            "eps_4q": 1.98,
            "eps_4q_growth_year": 73.49,
            "roe": 4.15,
            "roe_4q": 13.4,
            "gross_profit": 18288,
            "gross_margin": 11.71,
            "gross_margin_4q_avg": 6.94,
            "net_income": 46218,
            "revenue": 156203,
            "common_shares": 723332,
            "book_valuer_per_share": 15.78,
            "book_valuer_per_share_4q_avg": 15.1,
            "equity": 1141600,
            "current_ratio": 341.36,
            "debt_ratio": 10.79,
            "inventory_turnover_ratio": 7.69,
            "account_receivable_turnover_ratio": 2.68,
            "reinvestment_rate": -333.08,
            "research_to_sale_ratio": null,
            "price_fair": 54.8,
            "eps_avg_yearly": 1.57,
            "eps_latest_yearly": 2.56,
            "eps_growth_yearly": 270.18
        },
        "20224": {
            "year_quarter": 20224,
            "year": 2022,
            "quarter": 4,
            "eps": 0.35,
            "eps_growth_year": -48.84,
            "eps_4q": 1.64,
            "eps_4q_growth_year": 41.81,
            "roe": 2.23,
            "roe_4q": 10.72,
            "gross_profit": 18097,
            "gross_margin": 10.44,
            "gross_margin_4q_avg": 8.18,
            "net_income": 25627,
            "revenue": 173367,
            "common_shares": 723332,
            "book_valuer_per_share": 16.05,
            "book_valuer_per_share_4q_avg": 15.5,
            "equity": 1160588,
            "current_ratio": 195.96,
            "debt_ratio": 20.49,
            "inventory_turnover_ratio": 12.66,
            "account_receivable_turnover_ratio": 3.06,
            "reinvestment_rate": 11.13,
            "research_to_sale_ratio": null,
            "price_fair": 54.08,
            "eps_avg_yearly": 1.55,
            "eps_latest_yearly": 1.4,
            "eps_growth_yearly": 213.75
        },
        "20231": {
            "year_quarter": 20231,
            "year": 2023,
            "quarter": 1,
            "eps": 0.03,
            "eps_growth_year": -93.62,
            "eps_4q": 1.2,
            "eps_4q_growth_year": -2.62,
            "roe": 0.2,
            "roe_4q": 7.74,
            "gross_profit": 15458,
            "gross_margin": 8.83,
            "gross_margin_4q_avg": 9.23,
            "net_income": 2373,
            "revenue": 175144,
            "common_shares": 723332,
            "book_valuer_per_share": 16.03,
            "book_valuer_per_share_4q_avg": 15.72,
            "equity": 1159203,
            "current_ratio": 189.4,
            "debt_ratio": 20.58,
            "inventory_turnover_ratio": 16.91,
            "account_receivable_turnover_ratio": 3.11,
            "reinvestment_rate": 8.25,
            "research_to_sale_ratio": null,
            "price_fair": 48.53,
            "eps_avg_yearly": 1.39,
            "eps_latest_yearly": 0.12,
            "eps_growth_yearly": 149.36
        }
    },
    "months": {
        "2001-06": {
            "month": "2001-06",
            "price": "7.50",
            "revenue": 74269
        },
        "2001-07": {
            "month": "2001-07",
            "price": "6.49",
            "revenue": 52789
        },
        "2001-08": {
            "month": "2001-08",
            "price": "6.40",
            "revenue": 49601
        },
        "2001-09": {
            "month": "2001-09",
            "price": "5.63",
            "revenue": 45873
        },
        "2001-10": {
            "month": "2001-10",
            "price": "4.92",
            "revenue": 49996
        },
        "2001-11": {
            "month": "2001-11",
            "price": "5.10",
            "revenue": 40149
        },
        "2001-12": {
            "month": "2001-12",
            "price": "7.85",
            "revenue": 37570
        },
        "2002-01": {
            "month": "2002-01",
            "price": "6.68",
            "revenue": 55864
        },
        "2002-02": {
            "month": "2002-02",
            "price": "5.37",
            "revenue": 35668
        },
        "2002-03": {
            "month": "2002-03",
            "price": "5.50",
            "revenue": 45838
        },
        "2002-04": {
            "month": "2002-04",
            "price": "6.56",
            "revenue": 41677
        },
        "2002-05": {
            "month": "2002-05",
            "price": "5.20",
            "revenue": 56621
        },
        "2002-06": {
            "month": "2002-06",
            "price": "5.11",
            "revenue": 232363
        },
        "2002-07": {
            "month": "2002-07",
            "price": "5.29",
            "revenue": 44422
        },
        "2002-08": {
            "month": "2002-08",
            "price": "4.68",
            "revenue": 39874
        },
        "2002-09": {
            "month": "2002-09",
            "price": "3.64",
            "revenue": 51585
        },
        "2002-10": {
            "month": "2002-10",
            "price": "3.32",
            "revenue": 46817
        },
        "2002-11": {
            "month": "2002-11",
            "price": "3.83",
            "revenue": 32631
        },
        "2002-12": {
            "month": "2002-12",
            "price": "3.82",
            "revenue": 30419
        },
        "2003-01": {
            "month": "2003-01",
            "price": "4.32",
            "revenue": 29175
        },
        "2003-02": {
            "month": "2003-02",
            "price": "3.93",
            "revenue": 25059
        },
        "2003-03": {
            "month": "2003-03",
            "price": "3.85",
            "revenue": 65326
        },
        "2003-04": {
            "month": "2003-04",
            "price": "3.52",
            "revenue": 46671
        },
        "2003-05": {
            "month": "2003-05",
            "price": "3.15",
            "revenue": 55462
        },
        "2003-06": {
            "month": "2003-06",
            "price": "3.60",
            "revenue": 40530
        },
        "2003-07": {
            "month": "2003-07",
            "price": "3.92",
            "revenue": 40655
        },
        "2003-08": {
            "month": "2003-08",
            "price": "4.06",
            "revenue": 33101
        },
        "2003-09": {
            "month": "2003-09",
            "price": "3.97",
            "revenue": 35516
        },
        "2003-10": {
            "month": "2003-10",
            "price": "4.10",
            "revenue": 38621
        },
        "2003-11": {
            "month": "2003-11",
            "price": "4.29",
            "revenue": 41499
        },
        "2003-12": {
            "month": "2003-12",
            "price": "4.11",
            "revenue": 49482
        },
        "2004-01": {
            "month": "2004-01",
            "price": "4.06",
            "revenue": 31390
        },
        "2004-02": {
            "month": "2004-02",
            "price": "4.64",
            "revenue": 48409
        },
        "2004-03": {
            "month": "2004-03",
            "price": "4.34",
            "revenue": 44531
        },
        "2004-04": {
            "month": "2004-04",
            "price": "4.11",
            "revenue": 50968
        },
        "2004-05": {
            "month": "2004-05",
            "price": "3.17",
            "revenue": 62666
        },
        "2004-06": {
            "month": "2004-06",
            "price": "3.01",
            "revenue": 40230
        },
        "2004-07": {
            "month": "2004-07",
            "price": "2.52",
            "revenue": 45165
        },
        "2004-08": {
            "month": "2004-08",
            "price": "2.00",
            "revenue": 44256
        },
        "2004-09": {
            "month": "2004-09",
            "price": "1.78",
            "revenue": 36799
        },
        "2004-10": {
            "month": "2004-10",
            "price": "1.77",
            "revenue": 35398
        },
        "2004-11": {
            "month": "2004-11",
            "price": "1.76",
            "revenue": 30209
        },
        "2004-12": {
            "month": "2004-12",
            "price": "1.70",
            "revenue": 35298
        },
        "2005-01": {
            "month": "2005-01",
            "price": "2.93",
            "revenue": 40120
        },
        "2005-02": {
            "month": "2005-02",
            "price": "3.41",
            "revenue": 28721
        },
        "2005-03": {
            "month": "2005-03",
            "price": "3.19",
            "revenue": 51716
        },
        "2005-04": {
            "month": "2005-04",
            "price": "3.49",
            "revenue": 45920
        },
        "2005-05": {
            "month": "2005-05",
            "price": "3.32",
            "revenue": 45429
        },
        "2005-06": {
            "month": "2005-06",
            "price": "3.55",
            "revenue": 44222
        },
        "2005-07": {
            "month": "2005-07",
            "price": "3.42",
            "revenue": 35760
        },
        "2005-08": {
            "month": "2005-08",
            "price": "3.16",
            "revenue": 52872
        },
        "2005-09": {
            "month": "2005-09",
            "price": "3.64",
            "revenue": 49489
        },
        "2005-10": {
            "month": "2005-10",
            "price": "3.56",
            "revenue": 43886
        },
        "2005-11": {
            "month": "2005-11",
            "price": "3.44",
            "revenue": 45742
        },
        "2005-12": {
            "month": "2005-12",
            "price": "3.31",
            "revenue": 51249
        },
        "2006-01": {
            "month": "2006-01",
            "price": "3.36",
            "revenue": 19992
        },
        "2006-02": {
            "month": "2006-02",
            "price": "3.18",
            "revenue": 41628
        },
        "2006-03": {
            "month": "2006-03",
            "price": "2.88",
            "revenue": 47182
        },
        "2006-04": {
            "month": "2006-04",
            "price": "2.54",
            "revenue": 46884
        },
        "2006-05": {
            "month": "2006-05",
            "price": "2.94",
            "revenue": 51669
        },
        "2006-06": {
            "month": "2006-06",
            "price": "2.68",
            "revenue": 50084
        },
        "2006-07": {
            "month": "2006-07",
            "price": "2.56",
            "revenue": 33406
        },
        "2006-08": {
            "month": "2006-08",
            "price": "2.43",
            "revenue": 47936
        },
        "2006-09": {
            "month": "2006-09",
            "price": "2.37",
            "revenue": 32676
        },
        "2006-10": {
            "month": "2006-10",
            "price": "2.66",
            "revenue": 35727
        },
        "2006-11": {
            "month": "2006-11",
            "price": "2.93",
            "revenue": 36469
        },
        "2006-12": {
            "month": "2006-12",
            "price": "3.44",
            "revenue": 36616
        },
        "2007-01": {
            "month": "2007-01",
            "price": "3.24",
            "revenue": 35824
        },
        "2007-02": {
            "month": "2007-02",
            "price": "3.24",
            "revenue": 26911
        },
        "2007-03": {
            "month": "2007-03",
            "price": "4.27",
            "revenue": 49178
        },
        "2007-04": {
            "month": "2007-04",
            "price": "5.57",
            "revenue": 57914
        },
        "2007-05": {
            "month": "2007-05",
            "price": "5.51",
            "revenue": 39802
        },
        "2007-06": {
            "month": "2007-06",
            "price": "6.13",
            "revenue": 58814
        },
        "2007-07": {
            "month": "2007-07",
            "price": "10.93",
            "revenue": 40598
        },
        "2007-08": {
            "month": "2007-08",
            "price": "10.74",
            "revenue": 46049
        },
        "2007-09": {
            "month": "2007-09",
            "price": "9.06",
            "revenue": 44615
        },
        "2007-10": {
            "month": "2007-10",
            "price": "8.45",
            "revenue": 37703
        },
        "2007-11": {
            "month": "2007-11",
            "price": "7.44",
            "revenue": 46366
        },
        "2007-12": {
            "month": "2007-12",
            "price": "6.22",
            "revenue": 45545
        },
        "2008-01": {
            "month": "2008-01",
            "price": "5.37",
            "revenue": 54543
        },
        "2008-02": {
            "month": "2008-02",
            "price": "5.85",
            "revenue": 30246
        },
        "2008-03": {
            "month": "2008-03",
            "price": "6.08",
            "revenue": 49004
        },
        "2008-04": {
            "month": "2008-04",
            "price": "7.34",
            "revenue": 52554
        },
        "2008-05": {
            "month": "2008-05",
            "price": "7.79",
            "revenue": 54759
        },
        "2008-06": {
            "month": "2008-06",
            "price": "6.71",
            "revenue": 60587
        },
        "2008-07": {
            "month": "2008-07",
            "price": "5.50",
            "revenue": 72008
        },
        "2008-08": {
            "month": "2008-08",
            "price": "5.83",
            "revenue": 38018
        },
        "2008-09": {
            "month": "2008-09",
            "price": "4.63",
            "revenue": 30756
        },
        "2008-10": {
            "month": "2008-10",
            "price": "3.89",
            "revenue": 31833
        },
        "2008-11": {
            "month": "2008-11",
            "price": "3.03",
            "revenue": 28692
        },
        "2008-12": {
            "month": "2008-12",
            "price": "2.74",
            "revenue": 31294
        },
        "2009-01": {
            "month": "2009-01",
            "price": "2.84",
            "revenue": 24666
        },
        "2009-02": {
            "month": "2009-02",
            "price": "2.92",
            "revenue": 23482
        },
        "2009-03": {
            "month": "2009-03",
            "price": "3.34",
            "revenue": 38374
        },
        "2009-04": {
            "month": "2009-04",
            "price": "4.21",
            "revenue": 46574
        },
        "2009-05": {
            "month": "2009-05",
            "price": "4.40",
            "revenue": 35632
        },
        "2009-06": {
            "month": "2009-06",
            "price": "4.20",
            "revenue": 39304
        },
        "2009-07": {
            "month": "2009-07",
            "price": "4.32",
            "revenue": 35936
        },
        "2009-08": {
            "month": "2009-08",
            "price": "4.73",
            "revenue": 30654
        },
        "2009-09": {
            "month": "2009-09",
            "price": "4.82",
            "revenue": 40414
        },
        "2009-10": {
            "month": "2009-10",
            "price": "4.67",
            "revenue": 29192
        },
        "2009-11": {
            "month": "2009-11",
            "price": "4.25",
            "revenue": 37151
        },
        "2009-12": {
            "month": "2009-12",
            "price": "4.28",
            "revenue": 37578
        },
        "2010-01": {
            "month": "2010-01",
            "price": "5.65",
            "revenue": 37391
        },
        "2010-02": {
            "month": "2010-02",
            "price": "5.20",
            "revenue": 34329
        },
        "2010-03": {
            "month": "2010-03",
            "price": "6.86",
            "revenue": 62145
        },
        "2010-04": {
            "month": "2010-04",
            "price": "10.72",
            "revenue": 45861
        },
        "2010-05": {
            "month": "2010-05",
            "price": "10.37",
            "revenue": 68825
        },
        "2010-06": {
            "month": "2010-06",
            "price": "11.37",
            "revenue": 45321
        },
        "2010-07": {
            "month": "2010-07",
            "price": "11.07",
            "revenue": 42120
        },
        "2010-08": {
            "month": "2010-08",
            "price": "18.29",
            "revenue": 42846
        },
        "2010-09": {
            "month": "2010-09",
            "price": "21.73",
            "revenue": 47769
        },
        "2010-10": {
            "month": "2010-10",
            "price": "14.94",
            "revenue": 46334
        },
        "2010-11": {
            "month": "2010-11",
            "price": "13.13",
            "revenue": 58353
        },
        "2010-12": {
            "month": "2010-12",
            "price": "14.13",
            "revenue": 52983
        },
        "2011-01": {
            "month": "2011-01",
            "price": "13.75",
            "revenue": 49781
        },
        "2011-02": {
            "month": "2011-02",
            "price": "13.66",
            "revenue": 24558
        },
        "2011-03": {
            "month": "2011-03",
            "price": "14.36",
            "revenue": 55255
        },
        "2011-04": {
            "month": "2011-04",
            "price": "15.16",
            "revenue": 45165
        },
        "2011-05": {
            "month": "2011-05",
            "price": "15.40",
            "revenue": 51189
        },
        "2011-06": {
            "month": "2011-06",
            "price": "15.56",
            "revenue": 41022
        },
        "2011-07": {
            "month": "2011-07",
            "price": "22.06",
            "revenue": 38928
        },
        "2011-08": {
            "month": "2011-08",
            "price": "25.86",
            "revenue": 41494
        },
        "2011-09": {
            "month": "2011-09",
            "price": "21.38",
            "revenue": 39336
        },
        "2011-10": {
            "month": "2011-10",
            "price": "23.36",
            "revenue": 22265
        },
        "2011-11": {
            "month": "2011-11",
            "price": "22.59",
            "revenue": 45841
        },
        "2011-12": {
            "month": "2011-12",
            "price": "17.91",
            "revenue": 36803
        },
        "2012-01": {
            "month": "2012-01",
            "price": "20.16",
            "revenue": 21449
        },
        "2012-02": {
            "month": "2012-02",
            "price": "20.22",
            "revenue": 39919
        },
        "2012-03": {
            "month": "2012-03",
            "price": "18.04",
            "revenue": 54592
        },
        "2012-04": {
            "month": "2012-04",
            "price": "16.33",
            "revenue": 40757
        },
        "2012-05": {
            "month": "2012-05",
            "price": "16.24",
            "revenue": 44652
        },
        "2012-06": {
            "month": "2012-06",
            "price": "16.03",
            "revenue": 51372
        },
        "2012-07": {
            "month": "2012-07",
            "price": "15.93",
            "revenue": 44215
        },
        "2012-08": {
            "month": "2012-08",
            "price": "18.57",
            "revenue": 37051
        },
        "2012-09": {
            "month": "2012-09",
            "price": "19.92",
            "revenue": 36590
        },
        "2012-10": {
            "month": "2012-10",
            "price": "33.50",
            "revenue": 48178
        },
        "2012-11": {
            "month": "2012-11",
            "price": "37.08",
            "revenue": 39840
        },
        "2012-12": {
            "month": "2012-12",
            "price": "35.12",
            "revenue": 39706
        },
        "2013-01": {
            "month": "2013-01",
            "price": "35.36",
            "revenue": 51574
        },
        "2013-02": {
            "month": "2013-02",
            "price": "35.19",
            "revenue": 30207
        },
        "2013-03": {
            "month": "2013-03",
            "price": "33.96",
            "revenue": 70102
        },
        "2013-04": {
            "month": "2013-04",
            "price": "27.74",
            "revenue": 68898
        },
        "2013-05": {
            "month": "2013-05",
            "price": "28.28",
            "revenue": 80042
        },
        "2013-06": {
            "month": "2013-06",
            "price": "26.46",
            "revenue": 59299
        },
        "2013-07": {
            "month": "2013-07",
            "price": "23.86",
            "revenue": 63597
        },
        "2013-08": {
            "month": "2013-08",
            "price": "21.41",
            "revenue": 61014
        },
        "2013-09": {
            "month": "2013-09",
            "price": "21.98",
            "revenue": 72998
        },
        "2013-10": {
            "month": "2013-10",
            "price": "20.15",
            "revenue": 64646
        },
        "2013-11": {
            "month": "2013-11",
            "price": "17.25",
            "revenue": 62310
        },
        "2013-12": {
            "month": "2013-12",
            "price": "18.58",
            "revenue": 58707
        },
        "2014-01": {
            "month": "2014-01",
            "price": "19.08",
            "revenue": 83722
        },
        "2014-02": {
            "month": "2014-02",
            "price": "18.99",
            "revenue": 79684
        },
        "2014-03": {
            "month": "2014-03",
            "price": "23.26",
            "revenue": 119110
        },
        "2014-04": {
            "month": "2014-04",
            "price": "26.29",
            "revenue": 123008
        },
        "2014-05": {
            "month": "2014-05",
            "price": "23.36",
            "revenue": 133519
        },
        "2014-06": {
            "month": "2014-06",
            "price": "23.09",
            "revenue": 127594
        },
        "2014-07": {
            "month": "2014-07",
            "price": "23.90",
            "revenue": 113210
        },
        "2014-08": {
            "month": "2014-08",
            "price": "21.85",
            "revenue": 88253
        },
        "2014-09": {
            "month": "2014-09",
            "price": "19.79",
            "revenue": 91463
        },
        "2014-10": {
            "month": "2014-10",
            "price": "17.74",
            "revenue": 82828
        },
        "2014-11": {
            "month": "2014-11",
            "price": "16.80",
            "revenue": 83772
        },
        "2014-12": {
            "month": "2014-12",
            "price": "17.64",
            "revenue": 80741
        },
        "2015-01": {
            "month": "2015-01",
            "price": "17.81",
            "revenue": 90029
        },
        "2015-02": {
            "month": "2015-02",
            "price": "17.04",
            "revenue": 69168
        },
        "2015-03": {
            "month": "2015-03",
            "price": "17.30",
            "revenue": 120655
        },
        "2015-04": {
            "month": "2015-04",
            "price": "17.49",
            "revenue": 110577
        },
        "2015-05": {
            "month": "2015-05",
            "price": "15.88",
            "revenue": 93800
        },
        "2015-06": {
            "month": "2015-06",
            "price": "12.32",
            "revenue": 85408
        },
        "2015-07": {
            "month": "2015-07",
            "price": "11.89",
            "revenue": 87844
        },
        "2015-08": {
            "month": "2015-08",
            "price": "10.33",
            "revenue": 87115
        },
        "2015-09": {
            "month": "2015-09",
            "price": "10.56",
            "revenue": 88368
        },
        "2015-10": {
            "month": "2015-10",
            "price": "11.85",
            "revenue": 72575
        },
        "2015-11": {
            "month": "2015-11",
            "price": "13.09",
            "revenue": 70709
        },
        "2015-12": {
            "month": "2015-12",
            "price": "12.21",
            "revenue": 75328
        },
        "2016-01": {
            "month": "2016-01",
            "price": "10.27",
            "revenue": 72389
        },
        "2016-02": {
            "month": "2016-02",
            "price": "10.62",
            "revenue": 57990
        },
        "2016-03": {
            "month": "2016-03",
            "price": "11.33",
            "revenue": 90140
        },
        "2016-04": {
            "month": "2016-04",
            "price": "10.19",
            "revenue": 105915
        },
        "2016-05": {
            "month": "2016-05",
            "price": "9.02",
            "revenue": 81309
        },
        "2016-06": {
            "month": "2016-06",
            "price": "8.87",
            "revenue": 67810
        },
        "2016-07": {
            "month": "2016-07",
            "price": "9.31",
            "revenue": 48038
        },
        "2016-08": {
            "month": "2016-08",
            "price": "8.96",
            "revenue": 47665
        },
        "2016-09": {
            "month": "2016-09",
            "price": "8.54",
            "revenue": 61153
        },
        "2016-10": {
            "month": "2016-10",
            "price": "8.03",
            "revenue": 60441
        },
        "2016-11": {
            "month": "2016-11",
            "price": "7.90",
            "revenue": 68909
        },
        "2016-12": {
            "month": "2016-12",
            "price": "8.02",
            "revenue": 59094
        },
        "2017-01": {
            "month": "2017-01",
            "price": "7.80",
            "revenue": 57962
        },
        "2017-02": {
            "month": "2017-02",
            "price": "8.26",
            "revenue": 40795
        },
        "2017-03": {
            "month": "2017-03",
            "price": "7.94",
            "revenue": 64952
        },
        "2017-04": {
            "month": "2017-04",
            "price": "6.41",
            "revenue": 47117
        },
        "2017-05": {
            "month": "2017-05",
            "price": "6.33",
            "revenue": 54715
        },
        "2017-06": {
            "month": "2017-06",
            "price": "6.06",
            "revenue": 46165
        },
        "2017-07": {
            "month": "2017-07",
            "price": "5.22",
            "revenue": 31247
        },
        "2017-08": {
            "month": "2017-08",
            "price": "5.93",
            "revenue": 36018
        },
        "2017-09": {
            "month": "2017-09",
            "price": "6.08",
            "revenue": 45638
        },
        "2017-10": {
            "month": "2017-10",
            "price": "5.87",
            "revenue": 35239
        },
        "2017-11": {
            "month": "2017-11",
            "price": "5.76",
            "revenue": 31249
        },
        "2017-12": {
            "month": "2017-12",
            "price": "5.78",
            "revenue": 31093
        },
        "2018-01": {
            "month": "2018-01",
            "price": "5.66",
            "revenue": 39121
        },
        "2018-02": {
            "month": "2018-02",
            "price": "5.57",
            "revenue": 31569
        },
        "2018-03": {
            "month": "2018-03",
            "price": "5.63",
            "revenue": 44153
        },
        "2018-04": {
            "month": "2018-04",
            "price": "5.50",
            "revenue": 41438
        },
        "2018-05": {
            "month": "2018-05",
            "price": "5.50",
            "revenue": 44075
        },
        "2018-06": {
            "month": "2018-06",
            "price": "5.63",
            "revenue": 42642
        },
        "2018-07": {
            "month": "2018-07",
            "price": "4.94",
            "revenue": 37985
        },
        "2018-08": {
            "month": "2018-08",
            "price": "4.84",
            "revenue": 34624
        },
        "2018-09": {
            "month": "2018-09",
            "price": "4.49",
            "revenue": 29862
        },
        "2018-10": {
            "month": "2018-10",
            "price": "3.74",
            "revenue": 40156
        },
        "2018-11": {
            "month": "2018-11",
            "price": "3.23",
            "revenue": 36321
        },
        "2018-12": {
            "month": "2018-12",
            "price": "3.18",
            "revenue": 31041
        },
        "2019-01": {
            "month": "2019-01",
            "price": "3.01",
            "revenue": 36698
        },
        "2019-02": {
            "month": "2019-02",
            "price": "3.10",
            "revenue": 33303
        },
        "2019-03": {
            "month": "2019-03",
            "price": "3.77",
            "revenue": 84644
        },
        "2019-04": {
            "month": "2019-04",
            "price": "2.77",
            "revenue": 114898
        },
        "2019-05": {
            "month": "2019-05",
            "price": "2.95",
            "revenue": 116602
        },
        "2019-06": {
            "month": "2019-06",
            "price": "2.92",
            "revenue": 87474
        },
        "2019-07": {
            "month": "2019-07",
            "price": "2.94",
            "revenue": 95629
        },
        "2019-08": {
            "month": "2019-08",
            "price": "2.99",
            "revenue": 95118
        },
        "2019-09": {
            "month": "2019-09",
            "price": "3.06",
            "revenue": 57120
        },
        "2019-10": {
            "month": "2019-10",
            "price": "3.04",
            "revenue": 132931
        },
        "2019-11": {
            "month": "2019-11",
            "price": "3.14",
            "revenue": 159782
        },
        "2019-12": {
            "month": "2019-12",
            "price": "12.75",
            "revenue": 73949
        },
        "2020-01": {
            "month": "2020-01",
            "price": "12.80",
            "revenue": 92244
        },
        "2020-02": {
            "month": "2020-02",
            "price": "10.99",
            "revenue": 102386
        },
        "2020-03": {
            "month": "2020-03",
            "price": "9.28",
            "revenue": 96878
        },
        "2020-04": {
            "month": "2020-04",
            "price": "9.99",
            "revenue": 94800
        },
        "2020-05": {
            "month": "2020-05",
            "price": "10.27",
            "revenue": 97089
        },
        "2020-06": {
            "month": "2020-06",
            "price": "9.94",
            "revenue": 45975
        },
        "2020-07": {
            "month": "2020-07",
            "price": "10.25",
            "revenue": 78237
        },
        "2020-08": {
            "month": "2020-08",
            "price": "9.70",
            "revenue": 42139
        },
        "2020-09": {
            "month": "2020-09",
            "price": "9.48",
            "revenue": 105028
        },
        "2020-10": {
            "month": "2020-10",
            "price": "9.53",
            "revenue": 74807
        },
        "2020-11": {
            "month": "2020-11",
            "price": "11.85",
            "revenue": 48972
        },
        "2020-12": {
            "month": "2020-12",
            "price": "11.37",
            "revenue": 76058
        },
        "2021-01": {
            "month": "2021-01",
            "price": "11.43",
            "revenue": 148448
        },
        "2021-02": {
            "month": "2021-02",
            "price": "11.50",
            "revenue": 136254
        },
        "2021-03": {
            "month": "2021-03",
            "price": "13.28",
            "revenue": 130921
        },
        "2021-04": {
            "month": "2021-04",
            "price": "17.72",
            "revenue": 116580
        },
        "2021-05": {
            "month": "2021-05",
            "price": "14.09",
            "revenue": 85893
        },
        "2021-06": {
            "month": "2021-06",
            "price": "13.97",
            "revenue": 101451
        },
        "2021-07": {
            "month": "2021-07",
            "price": "14.66",
            "revenue": 50540
        },
        "2021-08": {
            "month": "2021-08",
            "price": "13.33",
            "revenue": 74636
        },
        "2021-09": {
            "month": "2021-09",
            "price": "14.62",
            "revenue": 31942
        },
        "2021-10": {
            "month": "2021-10",
            "price": "14.28",
            "revenue": 79184
        },
        "2021-11": {
            "month": "2021-11",
            "price": "14.75",
            "revenue": 50597
        },
        "2021-12": {
            "month": "2021-12",
            "price": "13.97",
            "revenue": 73958
        },
        "2022-01": {
            "month": "2022-01",
            "price": "13.99",
            "revenue": 117988
        },
        "2022-02": {
            "month": "2022-02",
            "price": "13.74",
            "revenue": 195617
        },
        "2022-03": {
            "month": "2022-03",
            "price": "16.07",
            "revenue": 115700
        },
        "2022-04": {
            "month": "2022-04",
            "price": "17.43",
            "revenue": 82822
        },
        "2022-05": {
            "month": "2022-05",
            "price": "15.93",
            "revenue": 111623
        },
        "2022-06": {
            "month": "2022-06",
            "price": "15.31",
            "revenue": 77207
        },
        "2022-07": {
            "month": "2022-07",
            "price": "13.14",
            "revenue": 49960
        },
        "2022-08": {
            "month": "2022-08",
            "price": "13.82",
            "revenue": 54820
        },
        "2022-09": {
            "month": "2022-09",
            "price": "13.59",
            "revenue": 51422
        },
        "2022-10": {
            "month": "2022-10",
            "price": "11.82",
            "revenue": 38337
        },
        "2022-11": {
            "month": "2022-11",
            "price": "11.67",
            "revenue": 69676
        },
        "2022-12": {
            "month": "2022-12",
            "price": "12.57",
            "revenue": 65354
        },
        "2023-01": {
            "month": "2023-01",
            "price": "12.26",
            "revenue": 64608
        },
        "2023-02": {
            "month": "2023-02",
            "price": "12.57",
            "revenue": 48098
        },
        "2023-03": {
            "month": "2023-03",
            "price": "13.36",
            "revenue": 62439
        },
        "2023-04": {
            "month": "2023-04",
            "price": "14.20",
            "revenue": 53131
        },
        "2023-05": {
            "month": "2023-05",
            "price": "14.02",
            "revenue": 32720
        }
    }
}
