{
    "summary": {
        "stock_name": "大恭",
        "stock_id": "4706",
        "category": "化工",
        "main_business": "有機顏料<br>調製應用顏料",
        "website_url": "http://www.tkc.com.tw",
        "ceo": "張榮華",
        "pe_ratio": 100,
        "report_year_from": 2001,
        "report_year_to": 2023,
        "age": 22,
        "eps_negative_percentage": 4,
        "eps_growth_avg": {
            "last_all": 5.81,
            "last_2y": -10.5,
            "last_4y": -14.5,
            "last_8y": -2.54,
            "last_12y": 1.43,
            "last_16y": 4.09,
            "last_20y": 5.81,
            "at_2006_last_3y": -9.34,
            "at_2007_last_3y": 19.37,
            "at_2008_last_3y": 34.49,
            "at_2009_last_3y": 12.72,
            "at_2010_last_3y": 44.32,
            "at_2011_last_3y": 17.04,
            "at_2012_last_3y": 8.08,
            "at_2013_last_3y": 10.37,
            "at_2014_last_3y": -7.51,
            "at_2015_last_3y": 4.31,
            "at_2016_last_3y": 23.71,
            "at_2017_last_3y": 12.4,
            "at_2018_last_3y": 13.25,
            "at_2019_last_3y": -1.48,
            "at_2020_last_3y": -11.18,
            "at_2021_last_3y": -7.64,
            "at_2022_last_3y": -13.06,
            "at_2023_last_3y": -13.06,
            "at_2006_last_all": -5.21,
            "at_2007_last_all": 12.32,
            "at_2008_last_all": 12.91,
            "at_2009_last_all": 12.92,
            "at_2010_last_all": 16.8,
            "at_2011_last_all": 14.21,
            "at_2012_last_all": 11.15,
            "at_2013_last_all": 12.07,
            "at_2014_last_all": 9.32,
            "at_2015_last_all": 11.38,
            "at_2016_last_all": 14.5,
            "at_2017_last_all": 12.15,
            "at_2018_last_all": 10.25,
            "at_2019_last_all": 8.52,
            "at_2020_last_all": 9.1,
            "at_2021_last_all": 8.19,
            "at_2022_last_all": 5.81,
            "at_2023_last_all": 5.81
        },
        "latest_eps": 0.19,
        "latest_price": 20.05,
        "latest_roe": 0.98,
        "latest_gross_margin": 8.37,
        "latest_equity": 1476280,
        "latest_revenue": 241917,
        "latest_gross_profit": 20255,
        "latest_net_income": -12703,
        "latest_debt_ratio": 8.72,
        "latest_current_ratio": 1148.73,
        "latest_account_receivable_turnover_ratio": 0.99,
        "latest_inventory_turnover_ratio": 0.35,
        "latest_reinvestment_rate": -36.85,
        "latest_research_to_sale_ratio": 2.99
    },
    "eps_dividends": {
        "1996": {
            "cash": 0.2,
            "stock": 0,
            "eps": 0
        },
        "1997": {
            "cash": 0.5,
            "stock": 1,
            "eps": 0
        },
        "1998": {
            "cash": 0.4,
            "stock": 0.8,
            "eps": 0
        },
        "1999": {
            "cash": 0.4,
            "stock": 0.4,
            "eps": 0
        },
        "2000": {
            "cash": 0.6,
            "stock": 0.6,
            "eps": 0
        },
        "2001": {
            "cash": 0.45,
            "stock": 0.45,
            "eps": 1.15
        },
        "2002": {
            "cash": 0.5,
            "stock": 0.5,
            "eps": 1.28
        },
        "2003": {
            "cash": 0.5,
            "stock": 0.5,
            "eps": 1.09
        },
        "2004": {
            "cash": 0.9,
            "stock": 0,
            "eps": 0.61
        },
        "2005": {
            "cash": 0.6,
            "stock": 0,
            "eps": 1.58
        },
        "2006": {
            "cash": 0.8,
            "stock": 0,
            "eps": 0.34
        },
        "2007": {
            "cash": 0.6,
            "stock": 0,
            "eps": 0.73
        },
        "2008": {
            "cash": 0.6,
            "stock": 0,
            "eps": 0.85
        },
        "2009": {
            "cash": 0.5,
            "stock": 0,
            "eps": 0.96
        },
        "2010": {
            "cash": 0.7,
            "stock": 0,
            "eps": 1.42
        },
        "2011": {
            "cash": 1,
            "stock": 0,
            "eps": 1.29
        },
        "2012": {
            "cash": 1,
            "stock": 0,
            "eps": 1.04
        },
        "2013": {
            "cash": 1,
            "stock": 0,
            "eps": 1.27
        },
        "2014": {
            "cash": 1,
            "stock": 0,
            "eps": 0.97
        },
        "2015": {
            "cash": 1,
            "stock": 0,
            "eps": 1.34
        },
        "2016": {
            "cash": 0.9,
            "stock": 0,
            "eps": 2.12
        },
        "2017": {
            "cash": 1.3,
            "stock": 0,
            "eps": 1.63
        },
        "2018": {
            "cash": 1.1,
            "stock": 0,
            "eps": 1.3
        },
        "2019": {
            "cash": 1,
            "stock": 0,
            "eps": 1.03
        },
        "2020": {
            "cash": 0.6,
            "stock": 0,
            "eps": 1.23
        },
        "2021": {
            "cash": 0.8,
            "stock": 0,
            "eps": 1.12
        },
        "2022": {
            "cash": 0.9,
            "stock": 0,
            "eps": 0.65
        },
        "2023": {
            "cash": 0.6,
            "stock": 0,
            "eps": -0.16
        }
    },
    "dividends": {
        "1996-05-30": {
            "cash": 0.2,
            "stock": 0
        },
        "1997-06-17": {
            "cash": 0.5,
            "stock": 1
        },
        "1998-04-27": {
            "cash": 0.4,
            "stock": 0.8
        },
        "1999-05-25": {
            "cash": 0.4,
            "stock": 0.4
        },
        "2000-06-02": {
            "cash": 0.6,
            "stock": 0.6
        },
        "2001-06-13": {
            "cash": 0.45,
            "stock": 0.45
        },
        "2002-06-12": {
            "cash": 0.5,
            "stock": 0.5
        },
        "2003-06-10": {
            "cash": 0.5,
            "stock": 0.5
        },
        "2004-03-22": {
            "cash": 0.9,
            "stock": 0
        },
        "2005-03-25": {
            "cash": 0.6,
            "stock": 0
        },
        "2006-03-24": {
            "cash": 0.8,
            "stock": 0
        },
        "2007-03-20": {
            "cash": 0.6,
            "stock": 0
        },
        "2008-03-19": {
            "cash": 0.6,
            "stock": 0
        },
        "2009-03-24": {
            "cash": 0.5,
            "stock": 0
        },
        "2010-03-19": {
            "cash": 0.7,
            "stock": 0
        },
        "2011-03-18": {
            "cash": 1,
            "stock": 0
        },
        "2012-06-19": {
            "cash": 1,
            "stock": 0
        },
        "2013-06-17": {
            "cash": 1,
            "stock": 0
        },
        "2014-06-17": {
            "cash": 1,
            "stock": 0
        },
        "2015-07-24": {
            "cash": 1,
            "stock": 0
        },
        "2016-07-27": {
            "cash": 0.9,
            "stock": 0
        },
        "2017-08-04": {
            "cash": 1.3,
            "stock": 0
        },
        "2018-07-27": {
            "cash": 1.1,
            "stock": 0
        },
        "2019-08-02": {
            "cash": 1,
            "stock": 0
        },
        "2020-08-14": {
            "cash": 0.6,
            "stock": 0
        },
        "2021-10-05": {
            "cash": 0.8,
            "stock": 0
        },
        "2022-08-12": {
            "cash": 0.9,
            "stock": 0
        },
        "2023-03-24": {
            "cash": 0.6,
            "stock": 0
        }
    },
    "prices": {
        "200101": "10.43",
        "200102": "12.42",
        "200103": "12.88",
        "200104": "15.18",
        "200105": "11.44",
        "200106": "10.98",
        "200107": "10.16",
        "200108": "9.56",
        "200109": "9.69",
        "200110": "9.03",
        "200111": "9.38",
        "200112": "11.26",
        "200201": "11.27",
        "200202": "11.31",
        "200203": "12.24",
        "200204": "13.17",
        "200205": "13.00",
        "200206": "16.66",
        "200207": "19.23",
        "200208": "15.16",
        "200209": "13.94",
        "200210": "12.67",
        "200211": "13.93",
        "200212": "14.98",
        "200301": "15.47",
        "200302": "14.34",
        "200303": "13.29",
        "200304": "12.99",
        "200305": "11.37",
        "200306": "12.27",
        "200307": "12.19",
        "200308": "11.91",
        "200309": "11.57",
        "200310": "11.55",
        "200311": "11.92",
        "200312": "12.07",
        "200401": "12.38",
        "200402": "13.48",
        "200403": "13.05",
        "200404": "12.72",
        "200405": "11.87",
        "200406": "11.89",
        "200407": "11.17",
        "200408": "10.92",
        "200409": "11.23",
        "200410": "11.04",
        "200411": "10.72",
        "200412": "10.42",
        "200501": "10.30",
        "200502": "10.18",
        "200503": "10.14",
        "200504": "9.83",
        "200505": "9.69",
        "200506": "9.53",
        "200507": "9.15",
        "200508": "9.41",
        "200509": "10.33",
        "200510": "9.71",
        "200511": "9.35",
        "200512": "9.22",
        "200601": "9.41",
        "200602": "9.24",
        "200603": "9.15",
        "200604": "9.76",
        "200605": "10.31",
        "200606": "9.54",
        "200607": "8.77",
        "200608": "8.71",
        "200609": "8.76",
        "200610": "9.05",
        "200611": "9.01",
        "200612": "9.90",
        "200701": "10.21",
        "200702": "9.95",
        "200703": "10.25",
        "200704": "11.70",
        "200705": "10.52",
        "200706": "10.73",
        "200707": "13.26",
        "200708": "11.61",
        "200709": "11.27",
        "200710": "11.28",
        "200711": "10.77",
        "200712": "10.23",
        "200801": "10.14",
        "200802": "10.43",
        "200803": "10.66",
        "200804": "11.55",
        "200805": "12.28",
        "200806": "11.32",
        "200807": "9.59",
        "200808": "9.97",
        "200809": "9.33",
        "200810": "8.34",
        "200811": "8.16",
        "200812": "8.04",
        "200901": "7.97",
        "200902": "8.02",
        "200903": "8.44",
        "200904": "9.12",
        "200905": "9.19",
        "200906": "9.21",
        "200907": "8.79",
        "200908": "9.53",
        "200909": "10.04",
        "200910": "10.79",
        "200911": "11.18",
        "200912": "11.75",
        "201001": "12.68",
        "201002": "12.20",
        "201003": "13.10",
        "201004": "16.84",
        "201005": "15.76",
        "201006": "15.09",
        "201007": "16.30",
        "201008": "18.56",
        "201009": "17.63",
        "201010": "17.59",
        "201011": "16.64",
        "201012": "16.99",
        "201101": "17.30",
        "201102": "16.90",
        "201103": "16.13",
        "201104": "16.09",
        "201105": "16.17",
        "201106": "15.84",
        "201107": "15.04",
        "201108": "13.86",
        "201109": "12.99",
        "201110": "12.58",
        "201111": "13.04",
        "201112": "13.14",
        "201201": "13.23",
        "201202": "13.98",
        "201203": "14.22",
        "201204": "14.82",
        "201205": "14.19",
        "201206": "13.85",
        "201207": "13.15",
        "201208": "13.89",
        "201209": "14.59",
        "201210": "14.43",
        "201211": "14.41",
        "201212": "14.60",
        "201301": "14.71",
        "201302": "15.03",
        "201303": "14.94",
        "201304": "15.38",
        "201305": "15.91",
        "201306": "16.11",
        "201307": "15.35",
        "201308": "15.43",
        "201309": "15.85",
        "201310": "16.62",
        "201311": "17.42",
        "201312": "17.74",
        "201401": "17.79",
        "201402": "17.31",
        "201403": "17.45",
        "201404": "17.44",
        "201405": "17.40",
        "201406": "17.02",
        "201407": "16.71",
        "201408": "16.15",
        "201409": "16.00",
        "201410": "15.79",
        "201411": "15.64",
        "201412": "15.84",
        "201501": "15.80",
        "201502": "15.85",
        "201503": "15.99",
        "201504": "16.47",
        "201505": "16.18",
        "201506": "15.84",
        "201507": "15.02",
        "201508": "14.45",
        "201509": "14.02",
        "201510": "14.53",
        "201511": "14.96",
        "201512": "15.01",
        "201601": "15.00",
        "201602": "15.99",
        "201603": "16.58",
        "201604": "19.85",
        "201605": "17.73",
        "201606": "18.67",
        "201607": "20.54",
        "201608": "20.65",
        "201609": "22.31",
        "201610": "22.53",
        "201611": "23.02",
        "201612": "23.98",
        "201701": "23.38",
        "201702": "22.86",
        "201703": "22.83",
        "201704": "22.44",
        "201705": "22.10",
        "201706": "22.24",
        "201707": "21.69",
        "201708": "21.27",
        "201709": "21.27",
        "201710": "21.33",
        "201711": "21.37",
        "201712": "21.15",
        "201801": "21.04",
        "201802": "21.02",
        "201803": "21.19",
        "201804": "21.04",
        "201805": "20.92",
        "201806": "20.83",
        "201807": "19.76",
        "201808": "19.94",
        "201809": "19.81",
        "201810": "19.38",
        "201811": "18.54",
        "201812": "18.18",
        "201901": "18.61",
        "201902": "19.25",
        "201903": "19.57",
        "201904": "19.56",
        "201905": "19.46",
        "201906": "19.53",
        "201907": "19.25",
        "201908": "18.96",
        "201909": "18.83",
        "201910": "18.72",
        "201911": "18.75",
        "201912": "18.72",
        "202001": "18.76",
        "202002": "18.18",
        "202003": "16.18",
        "202004": "15.61",
        "202005": "16.23",
        "202006": "16.29",
        "202007": "16.28",
        "202008": "15.90",
        "202009": "16.15",
        "202010": "16.03",
        "202011": "16.43",
        "202012": "16.96",
        "202101": "16.94",
        "202102": "17.09",
        "202103": "17.45",
        "202104": "19.11",
        "202105": "18.55",
        "202106": "18.80",
        "202107": "19.17",
        "202108": "18.91",
        "202109": "18.76",
        "202110": "18.92",
        "202111": "18.93",
        "202112": "19.34",
        "202201": "19.44",
        "202202": "19.26",
        "202203": "18.95",
        "202204": "18.37",
        "202205": "17.89",
        "202206": "17.92",
        "202207": "17.52",
        "202208": "17.63",
        "202209": "17.52",
        "202210": "16.93",
        "202211": "16.84",
        "202212": "16.98",
        "202301": "17.08",
        "202302": "17.18",
        "202303": "17.30",
        "202304": "17.26",
        "202305": "17.80",
        "202306": "19.59"
    },
    "quarters": {
        "20011": {
            "year_quarter": 20011,
            "year": 2001,
            "quarter": 1,
            "eps": 0.24,
            "eps_growth_year": -29.41,
            "eps_4q": 0.96,
            "eps_4q_growth_year": -32.1,
            "roe": 1.61,
            "roe_4q": 1.61,
            "gross_profit": 53701,
            "gross_margin": 18,
            "gross_margin_4q_avg": 18,
            "net_income": 16307,
            "revenue": 298331,
            "common_shares": 685958,
            "book_valuer_per_share": 14.85,
            "book_valuer_per_share_4q_avg": 14.85,
            "equity": 1018504,
            "current_ratio": 260.22,
            "debt_ratio": 20.59,
            "inventory_turnover_ratio": 0.97,
            "account_receivable_turnover_ratio": null,
            "reinvestment_rate": null,
            "research_to_sale_ratio": null,
            "price_fair": 0,
            "eps_avg_yearly": 0,
            "eps_latest_yearly": 0,
            "eps_growth_yearly": 0
        },
        "20012": {
            "year_quarter": 20012,
            "year": 2001,
            "quarter": 2,
            "eps": 0.28,
            "eps_growth_year": -9.68,
            "eps_4q": 0.9,
            "eps_4q_growth_year": -29.04,
            "roe": 1.96,
            "roe_4q": 3.5700000000000003,
            "gross_profit": 68141,
            "gross_margin": 20.23,
            "gross_margin_4q_avg": 19.12,
            "net_income": 19855,
            "revenue": 336842,
            "common_shares": 685958,
            "book_valuer_per_share": 14.63,
            "book_valuer_per_share_4q_avg": 14.74,
            "equity": 1003256,
            "current_ratio": 222.91,
            "debt_ratio": 23.92,
            "inventory_turnover_ratio": 1.04,
            "account_receivable_turnover_ratio": null,
            "reinvestment_rate": null,
            "research_to_sale_ratio": null,
            "price_fair": 0,
            "eps_avg_yearly": 0,
            "eps_latest_yearly": 0,
            "eps_growth_yearly": 0
        },
        "20013": {
            "year_quarter": 20013,
            "year": 2001,
            "quarter": 3,
            "eps": 0.25,
            "eps_growth_year": 13.64,
            "eps_4q": 0.92,
            "eps_4q_growth_year": -26.54,
            "roe": 1.79,
            "roe_4q": 5.36,
            "gross_profit": 58723,
            "gross_margin": 19.29,
            "gross_margin_4q_avg": 19.17,
            "net_income": 18079,
            "revenue": 304362,
            "common_shares": 716826,
            "book_valuer_per_share": 14.25,
            "book_valuer_per_share_4q_avg": 14.58,
            "equity": 1021410,
            "current_ratio": 263.35,
            "debt_ratio": 20.48,
            "inventory_turnover_ratio": 0.87,
            "account_receivable_turnover_ratio": null,
            "reinvestment_rate": null,
            "research_to_sale_ratio": null,
            "price_fair": 0,
            "eps_avg_yearly": 0,
            "eps_latest_yearly": 0,
            "eps_growth_yearly": 0
        },
        "20014": {
            "year_quarter": 20014,
            "year": 2001,
            "quarter": 4,
            "eps": 0.38,
            "eps_growth_year": 111.11,
            "eps_4q": 1.14,
            "eps_4q_growth_year": 9.29,
            "roe": 2.62,
            "roe_4q": 7.98,
            "gross_profit": 68784,
            "gross_margin": 21.52,
            "gross_margin_4q_avg": 19.76,
            "net_income": 27070,
            "revenue": 319586,
            "common_shares": 716826,
            "book_valuer_per_share": 14.63,
            "book_valuer_per_share_4q_avg": 14.59,
            "equity": 1048919,
            "current_ratio": 281.64,
            "debt_ratio": 18.93,
            "inventory_turnover_ratio": 0.9,
            "account_receivable_turnover_ratio": null,
            "reinvestment_rate": null,
            "research_to_sale_ratio": null,
            "price_fair": 0,
            "eps_avg_yearly": 0,
            "eps_latest_yearly": 0,
            "eps_growth_yearly": 0
        },
        "20021": {
            "year_quarter": 20021,
            "year": 2002,
            "quarter": 1,
            "eps": 0.36,
            "eps_growth_year": 50,
            "eps_4q": 1.26,
            "eps_4q_growth_year": 31.51,
            "roe": 2.45,
            "roe_4q": 8.82,
            "gross_profit": 67708,
            "gross_margin": 21.63,
            "gross_margin_4q_avg": 20.67,
            "net_income": 25997,
            "revenue": 313052,
            "common_shares": 716826,
            "book_valuer_per_share": 15,
            "book_valuer_per_share_4q_avg": 14.63,
            "equity": 1075123,
            "current_ratio": 303.38,
            "debt_ratio": 18.28,
            "inventory_turnover_ratio": 0.97,
            "account_receivable_turnover_ratio": null,
            "reinvestment_rate": null,
            "research_to_sale_ratio": null,
            "price_fair": 4.32,
            "eps_avg_yearly": 1.44,
            "eps_latest_yearly": 1.44,
            "eps_growth_yearly": -21.05
        },
        "20022": {
            "year_quarter": 20022,
            "year": 2002,
            "quarter": 2,
            "eps": 0.37,
            "eps_growth_year": 32.14,
            "eps_4q": 1.31,
            "eps_4q_growth_year": 46.28,
            "roe": 2.62,
            "roe_4q": 9.48,
            "gross_profit": 77236,
            "gross_margin": 22.66,
            "gross_margin_4q_avg": 21.28,
            "net_income": 27928,
            "revenue": 340915,
            "common_shares": 716826,
            "book_valuer_per_share": 14.78,
            "book_valuer_per_share_4q_avg": 14.67,
            "equity": 1059748,
            "current_ratio": 210.79,
            "debt_ratio": 27.66,
            "inventory_turnover_ratio": 1.09,
            "account_receivable_turnover_ratio": null,
            "reinvestment_rate": null,
            "research_to_sale_ratio": null,
            "price_fair": 4.38,
            "eps_avg_yearly": 1.46,
            "eps_latest_yearly": 1.48,
            "eps_growth_yearly": -4.97
        },
        "20023": {
            "year_quarter": 20023,
            "year": 2002,
            "quarter": 3,
            "eps": 0.16,
            "eps_growth_year": -36,
            "eps_4q": 1.25,
            "eps_4q_growth_year": 36.48,
            "roe": 1.11,
            "roe_4q": 8.8,
            "gross_profit": 61605,
            "gross_margin": 20.74,
            "gross_margin_4q_avg": 21.64,
            "net_income": 11844,
            "revenue": 297015,
            "common_shares": 752667,
            "book_valuer_per_share": 14.28,
            "book_valuer_per_share_4q_avg": 14.67,
            "equity": 1074668,
            "current_ratio": 259.04,
            "debt_ratio": 20.91,
            "inventory_turnover_ratio": 0.88,
            "account_receivable_turnover_ratio": null,
            "reinvestment_rate": null,
            "research_to_sale_ratio": null,
            "price_fair": 3.56,
            "eps_avg_yearly": 1.19,
            "eps_latest_yearly": 0.64,
            "eps_growth_yearly": -78.99
        },
        "20024": {
            "year_quarter": 20024,
            "year": 2002,
            "quarter": 4,
            "eps": 0.39,
            "eps_growth_year": 2.63,
            "eps_4q": 1.26,
            "eps_4q_growth_year": 10.74,
            "roe": 2.69,
            "roe_4q": 8.870000000000001,
            "gross_profit": 66295,
            "gross_margin": 21.48,
            "gross_margin_4q_avg": 21.63,
            "net_income": 29348,
            "revenue": 308608,
            "common_shares": 752668,
            "book_valuer_per_share": 14.66,
            "book_valuer_per_share_4q_avg": 14.68,
            "equity": 1103561,
            "current_ratio": 245.32,
            "debt_ratio": 21.68,
            "inventory_turnover_ratio": 0.89,
            "account_receivable_turnover_ratio": null,
            "reinvestment_rate": -9.01,
            "research_to_sale_ratio": null,
            "price_fair": 44.8,
            "eps_avg_yearly": 1.28,
            "eps_latest_yearly": 1.56,
            "eps_growth_yearly": 84.51
        },
        "20031": {
            "year_quarter": 20031,
            "year": 2003,
            "quarter": 1,
            "eps": 0.21,
            "eps_growth_year": -41.67,
            "eps_4q": 1.13,
            "eps_4q_growth_year": -9.98,
            "roe": 1.41,
            "roe_4q": 7.83,
            "gross_profit": 62159,
            "gross_margin": 19.92,
            "gross_margin_4q_avg": 21.2,
            "net_income": 15702,
            "revenue": 312080,
            "common_shares": 752668,
            "book_valuer_per_share": 14.87,
            "book_valuer_per_share_4q_avg": 14.65,
            "equity": 1119254,
            "current_ratio": 241.13,
            "debt_ratio": 21.61,
            "inventory_turnover_ratio": 0.92,
            "account_receivable_turnover_ratio": null,
            "reinvestment_rate": -1.19,
            "research_to_sale_ratio": null,
            "price_fair": 41.72,
            "eps_avg_yearly": 1.19,
            "eps_latest_yearly": 0.84,
            "eps_growth_yearly": 30.68
        },
        "20032": {
            "year_quarter": 20032,
            "year": 2003,
            "quarter": 2,
            "eps": 0.35,
            "eps_growth_year": -5.41,
            "eps_4q": 1.08,
            "eps_4q_growth_year": -17.81,
            "roe": 2.46,
            "roe_4q": 7.670000000000001,
            "gross_profit": 58052,
            "gross_margin": 20.27,
            "gross_margin_4q_avg": 20.6,
            "net_income": 27325,
            "revenue": 286442,
            "common_shares": 752668,
            "book_valuer_per_share": 14.65,
            "book_valuer_per_share_4q_avg": 14.62,
            "equity": 1102487,
            "current_ratio": 196.89,
            "debt_ratio": 26.34,
            "inventory_turnover_ratio": 0.74,
            "account_receivable_turnover_ratio": null,
            "reinvestment_rate": 4.58,
            "research_to_sale_ratio": null,
            "price_fair": 42.93,
            "eps_avg_yearly": 1.23,
            "eps_latest_yearly": 1.4,
            "eps_growth_yearly": 70.01
        },
        "20033": {
            "year_quarter": 20033,
            "year": 2003,
            "quarter": 3,
            "eps": 0.15,
            "eps_growth_year": -6.25,
            "eps_4q": 1.08,
            "eps_4q_growth_year": -13.76,
            "roe": 1.05,
            "roe_4q": 7.609999999999999,
            "gross_profit": 61165,
            "gross_margin": 18.32,
            "gross_margin_4q_avg": 20,
            "net_income": 11653,
            "revenue": 333832,
            "common_shares": 790301,
            "book_valuer_per_share": 14.06,
            "book_valuer_per_share_4q_avg": 14.56,
            "equity": 1111236,
            "current_ratio": 225.17,
            "debt_ratio": 22.22,
            "inventory_turnover_ratio": 0.91,
            "account_receivable_turnover_ratio": null,
            "reinvestment_rate": 8.35,
            "research_to_sale_ratio": null,
            "price_fair": 39.8,
            "eps_avg_yearly": 1.14,
            "eps_latest_yearly": 0.6,
            "eps_growth_yearly": 27.36
        },
        "20034": {
            "year_quarter": 20034,
            "year": 2003,
            "quarter": 4,
            "eps": 0.38,
            "eps_growth_year": -2.56,
            "eps_4q": 1.07,
            "eps_4q_growth_year": -15.46,
            "roe": 2.69,
            "roe_4q": 7.61,
            "gross_profit": 82488,
            "gross_margin": 22.21,
            "gross_margin_4q_avg": 20.18,
            "net_income": 30178,
            "revenue": 371342,
            "common_shares": 790301,
            "book_valuer_per_share": 14.33,
            "book_valuer_per_share_4q_avg": 14.48,
            "equity": 1132590,
            "current_ratio": 221.59,
            "debt_ratio": 24.77,
            "inventory_turnover_ratio": 1.07,
            "account_receivable_turnover_ratio": null,
            "reinvestment_rate": 54.01,
            "research_to_sale_ratio": null,
            "price_fair": 41.48,
            "eps_avg_yearly": 1.19,
            "eps_latest_yearly": 1.52,
            "eps_growth_yearly": 100.61
        },
        "20041": {
            "year_quarter": 20041,
            "year": 2004,
            "quarter": 1,
            "eps": 0.25,
            "eps_growth_year": 19.05,
            "eps_4q": 1.11,
            "eps_4q_growth_year": -1.87,
            "roe": 1.76,
            "roe_4q": 7.96,
            "gross_profit": 64720,
            "gross_margin": 21.2,
            "gross_margin_4q_avg": 20.5,
            "net_income": 20030,
            "revenue": 305268,
            "common_shares": 790301,
            "book_valuer_per_share": 14.54,
            "book_valuer_per_share_4q_avg": 14.4,
            "equity": 1149195,
            "current_ratio": 252.37,
            "debt_ratio": 22.56,
            "inventory_turnover_ratio": 0.86,
            "account_receivable_turnover_ratio": null,
            "reinvestment_rate": 4.06,
            "research_to_sale_ratio": null,
            "price_fair": 40.76,
            "eps_avg_yearly": 1.16,
            "eps_latest_yearly": 1,
            "eps_growth_yearly": 74.22
        },
        "20042": {
            "year_quarter": 20042,
            "year": 2004,
            "quarter": 2,
            "eps": 0.22,
            "eps_growth_year": -37.14,
            "eps_4q": 1,
            "eps_4q_growth_year": -6.86,
            "roe": 1.55,
            "roe_4q": 7.05,
            "gross_profit": 65753,
            "gross_margin": 21.37,
            "gross_margin_4q_avg": 20.78,
            "net_income": 17342,
            "revenue": 307758,
            "common_shares": 790301,
            "book_valuer_per_share": 13.84,
            "book_valuer_per_share_4q_avg": 14.19,
            "equity": 1093500,
            "current_ratio": 204.49,
            "debt_ratio": 27.65,
            "inventory_turnover_ratio": 0.84,
            "account_receivable_turnover_ratio": null,
            "reinvestment_rate": -3.15,
            "research_to_sale_ratio": null,
            "price_fair": 39.76,
            "eps_avg_yearly": 1.14,
            "eps_latest_yearly": 0.88,
            "eps_growth_yearly": 62
        },
        "20043": {
            "year_quarter": 20043,
            "year": 2004,
            "quarter": 3,
            "eps": 0.21,
            "eps_growth_year": 40,
            "eps_4q": 1.06,
            "eps_4q_growth_year": -2.09,
            "roe": 1.52,
            "roe_4q": 7.52,
            "gross_profit": 60668,
            "gross_margin": 20.12,
            "gross_margin_4q_avg": 21.23,
            "net_income": 16708,
            "revenue": 301526,
            "common_shares": 790301,
            "book_valuer_per_share": 14.06,
            "book_valuer_per_share_4q_avg": 14.19,
            "equity": 1110955,
            "current_ratio": 313.04,
            "debt_ratio": 22.21,
            "inventory_turnover_ratio": 0.85,
            "account_receivable_turnover_ratio": null,
            "reinvestment_rate": -12.4,
            "research_to_sale_ratio": null,
            "price_fair": 38.82,
            "eps_avg_yearly": 1.11,
            "eps_latest_yearly": 0.84,
            "eps_growth_yearly": 54.71
        },
        "20044": {
            "year_quarter": 20044,
            "year": 2004,
            "quarter": 4,
            "eps": -0.07,
            "eps_growth_year": -118.42,
            "eps_4q": 0.62,
            "eps_4q_growth_year": -41.98,
            "roe": -0.47,
            "roe_4q": 4.36,
            "gross_profit": 55996,
            "gross_margin": 19.57,
            "gross_margin_4q_avg": 20.57,
            "net_income": -5149,
            "revenue": 286179,
            "common_shares": 790301,
            "book_valuer_per_share": 13.85,
            "book_valuer_per_share_4q_avg": 14.07,
            "equity": 1094367,
            "current_ratio": 246.29,
            "debt_ratio": 25.37,
            "inventory_turnover_ratio": 0.79,
            "account_receivable_turnover_ratio": null,
            "reinvestment_rate": 18.54,
            "research_to_sale_ratio": null,
            "price_fair": 38.82,
            "eps_avg_yearly": 1.11,
            "eps_latest_yearly": 0.84,
            "eps_growth_yearly": 54.71
        },
        "20051": {
            "year_quarter": 20051,
            "year": 2005,
            "quarter": 1,
            "eps": 0.07,
            "eps_growth_year": -72,
            "eps_4q": 0.44,
            "eps_4q_growth_year": -60.09,
            "roe": 0.49,
            "roe_4q": 3.09,
            "gross_profit": 46707,
            "gross_margin": 17.76,
            "gross_margin_4q_avg": 19.71,
            "net_income": 5406,
            "revenue": 263010,
            "common_shares": 790301,
            "book_valuer_per_share": 13.9,
            "book_valuer_per_share_4q_avg": 13.91,
            "equity": 1098371,
            "current_ratio": 331.83,
            "debt_ratio": 19.66,
            "inventory_turnover_ratio": 0.74,
            "account_receivable_turnover_ratio": null,
            "reinvestment_rate": -29.76,
            "research_to_sale_ratio": null,
            "price_fair": 38.82,
            "eps_avg_yearly": 1.11,
            "eps_latest_yearly": 0.84,
            "eps_growth_yearly": 54.71
        },
        "20052": {
            "year_quarter": 20052,
            "year": 2005,
            "quarter": 2,
            "eps": 1.27,
            "eps_growth_year": 477.27,
            "eps_4q": 1.48,
            "eps_4q_growth_year": 47.76,
            "roe": 8.93,
            "roe_4q": 10.469999999999999,
            "gross_profit": 48374,
            "gross_margin": 18.35,
            "gross_margin_4q_avg": 18.95,
            "net_income": 100383,
            "revenue": 263679,
            "common_shares": 790301,
            "book_valuer_per_share": 14.54,
            "book_valuer_per_share_4q_avg": 14.09,
            "equity": 1149355,
            "current_ratio": 292.3,
            "debt_ratio": 23.65,
            "inventory_turnover_ratio": 0.79,
            "account_receivable_turnover_ratio": null,
            "reinvestment_rate": -23.82,
            "research_to_sale_ratio": null,
            "price_fair": 50.4,
            "eps_avg_yearly": 1.44,
            "eps_latest_yearly": 5.08,
            "eps_growth_yearly": 621.58
        },
        "20053": {
            "year_quarter": 20053,
            "year": 2005,
            "quarter": 3,
            "eps": -0.03,
            "eps_growth_year": -114.29,
            "eps_4q": 1.24,
            "eps_4q_growth_year": 17.27,
            "roe": -0.22,
            "roe_4q": 8.729999999999999,
            "gross_profit": 45646,
            "gross_margin": 16.84,
            "gross_margin_4q_avg": 18.13,
            "net_income": -2489,
            "revenue": 271036,
            "common_shares": 790301,
            "book_valuer_per_share": 14.62,
            "book_valuer_per_share_4q_avg": 14.23,
            "equity": 1155064,
            "current_ratio": 370.75,
            "debt_ratio": 18.99,
            "inventory_turnover_ratio": 0.87,
            "account_receivable_turnover_ratio": null,
            "reinvestment_rate": -20.87,
            "research_to_sale_ratio": null,
            "price_fair": 50.4,
            "eps_avg_yearly": 1.44,
            "eps_latest_yearly": 5.08,
            "eps_growth_yearly": 621.58
        },
        "20054": {
            "year_quarter": 20054,
            "year": 2005,
            "quarter": 4,
            "eps": 0.27,
            "eps_growth_year": null,
            "eps_4q": 1.58,
            "eps_4q_growth_year": 155.28,
            "roe": 1.82,
            "roe_4q": 11.02,
            "gross_profit": 54351,
            "gross_margin": 19.61,
            "gross_margin_4q_avg": 18.14,
            "net_income": 21246,
            "revenue": 277128,
            "common_shares": 790301,
            "book_valuer_per_share": 14.85,
            "book_valuer_per_share_4q_avg": 14.48,
            "equity": 1175341,
            "current_ratio": 335.81,
            "debt_ratio": 21.74,
            "inventory_turnover_ratio": 0.76,
            "account_receivable_turnover_ratio": null,
            "reinvestment_rate": 22.72,
            "research_to_sale_ratio": null,
            "price_fair": 50.4,
            "eps_avg_yearly": 1.44,
            "eps_latest_yearly": 5.08,
            "eps_growth_yearly": 621.58
        },
        "20061": {
            "year_quarter": 20061,
            "year": 2006,
            "quarter": 1,
            "eps": 0.08,
            "eps_growth_year": 14.29,
            "eps_4q": 1.64,
            "eps_4q_growth_year": 268.53,
            "roe": 0.52,
            "roe_4q": 11.049999999999999,
            "gross_profit": 41367,
            "gross_margin": 16.32,
            "gross_margin_4q_avg": 17.78,
            "net_income": 6121,
            "revenue": 253517,
            "common_shares": 790301,
            "book_valuer_per_share": 14.92,
            "book_valuer_per_share_4q_avg": 14.73,
            "equity": 1179203,
            "current_ratio": 334.4,
            "debt_ratio": 19.1,
            "inventory_turnover_ratio": 0.71,
            "account_receivable_turnover_ratio": null,
            "reinvestment_rate": 1.84,
            "research_to_sale_ratio": null,
            "price_fair": 47.13,
            "eps_avg_yearly": 1.35,
            "eps_latest_yearly": 0.32,
            "eps_growth_yearly": 599.88
        },
        "20062": {
            "year_quarter": 20062,
            "year": 2006,
            "quarter": 2,
            "eps": 0.05,
            "eps_growth_year": -96.06,
            "eps_4q": 0.35,
            "eps_4q_growth_year": -76.53,
            "roe": 0.36,
            "roe_4q": 2.48,
            "gross_profit": 41669,
            "gross_margin": 15.71,
            "gross_margin_4q_avg": 17.12,
            "net_income": 4168,
            "revenue": 265240,
            "common_shares": 790301,
            "book_valuer_per_share": 14.08,
            "book_valuer_per_share_4q_avg": 14.62,
            "equity": 1112490,
            "current_ratio": 221.94,
            "debt_ratio": 26.71,
            "inventory_turnover_ratio": 0.82,
            "account_receivable_turnover_ratio": null,
            "reinvestment_rate": 7.52,
            "research_to_sale_ratio": null,
            "price_fair": 43.4,
            "eps_avg_yearly": 1.24,
            "eps_latest_yearly": 0.2,
            "eps_growth_yearly": 586.45
        },
        "20063": {
            "year_quarter": 20063,
            "year": 2006,
            "quarter": 3,
            "eps": 0.37,
            "eps_growth_year": null,
            "eps_4q": 0.77,
            "eps_4q_growth_year": -38.21,
            "roe": 2.6,
            "roe_4q": 5.3,
            "gross_profit": 47014,
            "gross_margin": 16.27,
            "gross_margin_4q_avg": 16.98,
            "net_income": 29363,
            "revenue": 288995,
            "common_shares": 790301,
            "book_valuer_per_share": 14.51,
            "book_valuer_per_share_4q_avg": 14.59,
            "equity": 1146699,
            "current_ratio": 246.25,
            "debt_ratio": 24.44,
            "inventory_turnover_ratio": 0.79,
            "account_receivable_turnover_ratio": null,
            "reinvestment_rate": 7.42,
            "research_to_sale_ratio": null,
            "price_fair": 45.85,
            "eps_avg_yearly": 1.31,
            "eps_latest_yearly": 1.48,
            "eps_growth_yearly": 818.7
        },
        "20064": {
            "year_quarter": 20064,
            "year": 2006,
            "quarter": 4,
            "eps": -0.16,
            "eps_growth_year": -159.26,
            "eps_4q": 0.36,
            "eps_4q_growth_year": -77.38,
            "roe": -1.07,
            "roe_4q": 2.41,
            "gross_profit": 39519,
            "gross_margin": 14.49,
            "gross_margin_4q_avg": 15.7,
            "net_income": -12309,
            "revenue": 272756,
            "common_shares": 790301,
            "book_valuer_per_share": 14.51,
            "book_valuer_per_share_4q_avg": 14.51,
            "equity": 1147348,
            "current_ratio": 255.7,
            "debt_ratio": 24.89,
            "inventory_turnover_ratio": 0.61,
            "account_receivable_turnover_ratio": null,
            "reinvestment_rate": 59.44,
            "research_to_sale_ratio": null,
            "price_fair": 45.05,
            "eps_avg_yearly": 1.29,
            "eps_latest_yearly": 1.48,
            "eps_growth_yearly": 840.86
        },
        "20071": {
            "year_quarter": 20071,
            "year": 2007,
            "quarter": 1,
            "eps": -0.03,
            "eps_growth_year": -137.5,
            "eps_4q": 0.21,
            "eps_4q_growth_year": -87.07,
            "roe": -0.23,
            "roe_4q": 1.6600000000000001,
            "gross_profit": 30964,
            "gross_margin": 11.45,
            "gross_margin_4q_avg": 14.48,
            "net_income": -2634,
            "revenue": 270476,
            "common_shares": 790301,
            "book_valuer_per_share": 14.52,
            "book_valuer_per_share_4q_avg": 14.41,
            "equity": 1147888,
            "current_ratio": 285.25,
            "debt_ratio": 21.34,
            "inventory_turnover_ratio": 0.64,
            "account_receivable_turnover_ratio": null,
            "reinvestment_rate": -10.98,
            "research_to_sale_ratio": null,
            "price_fair": 46.62,
            "eps_avg_yearly": 1.33,
            "eps_latest_yearly": 1.48,
            "eps_growth_yearly": 943.41
        },
        "20072": {
            "year_quarter": 20072,
            "year": 2007,
            "quarter": 2,
            "eps": 0.13,
            "eps_growth_year": 160,
            "eps_4q": 0.32,
            "eps_4q_growth_year": -9.2,
            "roe": 0.89,
            "roe_4q": 2.19,
            "gross_profit": 38519,
            "gross_margin": 13.03,
            "gross_margin_4q_avg": 13.81,
            "net_income": 10058,
            "revenue": 295717,
            "common_shares": 790301,
            "book_valuer_per_share": 14.04,
            "book_valuer_per_share_4q_avg": 14.4,
            "equity": 1109553,
            "current_ratio": 243.25,
            "debt_ratio": 24.45,
            "inventory_turnover_ratio": 0.86,
            "account_receivable_turnover_ratio": null,
            "reinvestment_rate": -15.14,
            "research_to_sale_ratio": null,
            "price_fair": 46.36,
            "eps_avg_yearly": 1.32,
            "eps_latest_yearly": 1.48,
            "eps_growth_yearly": 1018.6
        },
        "20073": {
            "year_quarter": 20073,
            "year": 2007,
            "quarter": 3,
            "eps": 0.27,
            "eps_growth_year": -27.03,
            "eps_4q": 0.21,
            "eps_4q_growth_year": -72.73,
            "roe": 1.94,
            "roe_4q": 1.53,
            "gross_profit": 50815,
            "gross_margin": 16.22,
            "gross_margin_4q_avg": 13.8,
            "net_income": 21710,
            "revenue": 313232,
            "common_shares": 790301,
            "book_valuer_per_share": 14.33,
            "book_valuer_per_share_4q_avg": 14.35,
            "equity": 1132735,
            "current_ratio": 283.14,
            "debt_ratio": 21.92,
            "inventory_turnover_ratio": 0.92,
            "account_receivable_turnover_ratio": null,
            "reinvestment_rate": -19.81,
            "research_to_sale_ratio": null,
            "price_fair": 48.22,
            "eps_avg_yearly": 1.38,
            "eps_latest_yearly": 1.08,
            "eps_growth_yearly": 1091.86
        },
        "20074": {
            "year_quarter": 20074,
            "year": 2007,
            "quarter": 4,
            "eps": 0.36,
            "eps_growth_year": null,
            "eps_4q": 0.73,
            "eps_4q_growth_year": 103.28,
            "roe": 2.48,
            "roe_4q": 5.079999999999999,
            "gross_profit": 51702,
            "gross_margin": 16.13,
            "gross_margin_4q_avg": 14.21,
            "net_income": 28507,
            "revenue": 320502,
            "common_shares": 790301,
            "book_valuer_per_share": 14.77,
            "book_valuer_per_share_4q_avg": 14.42,
            "equity": 1167625,
            "current_ratio": 297.56,
            "debt_ratio": 23.29,
            "inventory_turnover_ratio": 0.79,
            "account_receivable_turnover_ratio": null,
            "reinvestment_rate": -16.88,
            "research_to_sale_ratio": null,
            "price_fair": 47.91,
            "eps_avg_yearly": 1.37,
            "eps_latest_yearly": 1.44,
            "eps_growth_yearly": 1038.53
        },
        "20081": {
            "year_quarter": 20081,
            "year": 2008,
            "quarter": 1,
            "eps": 0.17,
            "eps_growth_year": null,
            "eps_4q": 0.93,
            "eps_4q_growth_year": 339.07,
            "roe": 1.15,
            "roe_4q": 6.46,
            "gross_profit": 62091,
            "gross_margin": 16.82,
            "gross_margin_4q_avg": 15.55,
            "net_income": 13491,
            "revenue": 369075,
            "common_shares": 790301,
            "book_valuer_per_share": 14.88,
            "book_valuer_per_share_4q_avg": 14.51,
            "equity": 1176570,
            "current_ratio": 298.94,
            "debt_ratio": 23.97,
            "inventory_turnover_ratio": 0.73,
            "account_receivable_turnover_ratio": null,
            "reinvestment_rate": 36.04,
            "research_to_sale_ratio": null,
            "price_fair": 46.67,
            "eps_avg_yearly": 1.33,
            "eps_latest_yearly": 0.68,
            "eps_growth_yearly": 1030.27
        },
        "20082": {
            "year_quarter": 20082,
            "year": 2008,
            "quarter": 2,
            "eps": 0.3,
            "eps_growth_year": 130.77,
            "eps_4q": 1.11,
            "eps_4q_growth_year": 250.34,
            "roe": 2.03,
            "roe_4q": 7.6,
            "gross_profit": 71636,
            "gross_margin": 17.22,
            "gross_margin_4q_avg": 16.6,
            "net_income": 23650,
            "revenue": 416046,
            "common_shares": 790301,
            "book_valuer_per_share": 14.59,
            "book_valuer_per_share_4q_avg": 14.64,
            "equity": 1153503,
            "current_ratio": 251.06,
            "debt_ratio": 28.77,
            "inventory_turnover_ratio": 0.77,
            "account_receivable_turnover_ratio": null,
            "reinvestment_rate": 32.37,
            "research_to_sale_ratio": null,
            "price_fair": 47.91,
            "eps_avg_yearly": 1.37,
            "eps_latest_yearly": 1.2,
            "eps_growth_yearly": 1069.59
        },
        "20083": {
            "year_quarter": 20083,
            "year": 2008,
            "quarter": 3,
            "eps": 0.31,
            "eps_growth_year": 14.81,
            "eps_4q": 1.13,
            "eps_4q_growth_year": 439.9,
            "roe": 2.12,
            "roe_4q": 7.780000000000001,
            "gross_profit": 71267,
            "gross_margin": 16.65,
            "gross_margin_4q_avg": 16.71,
            "net_income": 24850,
            "revenue": 428005,
            "common_shares": 790301,
            "book_valuer_per_share": 15.06,
            "book_valuer_per_share_4q_avg": 14.83,
            "equity": 1190128,
            "current_ratio": 293.43,
            "debt_ratio": 25.32,
            "inventory_turnover_ratio": 0.77,
            "account_receivable_turnover_ratio": null,
            "reinvestment_rate": 33.05,
            "research_to_sale_ratio": null,
            "price_fair": 49.47,
            "eps_avg_yearly": 1.41,
            "eps_latest_yearly": 1.24,
            "eps_growth_yearly": 1073.1
        },
        "20084": {
            "year_quarter": 20084,
            "year": 2008,
            "quarter": 4,
            "eps": 0.07,
            "eps_growth_year": -80.56,
            "eps_4q": 0.85,
            "eps_4q_growth_year": 16.39,
            "roe": 0.47,
            "roe_4q": 5.77,
            "gross_profit": 41589,
            "gross_margin": 13.29,
            "gross_margin_4q_avg": 16,
            "net_income": 5593,
            "revenue": 312971,
            "common_shares": 790301,
            "book_valuer_per_share": 15.18,
            "book_valuer_per_share_4q_avg": 14.93,
            "equity": 1199648,
            "current_ratio": 366.63,
            "debt_ratio": 20.39,
            "inventory_turnover_ratio": 0.57,
            "account_receivable_turnover_ratio": 2.08,
            "reinvestment_rate": -14.26,
            "research_to_sale_ratio": null,
            "price_fair": 45.5,
            "eps_avg_yearly": 1.3,
            "eps_latest_yearly": 0.28,
            "eps_growth_yearly": 934.82
        },
        "20091": {
            "year_quarter": 20091,
            "year": 2009,
            "quarter": 1,
            "eps": 0.04,
            "eps_growth_year": -76.47,
            "eps_4q": 0.85,
            "eps_4q_growth_year": -8.24,
            "roe": 0.22,
            "roe_4q": 4.84,
            "gross_profit": 38570,
            "gross_margin": 13.42,
            "gross_margin_4q_avg": 15.15,
            "net_income": 2675,
            "revenue": 287462,
            "common_shares": 790301,
            "book_valuer_per_share": 15.29,
            "book_valuer_per_share_4q_avg": 15.03,
            "equity": 1208686,
            "current_ratio": 447.41,
            "debt_ratio": 17.58,
            "inventory_turnover_ratio": 0.54,
            "account_receivable_turnover_ratio": 0.95,
            "reinvestment_rate": 34.08,
            "research_to_sale_ratio": null,
            "price_fair": 41.87,
            "eps_avg_yearly": 1.2,
            "eps_latest_yearly": 0.16,
            "eps_growth_yearly": 834.25
        },
        "20092": {
            "year_quarter": 20092,
            "year": 2009,
            "quarter": 2,
            "eps": 0.04,
            "eps_growth_year": -86.67,
            "eps_4q": 0.49,
            "eps_4q_growth_year": -55.6,
            "roe": 0.25,
            "roe_4q": 3.06,
            "gross_profit": 61815,
            "gross_margin": 19.38,
            "gross_margin_4q_avg": 15.69,
            "net_income": 2959,
            "revenue": 318889,
            "common_shares": 790301,
            "book_valuer_per_share": 14.74,
            "book_valuer_per_share_4q_avg": 15.07,
            "equity": 1165591,
            "current_ratio": 361.59,
            "debt_ratio": 21.28,
            "inventory_turnover_ratio": 0.6,
            "account_receivable_turnover_ratio": 1.01,
            "reinvestment_rate": 47.43,
            "research_to_sale_ratio": null,
            "price_fair": 26.22,
            "eps_avg_yearly": 0.75,
            "eps_latest_yearly": 0.16,
            "eps_growth_yearly": 210.87
        },
        "20093": {
            "year_quarter": 20093,
            "year": 2009,
            "quarter": 3,
            "eps": 0.38,
            "eps_growth_year": 22.58,
            "eps_4q": 0.52,
            "eps_4q_growth_year": -53.64,
            "roe": 2.58,
            "roe_4q": 3.5200000000000005,
            "gross_profit": 76846,
            "gross_margin": 21.35,
            "gross_margin_4q_avg": 16.86,
            "net_income": 30416,
            "revenue": 359905,
            "common_shares": 790301,
            "book_valuer_per_share": 15.08,
            "book_valuer_per_share_4q_avg": 15.07,
            "equity": 1192346,
            "current_ratio": 367.66,
            "debt_ratio": 21.34,
            "inventory_turnover_ratio": 0.71,
            "account_receivable_turnover_ratio": 1.08,
            "reinvestment_rate": 32.57,
            "research_to_sale_ratio": null,
            "price_fair": 28.47,
            "eps_avg_yearly": 0.81,
            "eps_latest_yearly": 1.52,
            "eps_growth_yearly": 476.63
        },
        "20094": {
            "year_quarter": 20094,
            "year": 2009,
            "quarter": 4,
            "eps": 0.5,
            "eps_growth_year": 614.29,
            "eps_4q": 0.96,
            "eps_4q_growth_year": 13,
            "roe": 3.25,
            "roe_4q": 6.3,
            "gross_profit": 86289,
            "gross_margin": 21.42,
            "gross_margin_4q_avg": 18.89,
            "net_income": 39471,
            "revenue": 402752,
            "common_shares": 790301,
            "book_valuer_per_share": 15.62,
            "book_valuer_per_share_4q_avg": 15.18,
            "equity": 1234905,
            "current_ratio": 367.4,
            "debt_ratio": 21.6,
            "inventory_turnover_ratio": 0.82,
            "account_receivable_turnover_ratio": 2.15,
            "reinvestment_rate": -34.57,
            "research_to_sale_ratio": null,
            "price_fair": 31.66,
            "eps_avg_yearly": 0.9,
            "eps_latest_yearly": 2,
            "eps_growth_yearly": 449.69
        },
        "20101": {
            "year_quarter": 20101,
            "year": 2010,
            "quarter": 1,
            "eps": 0.53,
            "eps_growth_year": 1225,
            "eps_4q": 1.45,
            "eps_4q_growth_year": 69.77,
            "roe": 3.33,
            "roe_4q": 9.41,
            "gross_profit": 85913,
            "gross_margin": 21.78,
            "gross_margin_4q_avg": 20.98,
            "net_income": 41739,
            "revenue": 394541,
            "common_shares": 790301,
            "book_valuer_per_share": 16.13,
            "book_valuer_per_share_4q_avg": 15.39,
            "equity": 1275215,
            "current_ratio": 392.4,
            "debt_ratio": 20.76,
            "inventory_turnover_ratio": 0.78,
            "account_receivable_turnover_ratio": 1.03,
            "reinvestment_rate": -1.55,
            "research_to_sale_ratio": 2.46,
            "price_fair": 36.51,
            "eps_avg_yearly": 1.04,
            "eps_latest_yearly": 2.12,
            "eps_growth_yearly": 473.19
        },
        "20102": {
            "year_quarter": 20102,
            "year": 2010,
            "quarter": 2,
            "eps": 0.44,
            "eps_growth_year": 1003.63,
            "eps_4q": 1.85,
            "eps_4q_growth_year": 276.13,
            "roe": 2.75,
            "roe_4q": 11.91,
            "gross_profit": 83180,
            "gross_margin": 20.47,
            "gross_margin_4q_avg": 21.26,
            "net_income": 34906,
            "revenue": 406392,
            "common_shares": 790301,
            "book_valuer_per_share": 15.92,
            "book_valuer_per_share_4q_avg": 15.69,
            "equity": 1259339,
            "current_ratio": 315,
            "debt_ratio": 25.39,
            "inventory_turnover_ratio": 0.71,
            "account_receivable_turnover_ratio": 1,
            "reinvestment_rate": -7.19,
            "research_to_sale_ratio": 2.64,
            "price_fair": 40.71,
            "eps_avg_yearly": 1.16,
            "eps_latest_yearly": 1.76,
            "eps_growth_yearly": 479.5
        },
        "20103": {
            "year_quarter": 20103,
            "year": 2010,
            "quarter": 3,
            "eps": 0.36,
            "eps_growth_year": -4.3,
            "eps_4q": 1.83,
            "eps_4q_growth_year": 249.37,
            "roe": 2.26,
            "roe_4q": 11.59,
            "gross_profit": 78973,
            "gross_margin": 19.58,
            "gross_margin_4q_avg": 20.81,
            "net_income": 28727,
            "revenue": 403357,
            "common_shares": 790301,
            "book_valuer_per_share": 16.24,
            "book_valuer_per_share_4q_avg": 15.98,
            "equity": 1284157,
            "current_ratio": 374.65,
            "debt_ratio": 21.86,
            "inventory_turnover_ratio": 0.66,
            "account_receivable_turnover_ratio": 1.01,
            "reinvestment_rate": -10.06,
            "research_to_sale_ratio": 2.78,
            "price_fair": 40.6,
            "eps_avg_yearly": 1.16,
            "eps_latest_yearly": 1.44,
            "eps_growth_yearly": 276.98
        },
        "20104": {
            "year_quarter": 20104,
            "year": 2010,
            "quarter": 4,
            "eps": 0.09,
            "eps_growth_year": -82.1,
            "eps_4q": 1.42,
            "eps_4q_growth_year": 48.44,
            "roe": 0.55,
            "roe_4q": 8.89,
            "gross_profit": 74660,
            "gross_margin": 17.12,
            "gross_margin_4q_avg": 19.74,
            "net_income": 7080,
            "revenue": 436189,
            "common_shares": 790301,
            "book_valuer_per_share": 16.15,
            "book_valuer_per_share_4q_avg": 16.11,
            "equity": 1277369,
            "current_ratio": 368.83,
            "debt_ratio": 22.26,
            "inventory_turnover_ratio": 0.74,
            "account_receivable_turnover_ratio": 1.08,
            "reinvestment_rate": -64.35,
            "research_to_sale_ratio": 2.71,
            "price_fair": 38.6,
            "eps_avg_yearly": 1.1,
            "eps_latest_yearly": 0.36,
            "eps_growth_yearly": 235.77
        },
        "20111": {
            "year_quarter": 20111,
            "year": 2011,
            "quarter": 1,
            "eps": 0.31,
            "eps_growth_year": -41.51,
            "eps_4q": 1.2,
            "eps_4q_growth_year": -16.8,
            "roe": 1.89,
            "roe_4q": 7.449999999999999,
            "gross_profit": 72915,
            "gross_margin": 18.37,
            "gross_margin_4q_avg": 18.89,
            "net_income": 24474,
            "revenue": 397013,
            "common_shares": 790301,
            "book_valuer_per_share": 16.52,
            "book_valuer_per_share_4q_avg": 16.21,
            "equity": 1306356,
            "current_ratio": 383.14,
            "debt_ratio": 21.77,
            "inventory_turnover_ratio": 0.63,
            "account_receivable_turnover_ratio": 0.97,
            "reinvestment_rate": -11.51,
            "research_to_sale_ratio": 2.46,
            "price_fair": 38.92,
            "eps_avg_yearly": 1.11,
            "eps_latest_yearly": 1.24,
            "eps_growth_yearly": 285.24
        },
        "20112": {
            "year_quarter": 20112,
            "year": 2011,
            "quarter": 2,
            "eps": 0.24,
            "eps_growth_year": -44.58,
            "eps_4q": 1.01,
            "eps_4q_growth_year": -45.55,
            "roe": 1.51,
            "roe_4q": 6.21,
            "gross_profit": 80484,
            "gross_margin": 19.56,
            "gross_margin_4q_avg": 18.66,
            "net_income": 19301,
            "revenue": 411511,
            "common_shares": 790301,
            "book_valuer_per_share": 15.74,
            "book_valuer_per_share_4q_avg": 16.16,
            "equity": 1244751,
            "current_ratio": 334.81,
            "debt_ratio": 24.61,
            "inventory_turnover_ratio": 0.6,
            "account_receivable_turnover_ratio": 1.04,
            "reinvestment_rate": -13.2,
            "research_to_sale_ratio": 2.56,
            "price_fair": 38.59,
            "eps_avg_yearly": 1.1,
            "eps_latest_yearly": 0.96,
            "eps_growth_yearly": 261.76
        },
        "20113": {
            "year_quarter": 20113,
            "year": 2011,
            "quarter": 3,
            "eps": 0.39,
            "eps_growth_year": 8.25,
            "eps_4q": 1.04,
            "eps_4q_growth_year": -43.28,
            "roe": 2.45,
            "roe_4q": 6.3999999999999995,
            "gross_profit": 74810,
            "gross_margin": 18.26,
            "gross_margin_4q_avg": 18.33,
            "net_income": 31067,
            "revenue": 409802,
            "common_shares": 790301,
            "book_valuer_per_share": 16.36,
            "book_valuer_per_share_4q_avg": 16.19,
            "equity": 1293698,
            "current_ratio": 369.07,
            "debt_ratio": 22.68,
            "inventory_turnover_ratio": 0.58,
            "account_receivable_turnover_ratio": 1.03,
            "reinvestment_rate": -8.29,
            "research_to_sale_ratio": 2.55,
            "price_fair": 39.64,
            "eps_avg_yearly": 1.13,
            "eps_latest_yearly": 1.56,
            "eps_growth_yearly": 250.47
        },
        "20114": {
            "year_quarter": 20114,
            "year": 2011,
            "quarter": 4,
            "eps": 0.35,
            "eps_growth_year": 287.21,
            "eps_4q": 1.3,
            "eps_4q_growth_year": -8.87,
            "roe": 2.1,
            "roe_4q": 7.95,
            "gross_profit": 69457,
            "gross_margin": 18.94,
            "gross_margin_4q_avg": 18.78,
            "net_income": 27397,
            "revenue": 366691,
            "common_shares": 790301,
            "book_valuer_per_share": 16.71,
            "book_valuer_per_share_4q_avg": 16.33,
            "equity": 1321437,
            "current_ratio": 476.87,
            "debt_ratio": 18.2,
            "inventory_turnover_ratio": 0.51,
            "account_receivable_turnover_ratio": 0.98,
            "reinvestment_rate": -52.1,
            "research_to_sale_ratio": 3.18,
            "price_fair": 39.55,
            "eps_avg_yearly": 1.13,
            "eps_latest_yearly": 1.4,
            "eps_growth_yearly": 239.57
        },
        "20121": {
            "year_quarter": 20121,
            "year": 2012,
            "quarter": 1,
            "eps": 0.19,
            "eps_growth_year": -38.71,
            "eps_4q": 1.17,
            "eps_4q_growth_year": -2.67,
            "roe": 1.12,
            "roe_4q": 7.18,
            "gross_profit": 68350,
            "gross_margin": 17.4,
            "gross_margin_4q_avg": 18.54,
            "net_income": 14842,
            "revenue": 392711,
            "common_shares": 790301,
            "book_valuer_per_share": 16.82,
            "book_valuer_per_share_4q_avg": 16.41,
            "equity": 1330321,
            "current_ratio": 499.14,
            "debt_ratio": 17.77,
            "inventory_turnover_ratio": 0.58,
            "account_receivable_turnover_ratio": 1.06,
            "reinvestment_rate": -49.79,
            "research_to_sale_ratio": 2.36,
            "price_fair": 39.73,
            "eps_avg_yearly": 1.14,
            "eps_latest_yearly": 0.76,
            "eps_growth_yearly": 241.33
        },
        "20122": {
            "year_quarter": 20122,
            "year": 2012,
            "quarter": 2,
            "eps": 0.29,
            "eps_growth_year": 20.05,
            "eps_4q": 1.22,
            "eps_4q_growth_year": 21.2,
            "roe": 1.78,
            "roe_4q": 7.45,
            "gross_profit": 72829,
            "gross_margin": 19.37,
            "gross_margin_4q_avg": 18.49,
            "net_income": 23203,
            "revenue": 375990,
            "common_shares": 790301,
            "book_valuer_per_share": 16.14,
            "book_valuer_per_share_4q_avg": 16.51,
            "equity": 1276342,
            "current_ratio": 353.97,
            "debt_ratio": 24.17,
            "inventory_turnover_ratio": 0.56,
            "account_receivable_turnover_ratio": 0.99,
            "reinvestment_rate": -48.45,
            "research_to_sale_ratio": 2.75,
            "price_fair": 39.64,
            "eps_avg_yearly": 1.13,
            "eps_latest_yearly": 1.16,
            "eps_growth_yearly": 235.37
        },
        "20123": {
            "year_quarter": 20123,
            "year": 2012,
            "quarter": 3,
            "eps": 0.4,
            "eps_growth_year": 0.49,
            "eps_4q": 1.22,
            "eps_4q_growth_year": 17.88,
            "roe": 2.42,
            "roe_4q": 7.42,
            "gross_profit": 83587,
            "gross_margin": 20.83,
            "gross_margin_4q_avg": 19.14,
            "net_income": 31265,
            "revenue": 401328,
            "common_shares": 790301,
            "book_valuer_per_share": 16.47,
            "book_valuer_per_share_4q_avg": 16.54,
            "equity": 1302461,
            "current_ratio": 445.29,
            "debt_ratio": 19.89,
            "inventory_turnover_ratio": 0.58,
            "account_receivable_turnover_ratio": 1.04,
            "reinvestment_rate": -49.22,
            "research_to_sale_ratio": 2.54,
            "price_fair": 40.43,
            "eps_avg_yearly": 1.16,
            "eps_latest_yearly": 1.6,
            "eps_growth_yearly": 244.02
        },
        "20124": {
            "year_quarter": 20124,
            "year": 2012,
            "quarter": 4,
            "eps": 0.16,
            "eps_growth_year": -52.6,
            "eps_4q": 1.04,
            "eps_4q_growth_year": -19.6,
            "roe": 0.99,
            "roe_4q": 6.3100000000000005,
            "gross_profit": 65857,
            "gross_margin": 16.03,
            "gross_margin_4q_avg": 18.41,
            "net_income": 12977,
            "revenue": 410762,
            "common_shares": 790301,
            "book_valuer_per_share": 16.64,
            "book_valuer_per_share_4q_avg": 16.52,
            "equity": 1315846,
            "current_ratio": 516.09,
            "debt_ratio": 17.67,
            "inventory_turnover_ratio": 0.64,
            "account_receivable_turnover_ratio": 1.05,
            "reinvestment_rate": -48.3,
            "research_to_sale_ratio": 2.37,
            "price_fair": 41.21,
            "eps_avg_yearly": 1.18,
            "eps_latest_yearly": 0.64,
            "eps_growth_yearly": 248.38
        },
        "20131": {
            "year_quarter": 20131,
            "year": 2013,
            "quarter": 1,
            "eps": 0.26,
            "eps_growth_year": 36.84,
            "eps_4q": 1.11,
            "eps_4q_growth_year": -5.21,
            "roe": 1.55,
            "roe_4q": 6.74,
            "gross_profit": 67853,
            "gross_margin": 16.82,
            "gross_margin_4q_avg": 18.26,
            "net_income": 20386,
            "revenue": 403507,
            "common_shares": 790301,
            "book_valuer_per_share": 16.66,
            "book_valuer_per_share_4q_avg": 16.48,
            "equity": 1317573,
            "current_ratio": 392.81,
            "debt_ratio": 24.44,
            "inventory_turnover_ratio": 0.64,
            "account_receivable_turnover_ratio": 1.01,
            "reinvestment_rate": -46,
            "research_to_sale_ratio": 2.23,
            "price_fair": 43.14,
            "eps_avg_yearly": 1.23,
            "eps_latest_yearly": 1.04,
            "eps_growth_yearly": 274.72
        },
        "20132": {
            "year_quarter": 20132,
            "year": 2013,
            "quarter": 2,
            "eps": 0.34,
            "eps_growth_year": 15.75,
            "eps_4q": 1.16,
            "eps_4q_growth_year": -4.89,
            "roe": 2.1,
            "roe_4q": 7.0600000000000005,
            "gross_profit": 71274,
            "gross_margin": 18.22,
            "gross_margin_4q_avg": 17.98,
            "net_income": 27197,
            "revenue": 391258,
            "common_shares": 790301,
            "book_valuer_per_share": 16.07,
            "book_valuer_per_share_4q_avg": 16.46,
            "equity": 1270783,
            "current_ratio": 311.82,
            "debt_ratio": 29.76,
            "inventory_turnover_ratio": 0.6,
            "account_receivable_turnover_ratio": 0.96,
            "reinvestment_rate": -40.06,
            "research_to_sale_ratio": 2.53,
            "price_fair": 45.76,
            "eps_avg_yearly": 1.31,
            "eps_latest_yearly": 1.36,
            "eps_growth_yearly": 282.41
        },
        "20133": {
            "year_quarter": 20133,
            "year": 2013,
            "quarter": 3,
            "eps": 0.43,
            "eps_growth_year": 8.71,
            "eps_4q": 1.2,
            "eps_4q_growth_year": -1.97,
            "roe": 2.66,
            "roe_4q": 7.3,
            "gross_profit": 88625,
            "gross_margin": 20.84,
            "gross_margin_4q_avg": 17.98,
            "net_income": 34233,
            "revenue": 425181,
            "common_shares": 790301,
            "book_valuer_per_share": 16.46,
            "book_valuer_per_share_4q_avg": 16.46,
            "equity": 1301639,
            "current_ratio": 388.67,
            "debt_ratio": 24.76,
            "inventory_turnover_ratio": 0.62,
            "account_receivable_turnover_ratio": 1.06,
            "reinvestment_rate": -38.28,
            "research_to_sale_ratio": 2.43,
            "price_fair": 46.2,
            "eps_avg_yearly": 1.32,
            "eps_latest_yearly": 1.72,
            "eps_growth_yearly": 76.53
        },
        "20134": {
            "year_quarter": 20134,
            "year": 2013,
            "quarter": 4,
            "eps": 0.24,
            "eps_growth_year": 45.71,
            "eps_4q": 1.27,
            "eps_4q_growth_year": 22.41,
            "roe": 1.44,
            "roe_4q": 7.749999999999999,
            "gross_profit": 61794,
            "gross_margin": 15.55,
            "gross_margin_4q_avg": 17.86,
            "net_income": 18946,
            "revenue": 397278,
            "common_shares": 790301,
            "book_valuer_per_share": 16.74,
            "book_valuer_per_share_4q_avg": 16.48,
            "equity": 1323554,
            "current_ratio": 393.44,
            "debt_ratio": 24.66,
            "inventory_turnover_ratio": 0.62,
            "account_receivable_turnover_ratio": 1.01,
            "reinvestment_rate": -41.52,
            "research_to_sale_ratio": 2.55,
            "price_fair": 43.93,
            "eps_avg_yearly": 1.26,
            "eps_latest_yearly": 0.96,
            "eps_growth_yearly": 57.59
        },
        "20141": {
            "year_quarter": 20141,
            "year": 2014,
            "quarter": 1,
            "eps": 0.28,
            "eps_growth_year": 7.69,
            "eps_4q": 1.3,
            "eps_4q_growth_year": 16.79,
            "roe": 1.67,
            "roe_4q": 7.869999999999999,
            "gross_profit": 69005,
            "gross_margin": 18.6,
            "gross_margin_4q_avg": 18.3,
            "net_income": 22238,
            "revenue": 370995,
            "common_shares": 790301,
            "book_valuer_per_share": 17.01,
            "book_valuer_per_share_4q_avg": 16.57,
            "equity": 1344644,
            "current_ratio": 390.92,
            "debt_ratio": 24.95,
            "inventory_turnover_ratio": 0.54,
            "account_receivable_turnover_ratio": 0.96,
            "reinvestment_rate": -42.98,
            "research_to_sale_ratio": 2.46,
            "price_fair": 41.74,
            "eps_avg_yearly": 1.19,
            "eps_latest_yearly": 1.12,
            "eps_growth_yearly": 60.25
        },
        "20142": {
            "year_quarter": 20142,
            "year": 2014,
            "quarter": 2,
            "eps": 0.16,
            "eps_growth_year": -52.94,
            "eps_4q": 1.11,
            "eps_4q_growth_year": -4.26,
            "roe": 0.96,
            "roe_4q": 6.73,
            "gross_profit": 66154,
            "gross_margin": 16.65,
            "gross_margin_4q_avg": 17.91,
            "net_income": 12517,
            "revenue": 397258,
            "common_shares": 790301,
            "book_valuer_per_share": 16.1,
            "book_valuer_per_share_4q_avg": 16.58,
            "equity": 1272746,
            "current_ratio": 390.48,
            "debt_ratio": 25.11,
            "inventory_turnover_ratio": 0.59,
            "account_receivable_turnover_ratio": 1.03,
            "reinvestment_rate": -50.08,
            "research_to_sale_ratio": 2.5,
            "price_fair": 39.29,
            "eps_avg_yearly": 1.12,
            "eps_latest_yearly": 0.64,
            "eps_growth_yearly": 53.78
        },
        "20143": {
            "year_quarter": 20143,
            "year": 2014,
            "quarter": 3,
            "eps": 0.36,
            "eps_growth_year": -16.28,
            "eps_4q": 1.04,
            "eps_4q_growth_year": -13.18,
            "roe": 2.22,
            "roe_4q": 6.289999999999999,
            "gross_profit": 74736,
            "gross_margin": 19.4,
            "gross_margin_4q_avg": 17.55,
            "net_income": 28622,
            "revenue": 385237,
            "common_shares": 790301,
            "book_valuer_per_share": 16.55,
            "book_valuer_per_share_4q_avg": 16.6,
            "equity": 1308733,
            "current_ratio": 502.52,
            "debt_ratio": 20.59,
            "inventory_turnover_ratio": 0.54,
            "account_receivable_turnover_ratio": 0.98,
            "reinvestment_rate": -47.29,
            "research_to_sale_ratio": 2.5,
            "price_fair": 39.29,
            "eps_avg_yearly": 1.12,
            "eps_latest_yearly": 1.44,
            "eps_growth_yearly": 89.58
        },
        "20144": {
            "year_quarter": 20144,
            "year": 2014,
            "quarter": 4,
            "eps": 0.17,
            "eps_growth_year": -28.29,
            "eps_4q": 0.97,
            "eps_4q_growth_year": -23.61,
            "roe": 1.03,
            "roe_4q": 5.88,
            "gross_profit": 60445,
            "gross_margin": 16.57,
            "gross_margin_4q_avg": 17.81,
            "net_income": 13576,
            "revenue": 364747,
            "common_shares": 790301,
            "book_valuer_per_share": 16.84,
            "book_valuer_per_share_4q_avg": 16.63,
            "equity": 1331922,
            "current_ratio": 395.01,
            "debt_ratio": 24.95,
            "inventory_turnover_ratio": 0.52,
            "account_receivable_turnover_ratio": 0.94,
            "reinvestment_rate": -44.31,
            "research_to_sale_ratio": 2.62,
            "price_fair": 39.99,
            "eps_avg_yearly": 1.14,
            "eps_latest_yearly": 0.68,
            "eps_growth_yearly": 95.14
        },
        "20151": {
            "year_quarter": 20151,
            "year": 2015,
            "quarter": 1,
            "eps": 0.15,
            "eps_growth_year": -46.43,
            "eps_4q": 0.85,
            "eps_4q_growth_year": -34.75,
            "roe": 0.92,
            "roe_4q": 5.13,
            "gross_profit": 58020,
            "gross_margin": 16.23,
            "gross_margin_4q_avg": 17.21,
            "net_income": 12263,
            "revenue": 357515,
            "common_shares": 790301,
            "book_valuer_per_share": 16.96,
            "book_valuer_per_share_4q_avg": 16.61,
            "equity": 1341232,
            "current_ratio": 480.57,
            "debt_ratio": 21.38,
            "inventory_turnover_ratio": 0.54,
            "account_receivable_turnover_ratio": 0.95,
            "reinvestment_rate": -46.25,
            "research_to_sale_ratio": 2.67,
            "price_fair": 38.59,
            "eps_avg_yearly": 1.1,
            "eps_latest_yearly": 0.6,
            "eps_growth_yearly": 31.08
        },
        "20152": {
            "year_quarter": 20152,
            "year": 2015,
            "quarter": 2,
            "eps": 0.2,
            "eps_growth_year": 25,
            "eps_4q": 0.89,
            "eps_4q_growth_year": -19.85,
            "roe": 1.22,
            "roe_4q": 5.390000000000001,
            "gross_profit": 66642,
            "gross_margin": 18.48,
            "gross_margin_4q_avg": 17.67,
            "net_income": 15997,
            "revenue": 360550,
            "common_shares": 790301,
            "book_valuer_per_share": 16.11,
            "book_valuer_per_share_4q_avg": 16.62,
            "equity": 1273802,
            "current_ratio": 370.8,
            "debt_ratio": 26.47,
            "inventory_turnover_ratio": 0.54,
            "account_receivable_turnover_ratio": 0.96,
            "reinvestment_rate": -45.96,
            "research_to_sale_ratio": 2.8,
            "price_fair": 38.24,
            "eps_avg_yearly": 1.09,
            "eps_latest_yearly": 0.8,
            "eps_growth_yearly": 45.06
        },
        "20153": {
            "year_quarter": 20153,
            "year": 2015,
            "quarter": 3,
            "eps": 0.43,
            "eps_growth_year": 19.44,
            "eps_4q": 0.96,
            "eps_4q_growth_year": -7.36,
            "roe": 2.65,
            "roe_4q": 5.82,
            "gross_profit": 86701,
            "gross_margin": 23.14,
            "gross_margin_4q_avg": 18.61,
            "net_income": 34368,
            "revenue": 374618,
            "common_shares": 790301,
            "book_valuer_per_share": 16.71,
            "book_valuer_per_share_4q_avg": 16.66,
            "equity": 1321095,
            "current_ratio": 424.39,
            "debt_ratio": 23.57,
            "inventory_turnover_ratio": 0.53,
            "account_receivable_turnover_ratio": 0.98,
            "reinvestment_rate": -44.56,
            "research_to_sale_ratio": 2.27,
            "price_fair": 38.59,
            "eps_avg_yearly": 1.1,
            "eps_latest_yearly": 1.72,
            "eps_growth_yearly": 58.19
        },
        "20154": {
            "year_quarter": 20154,
            "year": 2015,
            "quarter": 4,
            "eps": 0.56,
            "eps_growth_year": 225.02,
            "eps_4q": 1.35,
            "eps_4q_growth_year": 38.75,
            "roe": 3.31,
            "roe_4q": 8.1,
            "gross_profit": 98593,
            "gross_margin": 23.91,
            "gross_margin_4q_avg": 20.44,
            "net_income": 44171,
            "revenue": 412425,
            "common_shares": 790301,
            "book_valuer_per_share": 17.01,
            "book_valuer_per_share_4q_avg": 16.7,
            "equity": 1345168,
            "current_ratio": 439.1,
            "debt_ratio": 23.4,
            "inventory_turnover_ratio": 0.59,
            "account_receivable_turnover_ratio": 1.03,
            "reinvestment_rate": -41.68,
            "research_to_sale_ratio": 2.84,
            "price_fair": 40.43,
            "eps_avg_yearly": 1.16,
            "eps_latest_yearly": 2.24,
            "eps_growth_yearly": 68.31
        },
        "20161": {
            "year_quarter": 20161,
            "year": 2016,
            "quarter": 1,
            "eps": 0.43,
            "eps_growth_year": 186.67,
            "eps_4q": 1.63,
            "eps_4q_growth_year": 92.1,
            "roe": 2.5,
            "roe_4q": 9.680000000000001,
            "gross_profit": 93468,
            "gross_margin": 22.18,
            "gross_margin_4q_avg": 21.93,
            "net_income": 34071,
            "revenue": 421338,
            "common_shares": 790301,
            "book_valuer_per_share": 17.42,
            "book_valuer_per_share_4q_avg": 16.81,
            "equity": 1377644,
            "current_ratio": 473.25,
            "debt_ratio": 17.62,
            "inventory_turnover_ratio": 0.64,
            "account_receivable_turnover_ratio": 1.01,
            "reinvestment_rate": -36.25,
            "research_to_sale_ratio": 2.44,
            "price_fair": 42.53,
            "eps_avg_yearly": 1.22,
            "eps_latest_yearly": 1.72,
            "eps_growth_yearly": 73.93
        },
        "20162": {
            "year_quarter": 20162,
            "year": 2016,
            "quarter": 2,
            "eps": 0.63,
            "eps_growth_year": 215,
            "eps_4q": 2.06,
            "eps_4q_growth_year": 130.75,
            "roe": 3.67,
            "roe_4q": 12.13,
            "gross_profit": 110552,
            "gross_margin": 26.03,
            "gross_margin_4q_avg": 23.82,
            "net_income": 50069,
            "revenue": 424665,
            "common_shares": 790301,
            "book_valuer_per_share": 17.05,
            "book_valuer_per_share_4q_avg": 17.05,
            "equity": 1347928,
            "current_ratio": 373.52,
            "debt_ratio": 22.58,
            "inventory_turnover_ratio": 0.6,
            "account_receivable_turnover_ratio": 0.99,
            "reinvestment_rate": -31.74,
            "research_to_sale_ratio": 2.57,
            "price_fair": 45.5,
            "eps_avg_yearly": 1.3,
            "eps_latest_yearly": 2.52,
            "eps_growth_yearly": 72.4
        },
        "20163": {
            "year_quarter": 20163,
            "year": 2016,
            "quarter": 3,
            "eps": 0.51,
            "eps_growth_year": 18.6,
            "eps_4q": 2.13,
            "eps_4q_growth_year": 120.41,
            "roe": 2.92,
            "roe_4q": 12.4,
            "gross_profit": 104980,
            "gross_margin": 24.91,
            "gross_margin_4q_avg": 24.26,
            "net_income": 39832,
            "revenue": 421396,
            "common_shares": 790301,
            "book_valuer_per_share": 17.41,
            "book_valuer_per_share_4q_avg": 17.22,
            "equity": 1377114,
            "current_ratio": 476.96,
            "debt_ratio": 17.57,
            "inventory_turnover_ratio": 0.56,
            "account_receivable_turnover_ratio": 0.99,
            "reinvestment_rate": -27.29,
            "research_to_sale_ratio": 3,
            "price_fair": 46.46,
            "eps_avg_yearly": 1.33,
            "eps_latest_yearly": 2.04,
            "eps_growth_yearly": 58.16
        },
        "20164": {
            "year_quarter": 20164,
            "year": 2016,
            "quarter": 4,
            "eps": 0.55,
            "eps_growth_year": -2.06,
            "eps_4q": 2.11,
            "eps_4q_growth_year": 56.54,
            "roe": 3.1,
            "roe_4q": 12.19,
            "gross_profit": 113289,
            "gross_margin": 24.4,
            "gross_margin_4q_avg": 24.38,
            "net_income": 43187,
            "revenue": 464354,
            "common_shares": 790301,
            "book_valuer_per_share": 17.78,
            "book_valuer_per_share_4q_avg": 17.42,
            "equity": 1406243,
            "current_ratio": 385.74,
            "debt_ratio": 22.58,
            "inventory_turnover_ratio": 0.61,
            "account_receivable_turnover_ratio": 1.05,
            "reinvestment_rate": -22.81,
            "research_to_sale_ratio": 2.99,
            "price_fair": 49.88,
            "eps_avg_yearly": 1.43,
            "eps_latest_yearly": 2.2,
            "eps_growth_yearly": 75.12
        },
        "20171": {
            "year_quarter": 20171,
            "year": 2017,
            "quarter": 1,
            "eps": 0.36,
            "eps_growth_year": -16.28,
            "eps_4q": 2.05,
            "eps_4q_growth_year": 25.9,
            "roe": 2.04,
            "roe_4q": 11.73,
            "gross_profit": 96435,
            "gross_margin": 23.6,
            "gross_margin_4q_avg": 24.74,
            "net_income": 28840,
            "revenue": 408626,
            "common_shares": 790301,
            "book_valuer_per_share": 17.95,
            "book_valuer_per_share_4q_avg": 17.55,
            "equity": 1419596,
            "current_ratio": 560.96,
            "debt_ratio": 15.65,
            "inventory_turnover_ratio": 0.54,
            "account_receivable_turnover_ratio": 0.97,
            "reinvestment_rate": -21.14,
            "research_to_sale_ratio": 2.29,
            "price_fair": 50.75,
            "eps_avg_yearly": 1.45,
            "eps_latest_yearly": 1.44,
            "eps_growth_yearly": 50.86
        },
        "20172": {
            "year_quarter": 20172,
            "year": 2017,
            "quarter": 2,
            "eps": 0.47,
            "eps_growth_year": -25.4,
            "eps_4q": 1.88,
            "eps_4q_growth_year": -8.42,
            "roe": 2.67,
            "roe_4q": 10.73,
            "gross_profit": 95688,
            "gross_margin": 23.25,
            "gross_margin_4q_avg": 24.04,
            "net_income": 37043,
            "revenue": 411503,
            "common_shares": 790301,
            "book_valuer_per_share": 17.2,
            "book_valuer_per_share_4q_avg": 17.59,
            "equity": 1359822,
            "current_ratio": 453.11,
            "debt_ratio": 19.14,
            "inventory_turnover_ratio": 0.52,
            "account_receivable_turnover_ratio": 1.02,
            "reinvestment_rate": -19.88,
            "research_to_sale_ratio": 2.07,
            "price_fair": 51.89,
            "eps_avg_yearly": 1.48,
            "eps_latest_yearly": 1.88,
            "eps_growth_yearly": 50.81
        },
        "20173": {
            "year_quarter": 20173,
            "year": 2017,
            "quarter": 3,
            "eps": 0.55,
            "eps_growth_year": 7.84,
            "eps_4q": 1.93,
            "eps_4q_growth_year": -9.41,
            "roe": 3.12,
            "roe_4q": 10.93,
            "gross_profit": 99574,
            "gross_margin": 23.06,
            "gross_margin_4q_avg": 23.58,
            "net_income": 43179,
            "revenue": 431800,
            "common_shares": 790301,
            "book_valuer_per_share": 17.8,
            "book_valuer_per_share_4q_avg": 17.68,
            "equity": 1407918,
            "current_ratio": 587.15,
            "debt_ratio": 14.89,
            "inventory_turnover_ratio": 0.55,
            "account_receivable_turnover_ratio": 1.02,
            "reinvestment_rate": -16.99,
            "research_to_sale_ratio": 2.12,
            "price_fair": 52.94,
            "eps_avg_yearly": 1.51,
            "eps_latest_yearly": 2.2,
            "eps_growth_yearly": 48.44
        },
        "20174": {
            "year_quarter": 20174,
            "year": 2017,
            "quarter": 4,
            "eps": 0.25,
            "eps_growth_year": -53.74,
            "eps_4q": 1.63,
            "eps_4q_growth_year": -22.8,
            "roe": 1.41,
            "roe_4q": 9.24,
            "gross_profit": 84860,
            "gross_margin": 20.7,
            "gross_margin_4q_avg": 22.65,
            "net_income": 19958,
            "revenue": 409888,
            "common_shares": 790301,
            "book_valuer_per_share": 17.92,
            "book_valuer_per_share_4q_avg": 17.72,
            "equity": 1416827,
            "current_ratio": 541.64,
            "debt_ratio": 16.81,
            "inventory_turnover_ratio": 0.52,
            "account_receivable_turnover_ratio": 0.98,
            "reinvestment_rate": -16.38,
            "research_to_sale_ratio": 2.55,
            "price_fair": 53.03,
            "eps_avg_yearly": 1.52,
            "eps_latest_yearly": 1,
            "eps_growth_yearly": 45.85
        },
        "20181": {
            "year_quarter": 20181,
            "year": 2018,
            "quarter": 1,
            "eps": 0.3,
            "eps_growth_year": -16.67,
            "eps_4q": 1.56,
            "eps_4q_growth_year": -23.68,
            "roe": 1.63,
            "roe_4q": 8.83,
            "gross_profit": 83161,
            "gross_margin": 20.19,
            "gross_margin_4q_avg": 21.8,
            "net_income": 23379,
            "revenue": 411892,
            "common_shares": 790301,
            "book_valuer_per_share": 18.3,
            "book_valuer_per_share_4q_avg": 17.81,
            "equity": 1447122,
            "current_ratio": 558.98,
            "debt_ratio": 16.47,
            "inventory_turnover_ratio": 0.5,
            "account_receivable_turnover_ratio": 0.99,
            "reinvestment_rate": -14.58,
            "research_to_sale_ratio": 2.17,
            "price_fair": 53.2,
            "eps_avg_yearly": 1.52,
            "eps_latest_yearly": 1.2,
            "eps_growth_yearly": 46.69
        },
        "20182": {
            "year_quarter": 20182,
            "year": 2018,
            "quarter": 2,
            "eps": 0.31,
            "eps_growth_year": -34.04,
            "eps_4q": 1.4,
            "eps_4q_growth_year": -25.6,
            "roe": 1.71,
            "roe_4q": 7.87,
            "gross_profit": 76351,
            "gross_margin": 18.85,
            "gross_margin_4q_avg": 20.7,
            "net_income": 24226,
            "revenue": 405047,
            "common_shares": 790301,
            "book_valuer_per_share": 17.46,
            "book_valuer_per_share_4q_avg": 17.87,
            "equity": 1380249,
            "current_ratio": 304.4,
            "debt_ratio": 28.98,
            "inventory_turnover_ratio": 0.5,
            "account_receivable_turnover_ratio": 0.97,
            "reinvestment_rate": -9.71,
            "research_to_sale_ratio": 2.28,
            "price_fair": 54.51,
            "eps_avg_yearly": 1.56,
            "eps_latest_yearly": 1.24,
            "eps_growth_yearly": 58.23
        },
        "20183": {
            "year_quarter": 20183,
            "year": 2018,
            "quarter": 3,
            "eps": 0.38,
            "eps_growth_year": -30.91,
            "eps_4q": 1.23,
            "eps_4q_growth_year": -35.89,
            "roe": 2.15,
            "roe_4q": 6.9,
            "gross_profit": 89137,
            "gross_margin": 20.41,
            "gross_margin_4q_avg": 20.04,
            "net_income": 29928,
            "revenue": 436742,
            "common_shares": 790301,
            "book_valuer_per_share": 17.69,
            "book_valuer_per_share_4q_avg": 17.84,
            "equity": 1398935,
            "current_ratio": 429.5,
            "debt_ratio": 20.75,
            "inventory_turnover_ratio": 0.52,
            "account_receivable_turnover_ratio": 1.04,
            "reinvestment_rate": -9.62,
            "research_to_sale_ratio": 2.01,
            "price_fair": 54.69,
            "eps_avg_yearly": 1.56,
            "eps_latest_yearly": 1.52,
            "eps_growth_yearly": 32.63
        },
        "20184": {
            "year_quarter": 20184,
            "year": 2018,
            "quarter": 4,
            "eps": 0.31,
            "eps_growth_year": 23.25,
            "eps_4q": 1.29,
            "eps_4q_growth_year": -20.76,
            "roe": 1.74,
            "roe_4q": 7.2299999999999995,
            "gross_profit": 72158,
            "gross_margin": 17.08,
            "gross_margin_4q_avg": 19.13,
            "net_income": 24612,
            "revenue": 422476,
            "common_shares": 790301,
            "book_valuer_per_share": 18.14,
            "book_valuer_per_share_4q_avg": 17.9,
            "equity": 1434051,
            "current_ratio": 456.25,
            "debt_ratio": 19.15,
            "inventory_turnover_ratio": 0.51,
            "account_receivable_turnover_ratio": 1,
            "reinvestment_rate": -9.78,
            "research_to_sale_ratio": 2.35,
            "price_fair": 55.91,
            "eps_avg_yearly": 1.6,
            "eps_latest_yearly": 1.24,
            "eps_growth_yearly": 41.22
        },
        "20191": {
            "year_quarter": 20191,
            "year": 2019,
            "quarter": 1,
            "eps": 0.25,
            "eps_growth_year": -16.67,
            "eps_4q": 1.25,
            "eps_4q_growth_year": -20.01,
            "roe": 1.39,
            "roe_4q": 6.989999999999999,
            "gross_profit": 60184,
            "gross_margin": 16.62,
            "gross_margin_4q_avg": 18.24,
            "net_income": 20082,
            "revenue": 362160,
            "common_shares": 790301,
            "book_valuer_per_share": 18.49,
            "book_valuer_per_share_4q_avg": 17.95,
            "equity": 1462236,
            "current_ratio": 559.13,
            "debt_ratio": 15.77,
            "inventory_turnover_ratio": 0.45,
            "account_receivable_turnover_ratio": 0.93,
            "reinvestment_rate": -2.36,
            "research_to_sale_ratio": 2.43,
            "price_fair": 56.79,
            "eps_avg_yearly": 1.62,
            "eps_latest_yearly": 1,
            "eps_growth_yearly": 39.32
        },
        "20192": {
            "year_quarter": 20192,
            "year": 2019,
            "quarter": 2,
            "eps": 0.35,
            "eps_growth_year": 12.9,
            "eps_4q": 1.29,
            "eps_4q_growth_year": -7.78,
            "roe": 1.92,
            "roe_4q": 7.199999999999999,
            "gross_profit": 80194,
            "gross_margin": 19.74,
            "gross_margin_4q_avg": 18.46,
            "net_income": 27590,
            "revenue": 406263,
            "common_shares": 790301,
            "book_valuer_per_share": 17.79,
            "book_valuer_per_share_4q_avg": 18.03,
            "equity": 1406522,
            "current_ratio": 450.76,
            "debt_ratio": 19.47,
            "inventory_turnover_ratio": 0.52,
            "account_receivable_turnover_ratio": 1.07,
            "reinvestment_rate": -2.66,
            "research_to_sale_ratio": 2.11,
            "price_fair": 58.1,
            "eps_avg_yearly": 1.66,
            "eps_latest_yearly": 1.4,
            "eps_growth_yearly": 40.99
        },
        "20193": {
            "year_quarter": 20193,
            "year": 2019,
            "quarter": 3,
            "eps": 0.29,
            "eps_growth_year": -23.68,
            "eps_4q": 1.21,
            "eps_4q_growth_year": -2.28,
            "roe": 1.64,
            "roe_4q": 6.6899999999999995,
            "gross_profit": 68862,
            "gross_margin": 18.19,
            "gross_margin_4q_avg": 17.91,
            "net_income": 23227,
            "revenue": 378661,
            "common_shares": 790301,
            "book_valuer_per_share": 17.93,
            "book_valuer_per_share_4q_avg": 18.09,
            "equity": 1417736,
            "current_ratio": 671.98,
            "debt_ratio": 13.39,
            "inventory_turnover_ratio": 0.54,
            "account_receivable_turnover_ratio": 0.96,
            "reinvestment_rate": -5.13,
            "research_to_sale_ratio": 2.31,
            "price_fair": 29.17,
            "eps_avg_yearly": 1.63,
            "eps_latest_yearly": 1.16,
            "eps_growth_yearly": 7.95
        },
        "20194": {
            "year_quarter": 20194,
            "year": 2019,
            "quarter": 4,
            "eps": 0.14,
            "eps_growth_year": -56.32,
            "eps_4q": 1.03,
            "eps_4q_growth_year": -20.28,
            "roe": 0.76,
            "roe_4q": 5.71,
            "gross_profit": 58513,
            "gross_margin": 16.75,
            "gross_margin_4q_avg": 17.83,
            "net_income": 10798,
            "revenue": 349420,
            "common_shares": 790301,
            "book_valuer_per_share": 18.04,
            "book_valuer_per_share_4q_avg": 18.06,
            "equity": 1426784,
            "current_ratio": 631.9,
            "debt_ratio": 14.12,
            "inventory_turnover_ratio": 0.53,
            "account_receivable_turnover_ratio": 0.97,
            "reinvestment_rate": -6.35,
            "research_to_sale_ratio": 2.37,
            "price_fair": 4.56,
            "eps_avg_yearly": 1.52,
            "eps_latest_yearly": 0.56,
            "eps_growth_yearly": -12.54
        },
        "20201": {
            "year_quarter": 20201,
            "year": 2020,
            "quarter": 1,
            "eps": 0.22,
            "eps_growth_year": -12,
            "eps_4q": 1,
            "eps_4q_growth_year": -20.16,
            "roe": 1.21,
            "roe_4q": 5.529999999999999,
            "gross_profit": 66854,
            "gross_margin": 18.72,
            "gross_margin_4q_avg": 18.35,
            "net_income": 17315,
            "revenue": 357110,
            "common_shares": 790301,
            "book_valuer_per_share": 18.22,
            "book_valuer_per_share_4q_avg": 18,
            "equity": 1440796,
            "current_ratio": 609.83,
            "debt_ratio": 14.67,
            "inventory_turnover_ratio": 0.54,
            "account_receivable_turnover_ratio": 1.06,
            "reinvestment_rate": -6.7,
            "research_to_sale_ratio": 2.3,
            "price_fair": 25.76,
            "eps_avg_yearly": 1.47,
            "eps_latest_yearly": 0.88,
            "eps_growth_yearly": 7.55
        },
        "20202": {
            "year_quarter": 20202,
            "year": 2020,
            "quarter": 2,
            "eps": 0.14,
            "eps_growth_year": -60,
            "eps_4q": 0.79,
            "eps_4q_growth_year": -38.58,
            "roe": 0.81,
            "roe_4q": 4.42,
            "gross_profit": 37631,
            "gross_margin": 15.27,
            "gross_margin_4q_avg": 17.23,
            "net_income": 11491,
            "revenue": 246483,
            "common_shares": 790301,
            "book_valuer_per_share": 17.71,
            "book_valuer_per_share_4q_avg": 17.98,
            "equity": 1400343,
            "current_ratio": 584.15,
            "debt_ratio": 15.27,
            "inventory_turnover_ratio": 0.39,
            "account_receivable_turnover_ratio": 0.84,
            "reinvestment_rate": -8.36,
            "research_to_sale_ratio": 3.27,
            "price_fair": 4.04,
            "eps_avg_yearly": 1.35,
            "eps_latest_yearly": 0.56,
            "eps_growth_yearly": -13.17
        },
        "20203": {
            "year_quarter": 20203,
            "year": 2020,
            "quarter": 3,
            "eps": 0.5,
            "eps_growth_year": 72.41,
            "eps_4q": 0.99,
            "eps_4q_growth_year": -17.86,
            "roe": 2.73,
            "roe_4q": 5.51,
            "gross_profit": 73395,
            "gross_margin": 21.55,
            "gross_margin_4q_avg": 18.07,
            "net_income": 38771,
            "revenue": 340552,
            "common_shares": 790301,
            "book_valuer_per_share": 18.27,
            "book_valuer_per_share_4q_avg": 18.06,
            "equity": 1444719,
            "current_ratio": 652.28,
            "debt_ratio": 13.85,
            "inventory_turnover_ratio": 0.51,
            "account_receivable_turnover_ratio": 1.24,
            "reinvestment_rate": -9.87,
            "research_to_sale_ratio": 2.09,
            "price_fair": 46.99,
            "eps_avg_yearly": 1.34,
            "eps_latest_yearly": 2,
            "eps_growth_yearly": 55.88
        },
        "20204": {
            "year_quarter": 20204,
            "year": 2020,
            "quarter": 4,
            "eps": 0.37,
            "eps_growth_year": 169.5,
            "eps_4q": 1.22,
            "eps_4q_growth_year": 18.49,
            "roe": 1.98,
            "roe_4q": 6.7299999999999995,
            "gross_profit": 72575,
            "gross_margin": 20.35,
            "gross_margin_4q_avg": 18.97,
            "net_income": 29011,
            "revenue": 356555,
            "common_shares": 790301,
            "book_valuer_per_share": 18.75,
            "book_valuer_per_share_4q_avg": 18.24,
            "equity": 1482750,
            "current_ratio": 568.98,
            "debt_ratio": 15.86,
            "inventory_turnover_ratio": 0.58,
            "account_receivable_turnover_ratio": 1.13,
            "reinvestment_rate": -11.53,
            "research_to_sale_ratio": 2.24,
            "price_fair": 45.41,
            "eps_avg_yearly": 1.3,
            "eps_latest_yearly": 1.48,
            "eps_growth_yearly": 47.42
        },
        "20211": {
            "year_quarter": 20211,
            "year": 2021,
            "quarter": 1,
            "eps": 0.46,
            "eps_growth_year": 109.09,
            "eps_4q": 1.46,
            "eps_4q_growth_year": 46.72,
            "roe": 2.44,
            "roe_4q": 7.960000000000001,
            "gross_profit": 88757,
            "gross_margin": 22.83,
            "gross_margin_4q_avg": 20,
            "net_income": 36605,
            "revenue": 388819,
            "common_shares": 790301,
            "book_valuer_per_share": 19.18,
            "book_valuer_per_share_4q_avg": 18.48,
            "equity": 1516920,
            "current_ratio": 771.35,
            "debt_ratio": 11.94,
            "inventory_turnover_ratio": 0.61,
            "account_receivable_turnover_ratio": 1.12,
            "reinvestment_rate": -11.27,
            "research_to_sale_ratio": 2.02,
            "price_fair": 46.29,
            "eps_avg_yearly": 1.32,
            "eps_latest_yearly": 1.84,
            "eps_growth_yearly": 62.14
        },
        "20212": {
            "year_quarter": 20212,
            "year": 2021,
            "quarter": 2,
            "eps": 0.27,
            "eps_growth_year": 92.86,
            "eps_4q": 1.59,
            "eps_4q_growth_year": 100.64,
            "roe": 1.41,
            "roe_4q": 8.56,
            "gross_profit": 75264,
            "gross_margin": 20.79,
            "gross_margin_4q_avg": 21.38,
            "net_income": 21569,
            "revenue": 362040,
            "common_shares": 790301,
            "book_valuer_per_share": 19.42,
            "book_valuer_per_share_4q_avg": 18.91,
            "equity": 1535935,
            "current_ratio": 813.85,
            "debt_ratio": 11.41,
            "inventory_turnover_ratio": 0.55,
            "account_receivable_turnover_ratio": 0.99,
            "reinvestment_rate": -12.55,
            "research_to_sale_ratio": 2.2,
            "price_fair": 44.54,
            "eps_avg_yearly": 1.27,
            "eps_latest_yearly": 1.08,
            "eps_growth_yearly": 44.17
        },
        "20213": {
            "year_quarter": 20213,
            "year": 2021,
            "quarter": 3,
            "eps": 0.26,
            "eps_growth_year": -48,
            "eps_4q": 1.37,
            "eps_4q_growth_year": 37.77,
            "roe": 1.37,
            "roe_4q": 7.200000000000001,
            "gross_profit": 65389,
            "gross_margin": 19.01,
            "gross_margin_4q_avg": 20.75,
            "net_income": 20762,
            "revenue": 343983,
            "common_shares": 790301,
            "book_valuer_per_share": 18.88,
            "book_valuer_per_share_4q_avg": 19.06,
            "equity": 1493188,
            "current_ratio": 806.11,
            "debt_ratio": 11.53,
            "inventory_turnover_ratio": 0.48,
            "account_receivable_turnover_ratio": 1,
            "reinvestment_rate": -15.41,
            "research_to_sale_ratio": 2.35,
            "price_fair": 42,
            "eps_avg_yearly": 1.2,
            "eps_latest_yearly": 1.04,
            "eps_growth_yearly": 38.99
        },
        "20214": {
            "year_quarter": 20214,
            "year": 2021,
            "quarter": 4,
            "eps": 0.13,
            "eps_growth_year": -64.65,
            "eps_4q": 1.13,
            "eps_4q_growth_year": -7.64,
            "roe": 0.69,
            "roe_4q": 5.91,
            "gross_profit": 58551,
            "gross_margin": 16.66,
            "gross_margin_4q_avg": 19.82,
            "net_income": 10259,
            "revenue": 351362,
            "common_shares": 790301,
            "book_valuer_per_share": 18.94,
            "book_valuer_per_share_4q_avg": 19.11,
            "equity": 1497591,
            "current_ratio": 732.13,
            "debt_ratio": 13.25,
            "inventory_turnover_ratio": 0.47,
            "account_receivable_turnover_ratio": 1.03,
            "reinvestment_rate": -14.1,
            "research_to_sale_ratio": 2.5,
            "price_fair": 40.95,
            "eps_avg_yearly": 1.17,
            "eps_latest_yearly": 0.52,
            "eps_growth_yearly": 40.13
        },
        "20221": {
            "year_quarter": 20221,
            "year": 2022,
            "quarter": 1,
            "eps": 0.3,
            "eps_growth_year": -34.78,
            "eps_4q": 0.96,
            "eps_4q_growth_year": -34.42,
            "roe": 1.54,
            "roe_4q": 5.01,
            "gross_profit": 66084,
            "gross_margin": 19.08,
            "gross_margin_4q_avg": 18.89,
            "net_income": 23314,
            "revenue": 346376,
            "common_shares": 790301,
            "book_valuer_per_share": 19.38,
            "book_valuer_per_share_4q_avg": 19.16,
            "equity": 1532565,
            "current_ratio": 836.47,
            "debt_ratio": 11.85,
            "inventory_turnover_ratio": 0.43,
            "account_receivable_turnover_ratio": 1,
            "reinvestment_rate": -13.13,
            "research_to_sale_ratio": 2.39,
            "price_fair": 40.95,
            "eps_avg_yearly": 1.17,
            "eps_latest_yearly": 1.2,
            "eps_growth_yearly": 67.82
        },
        "20222": {
            "year_quarter": 20222,
            "year": 2022,
            "quarter": 2,
            "eps": 0.21,
            "eps_growth_year": -22.22,
            "eps_4q": 0.89,
            "eps_4q_growth_year": -43.82,
            "roe": 1.09,
            "roe_4q": 4.6899999999999995,
            "gross_profit": 56242,
            "gross_margin": 17.2,
            "gross_margin_4q_avg": 17.99,
            "net_income": 16334,
            "revenue": 326995,
            "common_shares": 790301,
            "book_valuer_per_share": 18.63,
            "book_valuer_per_share_4q_avg": 18.96,
            "equity": 1472986,
            "current_ratio": 618.25,
            "debt_ratio": 15.55,
            "inventory_turnover_ratio": 0.4,
            "account_receivable_turnover_ratio": 0.96,
            "reinvestment_rate": -16.83,
            "research_to_sale_ratio": 2.62,
            "price_fair": 40.08,
            "eps_avg_yearly": 1.15,
            "eps_latest_yearly": 0.84,
            "eps_growth_yearly": 59.49
        },
        "20223": {
            "year_quarter": 20223,
            "year": 2022,
            "quarter": 3,
            "eps": 0.3,
            "eps_growth_year": 15.38,
            "eps_4q": 0.93,
            "eps_4q_growth_year": -31.63,
            "roe": 1.61,
            "roe_4q": 4.93,
            "gross_profit": 47999,
            "gross_margin": 15.55,
            "gross_margin_4q_avg": 17.12,
            "net_income": 23855,
            "revenue": 308699,
            "common_shares": 790301,
            "book_valuer_per_share": 18.96,
            "book_valuer_per_share_4q_avg": 18.98,
            "equity": 1499266,
            "current_ratio": 969.14,
            "debt_ratio": 10.59,
            "inventory_turnover_ratio": 0.38,
            "account_receivable_turnover_ratio": 0.97,
            "reinvestment_rate": -18.47,
            "research_to_sale_ratio": 2.7,
            "price_fair": 39.38,
            "eps_avg_yearly": 1.13,
            "eps_latest_yearly": 1.2,
            "eps_growth_yearly": 64.56
        },
        "20224": {
            "year_quarter": 20224,
            "year": 2022,
            "quarter": 4,
            "eps": -0.16,
            "eps_growth_year": -223.59,
            "eps_4q": 0.64,
            "eps_4q_growth_year": -42.96,
            "roe": -0.85,
            "roe_4q": 3.39,
            "gross_profit": 26505,
            "gross_margin": 11.15,
            "gross_margin_4q_avg": 15.75,
            "net_income": -12671,
            "revenue": 237780,
            "common_shares": 790301,
            "book_valuer_per_share": 18.81,
            "book_valuer_per_share_4q_avg": 18.95,
            "equity": 1487362,
            "current_ratio": 1037.35,
            "debt_ratio": 9.52,
            "inventory_turnover_ratio": 0.32,
            "account_receivable_turnover_ratio": 0.88,
            "reinvestment_rate": -21.34,
            "research_to_sale_ratio": 2.87,
            "price_fair": 39.11,
            "eps_avg_yearly": 1.12,
            "eps_latest_yearly": 1.2,
            "eps_growth_yearly": 73.77
        },
        "20231": {
            "year_quarter": 20231,
            "year": 2023,
            "quarter": 1,
            "eps": -0.16,
            "eps_growth_year": -153.33,
            "eps_4q": 0.19,
            "eps_4q_growth_year": -80.49,
            "roe": -0.86,
            "roe_4q": 0.9900000000000002,
            "gross_profit": 20255,
            "gross_margin": 8.37,
            "gross_margin_4q_avg": 13.07,
            "net_income": -12703,
            "revenue": 241917,
            "common_shares": 790301,
            "book_valuer_per_share": 18.67,
            "book_valuer_per_share_4q_avg": 18.77,
            "equity": 1476280,
            "current_ratio": 1148.73,
            "debt_ratio": 8.72,
            "inventory_turnover_ratio": 0.35,
            "account_receivable_turnover_ratio": 0.99,
            "reinvestment_rate": -36.85,
            "research_to_sale_ratio": 2.99,
            "price_fair": 39.4,
            "eps_avg_yearly": 1.13,
            "eps_latest_yearly": 1.2,
            "eps_growth_yearly": 84.57
        }
    },
    "months": {
        "2001-06": {
            "month": "2001-06",
            "price": "10.98",
            "revenue": 86959
        },
        "2001-07": {
            "month": "2001-07",
            "price": "10.16",
            "revenue": 91740
        },
        "2001-08": {
            "month": "2001-08",
            "price": "9.56",
            "revenue": 110554
        },
        "2001-09": {
            "month": "2001-09",
            "price": "9.69",
            "revenue": 102985
        },
        "2001-10": {
            "month": "2001-10",
            "price": "9.03",
            "revenue": 118754
        },
        "2001-11": {
            "month": "2001-11",
            "price": "9.38",
            "revenue": 105338
        },
        "2001-12": {
            "month": "2001-12",
            "price": "11.26",
            "revenue": 95644
        },
        "2002-01": {
            "month": "2002-01",
            "price": "11.27",
            "revenue": 110452
        },
        "2002-02": {
            "month": "2002-02",
            "price": "11.31",
            "revenue": 66849
        },
        "2002-03": {
            "month": "2002-03",
            "price": "12.24",
            "revenue": 135988
        },
        "2002-04": {
            "month": "2002-04",
            "price": "13.17",
            "revenue": 127408
        },
        "2002-05": {
            "month": "2002-05",
            "price": "13.00",
            "revenue": 122600
        },
        "2002-06": {
            "month": "2002-06",
            "price": "16.66",
            "revenue": 91131
        },
        "2002-07": {
            "month": "2002-07",
            "price": "19.23",
            "revenue": 99711
        },
        "2002-08": {
            "month": "2002-08",
            "price": "15.16",
            "revenue": 108442
        },
        "2002-09": {
            "month": "2002-09",
            "price": "13.94",
            "revenue": 89108
        },
        "2002-10": {
            "month": "2002-10",
            "price": "12.67",
            "revenue": 107226
        },
        "2002-11": {
            "month": "2002-11",
            "price": "13.93",
            "revenue": 101946
        },
        "2002-12": {
            "month": "2002-12",
            "price": "14.98",
            "revenue": 99574
        },
        "2003-01": {
            "month": "2003-01",
            "price": "15.47",
            "revenue": 96783
        },
        "2003-02": {
            "month": "2003-02",
            "price": "14.34",
            "revenue": 95679
        },
        "2003-03": {
            "month": "2003-03",
            "price": "13.29",
            "revenue": 119825
        },
        "2003-04": {
            "month": "2003-04",
            "price": "12.99",
            "revenue": 111440
        },
        "2003-05": {
            "month": "2003-05",
            "price": "11.37",
            "revenue": 91394
        },
        "2003-06": {
            "month": "2003-06",
            "price": "12.27",
            "revenue": 83401
        },
        "2003-07": {
            "month": "2003-07",
            "price": "12.19",
            "revenue": 106141
        },
        "2003-08": {
            "month": "2003-08",
            "price": "11.91",
            "revenue": 105472
        },
        "2003-09": {
            "month": "2003-09",
            "price": "11.57",
            "revenue": 122857
        },
        "2003-10": {
            "month": "2003-10",
            "price": "11.55",
            "revenue": 132475
        },
        "2003-11": {
            "month": "2003-11",
            "price": "11.92",
            "revenue": 112956
        },
        "2003-12": {
            "month": "2003-12",
            "price": "12.07",
            "revenue": 126100
        },
        "2004-01": {
            "month": "2004-01",
            "price": "12.38",
            "revenue": 78491
        },
        "2004-02": {
            "month": "2004-02",
            "price": "13.48",
            "revenue": 108256
        },
        "2004-03": {
            "month": "2004-03",
            "price": "13.05",
            "revenue": 118637
        },
        "2004-04": {
            "month": "2004-04",
            "price": "12.72",
            "revenue": 107997
        },
        "2004-05": {
            "month": "2004-05",
            "price": "11.87",
            "revenue": 103197
        },
        "2004-06": {
            "month": "2004-06",
            "price": "11.89",
            "revenue": 96720
        },
        "2004-07": {
            "month": "2004-07",
            "price": "11.17",
            "revenue": 97462
        },
        "2004-08": {
            "month": "2004-08",
            "price": "10.92",
            "revenue": 99707
        },
        "2004-09": {
            "month": "2004-09",
            "price": "11.23",
            "revenue": 104542
        },
        "2004-10": {
            "month": "2004-10",
            "price": "11.04",
            "revenue": 111263
        },
        "2004-11": {
            "month": "2004-11",
            "price": "10.72",
            "revenue": 90815
        },
        "2004-12": {
            "month": "2004-12",
            "price": "10.42",
            "revenue": 84217
        },
        "2005-01": {
            "month": "2005-01",
            "price": "10.30",
            "revenue": 89861
        },
        "2005-02": {
            "month": "2005-02",
            "price": "10.18",
            "revenue": 63562
        },
        "2005-03": {
            "month": "2005-03",
            "price": "10.14",
            "revenue": 109588
        },
        "2005-04": {
            "month": "2005-04",
            "price": "9.83",
            "revenue": 94693
        },
        "2005-05": {
            "month": "2005-05",
            "price": "9.69",
            "revenue": 92360
        },
        "2005-06": {
            "month": "2005-06",
            "price": "9.53",
            "revenue": 76626
        },
        "2005-07": {
            "month": "2005-07",
            "price": "9.15",
            "revenue": 76989
        },
        "2005-08": {
            "month": "2005-08",
            "price": "9.41",
            "revenue": 92123
        },
        "2005-09": {
            "month": "2005-09",
            "price": "10.33",
            "revenue": 102330
        },
        "2005-10": {
            "month": "2005-10",
            "price": "9.71",
            "revenue": 103359
        },
        "2005-11": {
            "month": "2005-11",
            "price": "9.35",
            "revenue": 95852
        },
        "2005-12": {
            "month": "2005-12",
            "price": "9.22",
            "revenue": 78055
        },
        "2006-01": {
            "month": "2006-01",
            "price": "9.41",
            "revenue": 74629
        },
        "2006-02": {
            "month": "2006-02",
            "price": "9.24",
            "revenue": 80476
        },
        "2006-03": {
            "month": "2006-03",
            "price": "9.15",
            "revenue": 98610
        },
        "2006-04": {
            "month": "2006-04",
            "price": "9.76",
            "revenue": 82000
        },
        "2006-05": {
            "month": "2006-05",
            "price": "10.31",
            "revenue": 95976
        },
        "2006-06": {
            "month": "2006-06",
            "price": "9.54",
            "revenue": 86792
        },
        "2006-07": {
            "month": "2006-07",
            "price": "8.77",
            "revenue": 88524
        },
        "2006-08": {
            "month": "2006-08",
            "price": "8.71",
            "revenue": 108225
        },
        "2006-09": {
            "month": "2006-09",
            "price": "8.76",
            "revenue": 92526
        },
        "2006-10": {
            "month": "2006-10",
            "price": "9.05",
            "revenue": 92931
        },
        "2006-11": {
            "month": "2006-11",
            "price": "9.01",
            "revenue": 96032
        },
        "2006-12": {
            "month": "2006-12",
            "price": "9.90",
            "revenue": 83927
        },
        "2007-01": {
            "month": "2007-01",
            "price": "10.21",
            "revenue": 107634
        },
        "2007-02": {
            "month": "2007-02",
            "price": "9.95",
            "revenue": 54930
        },
        "2007-03": {
            "month": "2007-03",
            "price": "10.25",
            "revenue": 108140
        },
        "2007-04": {
            "month": "2007-04",
            "price": "11.70",
            "revenue": 98185
        },
        "2007-05": {
            "month": "2007-05",
            "price": "10.52",
            "revenue": 107023
        },
        "2007-06": {
            "month": "2007-06",
            "price": "10.73",
            "revenue": 90731
        },
        "2007-07": {
            "month": "2007-07",
            "price": "13.26",
            "revenue": 102893
        },
        "2007-08": {
            "month": "2007-08",
            "price": "11.61",
            "revenue": 108624
        },
        "2007-09": {
            "month": "2007-09",
            "price": "11.27",
            "revenue": 102036
        },
        "2007-10": {
            "month": "2007-10",
            "price": "11.28",
            "revenue": 112117
        },
        "2007-11": {
            "month": "2007-11",
            "price": "10.77",
            "revenue": 114359
        },
        "2007-12": {
            "month": "2007-12",
            "price": "10.23",
            "revenue": 94277
        },
        "2008-01": {
            "month": "2008-01",
            "price": "10.14",
            "revenue": 130310
        },
        "2008-02": {
            "month": "2008-02",
            "price": "10.43",
            "revenue": 68656
        },
        "2008-03": {
            "month": "2008-03",
            "price": "10.66",
            "revenue": 122890
        },
        "2008-04": {
            "month": "2008-04",
            "price": "11.55",
            "revenue": 110572
        },
        "2008-05": {
            "month": "2008-05",
            "price": "12.28",
            "revenue": 128987
        },
        "2008-06": {
            "month": "2008-06",
            "price": "11.32",
            "revenue": 123929
        },
        "2008-07": {
            "month": "2008-07",
            "price": "9.59",
            "revenue": 128671
        },
        "2008-08": {
            "month": "2008-08",
            "price": "9.97",
            "revenue": 124903
        },
        "2008-09": {
            "month": "2008-09",
            "price": "9.33",
            "revenue": 110226
        },
        "2008-10": {
            "month": "2008-10",
            "price": "8.34",
            "revenue": 103313
        },
        "2008-11": {
            "month": "2008-11",
            "price": "8.16",
            "revenue": 74642
        },
        "2008-12": {
            "month": "2008-12",
            "price": "8.04",
            "revenue": 73678
        },
        "2009-01": {
            "month": "2009-01",
            "price": "7.97",
            "revenue": 54671
        },
        "2009-02": {
            "month": "2009-02",
            "price": "8.02",
            "revenue": 87429
        },
        "2009-03": {
            "month": "2009-03",
            "price": "8.44",
            "revenue": 89454
        },
        "2009-04": {
            "month": "2009-04",
            "price": "9.12",
            "revenue": 90046
        },
        "2009-05": {
            "month": "2009-05",
            "price": "9.19",
            "revenue": 84514
        },
        "2009-06": {
            "month": "2009-06",
            "price": "9.21",
            "revenue": 89496
        },
        "2009-07": {
            "month": "2009-07",
            "price": "8.79",
            "revenue": 91212
        },
        "2009-08": {
            "month": "2009-08",
            "price": "9.53",
            "revenue": 96464
        },
        "2009-09": {
            "month": "2009-09",
            "price": "10.04",
            "revenue": 101151
        },
        "2009-10": {
            "month": "2009-10",
            "price": "10.79",
            "revenue": 104675
        },
        "2009-11": {
            "month": "2009-11",
            "price": "11.18",
            "revenue": 106436
        },
        "2009-12": {
            "month": "2009-12",
            "price": "11.75",
            "revenue": 124326
        },
        "2010-01": {
            "month": "2010-01",
            "price": "12.68",
            "revenue": 118955
        },
        "2010-02": {
            "month": "2010-02",
            "price": "12.20",
            "revenue": 78111
        },
        "2010-03": {
            "month": "2010-03",
            "price": "13.10",
            "revenue": 134670
        },
        "2010-04": {
            "month": "2010-04",
            "price": "16.84",
            "revenue": 126237
        },
        "2010-05": {
            "month": "2010-05",
            "price": "15.76",
            "revenue": 110400
        },
        "2010-06": {
            "month": "2010-06",
            "price": "15.09",
            "revenue": 103768
        },
        "2010-07": {
            "month": "2010-07",
            "price": "16.30",
            "revenue": 128855
        },
        "2010-08": {
            "month": "2010-08",
            "price": "18.56",
            "revenue": 109189
        },
        "2010-09": {
            "month": "2010-09",
            "price": "17.63",
            "revenue": 100976
        },
        "2010-10": {
            "month": "2010-10",
            "price": "17.59",
            "revenue": 120841
        },
        "2010-11": {
            "month": "2010-11",
            "price": "16.64",
            "revenue": 126479
        },
        "2010-12": {
            "month": "2010-12",
            "price": "16.99",
            "revenue": 132257
        },
        "2011-01": {
            "month": "2011-01",
            "price": "17.30",
            "revenue": 103357
        },
        "2011-02": {
            "month": "2011-02",
            "price": "16.90",
            "revenue": 86959
        },
        "2011-03": {
            "month": "2011-03",
            "price": "16.13",
            "revenue": 138506
        },
        "2011-04": {
            "month": "2011-04",
            "price": "16.09",
            "revenue": 128331
        },
        "2011-05": {
            "month": "2011-05",
            "price": "16.17",
            "revenue": 116664
        },
        "2011-06": {
            "month": "2011-06",
            "price": "15.84",
            "revenue": 121744
        },
        "2011-07": {
            "month": "2011-07",
            "price": "15.04",
            "revenue": 98303
        },
        "2011-08": {
            "month": "2011-08",
            "price": "13.86",
            "revenue": 109771
        },
        "2011-09": {
            "month": "2011-09",
            "price": "12.99",
            "revenue": 115656
        },
        "2011-10": {
            "month": "2011-10",
            "price": "12.58",
            "revenue": 105476
        },
        "2011-11": {
            "month": "2011-11",
            "price": "13.04",
            "revenue": 101703
        },
        "2011-12": {
            "month": "2011-12",
            "price": "13.14",
            "revenue": 93699
        },
        "2012-01": {
            "month": "2012-01",
            "price": "13.23",
            "revenue": 88974
        },
        "2012-02": {
            "month": "2012-02",
            "price": "13.98",
            "revenue": 103580
        },
        "2012-03": {
            "month": "2012-03",
            "price": "14.22",
            "revenue": 127333
        },
        "2012-04": {
            "month": "2012-04",
            "price": "14.82",
            "revenue": 108848
        },
        "2012-05": {
            "month": "2012-05",
            "price": "14.19",
            "revenue": 101884
        },
        "2012-06": {
            "month": "2012-06",
            "price": "13.85",
            "revenue": 106018
        },
        "2012-07": {
            "month": "2012-07",
            "price": "13.15",
            "revenue": 123412
        },
        "2012-08": {
            "month": "2012-08",
            "price": "13.89",
            "revenue": 113400
        },
        "2012-09": {
            "month": "2012-09",
            "price": "14.59",
            "revenue": 99866
        },
        "2012-10": {
            "month": "2012-10",
            "price": "14.43",
            "revenue": 121304
        },
        "2012-11": {
            "month": "2012-11",
            "price": "14.41",
            "revenue": 124255
        },
        "2012-12": {
            "month": "2012-12",
            "price": "14.60",
            "revenue": 100698
        },
        "2013-01": {
            "month": "2013-01",
            "price": "14.71",
            "revenue": 150500
        },
        "2013-02": {
            "month": "2013-02",
            "price": "15.03",
            "revenue": 82995
        },
        "2013-03": {
            "month": "2013-03",
            "price": "14.94",
            "revenue": 170012
        },
        "2013-04": {
            "month": "2013-04",
            "price": "15.38",
            "revenue": 138189
        },
        "2013-05": {
            "month": "2013-05",
            "price": "15.91",
            "revenue": 137308
        },
        "2013-06": {
            "month": "2013-06",
            "price": "16.11",
            "revenue": 115761
        },
        "2013-07": {
            "month": "2013-07",
            "price": "15.35",
            "revenue": 142187
        },
        "2013-08": {
            "month": "2013-08",
            "price": "15.43",
            "revenue": 141306
        },
        "2013-09": {
            "month": "2013-09",
            "price": "15.85",
            "revenue": 141688
        },
        "2013-10": {
            "month": "2013-10",
            "price": "16.62",
            "revenue": 144011
        },
        "2013-11": {
            "month": "2013-11",
            "price": "17.42",
            "revenue": 131203
        },
        "2013-12": {
            "month": "2013-12",
            "price": "17.74",
            "revenue": 123916
        },
        "2014-01": {
            "month": "2014-01",
            "price": "17.79",
            "revenue": 119478
        },
        "2014-02": {
            "month": "2014-02",
            "price": "17.31",
            "revenue": 112650
        },
        "2014-03": {
            "month": "2014-03",
            "price": "17.45",
            "revenue": 138409
        },
        "2014-04": {
            "month": "2014-04",
            "price": "17.44",
            "revenue": 137613
        },
        "2014-05": {
            "month": "2014-05",
            "price": "17.40",
            "revenue": 130484
        },
        "2014-06": {
            "month": "2014-06",
            "price": "17.02",
            "revenue": 129941
        },
        "2014-07": {
            "month": "2014-07",
            "price": "16.71",
            "revenue": 127863
        },
        "2014-08": {
            "month": "2014-08",
            "price": "16.15",
            "revenue": 126436
        },
        "2014-09": {
            "month": "2014-09",
            "price": "16.00",
            "revenue": 131124
        },
        "2014-10": {
            "month": "2014-10",
            "price": "15.79",
            "revenue": 131175
        },
        "2014-11": {
            "month": "2014-11",
            "price": "15.64",
            "revenue": 118153
        },
        "2014-12": {
            "month": "2014-12",
            "price": "15.84",
            "revenue": 115560
        },
        "2015-01": {
            "month": "2015-01",
            "price": "15.80",
            "revenue": 140481
        },
        "2015-02": {
            "month": "2015-02",
            "price": "15.85",
            "revenue": 82463
        },
        "2015-03": {
            "month": "2015-03",
            "price": "15.99",
            "revenue": 135136
        },
        "2015-04": {
            "month": "2015-04",
            "price": "16.47",
            "revenue": 121979
        },
        "2015-05": {
            "month": "2015-05",
            "price": "16.18",
            "revenue": 126496
        },
        "2015-06": {
            "month": "2015-06",
            "price": "15.84",
            "revenue": 111835
        },
        "2015-07": {
            "month": "2015-07",
            "price": "15.02",
            "revenue": 123654
        },
        "2015-08": {
            "month": "2015-08",
            "price": "14.45",
            "revenue": 117767
        },
        "2015-09": {
            "month": "2015-09",
            "price": "14.02",
            "revenue": 133384
        },
        "2015-10": {
            "month": "2015-10",
            "price": "14.53",
            "revenue": 133158
        },
        "2015-11": {
            "month": "2015-11",
            "price": "14.96",
            "revenue": 137774
        },
        "2015-12": {
            "month": "2015-12",
            "price": "15.01",
            "revenue": 141653
        },
        "2016-01": {
            "month": "2016-01",
            "price": "15.00",
            "revenue": 144928
        },
        "2016-02": {
            "month": "2016-02",
            "price": "15.99",
            "revenue": 99223
        },
        "2016-03": {
            "month": "2016-03",
            "price": "16.58",
            "revenue": 177374
        },
        "2016-04": {
            "month": "2016-04",
            "price": "19.85",
            "revenue": 132391
        },
        "2016-05": {
            "month": "2016-05",
            "price": "17.73",
            "revenue": 147271
        },
        "2016-06": {
            "month": "2016-06",
            "price": "18.67",
            "revenue": 145048
        },
        "2016-07": {
            "month": "2016-07",
            "price": "20.54",
            "revenue": 129871
        },
        "2016-08": {
            "month": "2016-08",
            "price": "20.65",
            "revenue": 146926
        },
        "2016-09": {
            "month": "2016-09",
            "price": "22.31",
            "revenue": 144730
        },
        "2016-10": {
            "month": "2016-10",
            "price": "22.53",
            "revenue": 149498
        },
        "2016-11": {
            "month": "2016-11",
            "price": "23.02",
            "revenue": 159792
        },
        "2016-12": {
            "month": "2016-12",
            "price": "23.98",
            "revenue": 155214
        },
        "2017-01": {
            "month": "2017-01",
            "price": "23.38",
            "revenue": 135144
        },
        "2017-02": {
            "month": "2017-02",
            "price": "22.86",
            "revenue": 108683
        },
        "2017-03": {
            "month": "2017-03",
            "price": "22.83",
            "revenue": 164959
        },
        "2017-04": {
            "month": "2017-04",
            "price": "22.44",
            "revenue": 114133
        },
        "2017-05": {
            "month": "2017-05",
            "price": "22.10",
            "revenue": 152823
        },
        "2017-06": {
            "month": "2017-06",
            "price": "22.24",
            "revenue": 144693
        },
        "2017-07": {
            "month": "2017-07",
            "price": "21.69",
            "revenue": 137400
        },
        "2017-08": {
            "month": "2017-08",
            "price": "21.27",
            "revenue": 147102
        },
        "2017-09": {
            "month": "2017-09",
            "price": "21.27",
            "revenue": 147429
        },
        "2017-10": {
            "month": "2017-10",
            "price": "21.33",
            "revenue": 134539
        },
        "2017-11": {
            "month": "2017-11",
            "price": "21.37",
            "revenue": 140273
        },
        "2017-12": {
            "month": "2017-12",
            "price": "21.15",
            "revenue": 130345
        },
        "2018-01": {
            "month": "2018-01",
            "price": "21.04",
            "revenue": 156875
        },
        "2018-02": {
            "month": "2018-02",
            "price": "21.02",
            "revenue": 96266
        },
        "2018-03": {
            "month": "2018-03",
            "price": "21.19",
            "revenue": 158861
        },
        "2018-04": {
            "month": "2018-04",
            "price": "21.04",
            "revenue": 128105
        },
        "2018-05": {
            "month": "2018-05",
            "price": "20.92",
            "revenue": 142571
        },
        "2018-06": {
            "month": "2018-06",
            "price": "20.83",
            "revenue": 134505
        },
        "2018-07": {
            "month": "2018-07",
            "price": "19.76",
            "revenue": 142392
        },
        "2018-08": {
            "month": "2018-08",
            "price": "19.94",
            "revenue": 151647
        },
        "2018-09": {
            "month": "2018-09",
            "price": "19.81",
            "revenue": 142874
        },
        "2018-10": {
            "month": "2018-10",
            "price": "19.38",
            "revenue": 137542
        },
        "2018-11": {
            "month": "2018-11",
            "price": "18.54",
            "revenue": 143052
        },
        "2018-12": {
            "month": "2018-12",
            "price": "18.18",
            "revenue": 141982
        },
        "2019-01": {
            "month": "2019-01",
            "price": "18.61",
            "revenue": 149289
        },
        "2019-02": {
            "month": "2019-02",
            "price": "19.25",
            "revenue": 79413
        },
        "2019-03": {
            "month": "2019-03",
            "price": "19.57",
            "revenue": 133570
        },
        "2019-04": {
            "month": "2019-04",
            "price": "19.56",
            "revenue": 135863
        },
        "2019-05": {
            "month": "2019-05",
            "price": "19.46",
            "revenue": 143181
        },
        "2019-06": {
            "month": "2019-06",
            "price": "19.53",
            "revenue": 127247
        },
        "2019-07": {
            "month": "2019-07",
            "price": "19.25",
            "revenue": 127458
        },
        "2019-08": {
            "month": "2019-08",
            "price": "18.96",
            "revenue": 134592
        },
        "2019-09": {
            "month": "2019-09",
            "price": "18.83",
            "revenue": 116657
        },
        "2019-10": {
            "month": "2019-10",
            "price": "18.72",
            "revenue": 113155
        },
        "2019-11": {
            "month": "2019-11",
            "price": "18.75",
            "revenue": 124002
        },
        "2019-12": {
            "month": "2019-12",
            "price": "18.72",
            "revenue": 112314
        },
        "2020-01": {
            "month": "2020-01",
            "price": "18.76",
            "revenue": 105784
        },
        "2020-02": {
            "month": "2020-02",
            "price": "18.18",
            "revenue": 103282
        },
        "2020-03": {
            "month": "2020-03",
            "price": "16.18",
            "revenue": 148044
        },
        "2020-04": {
            "month": "2020-04",
            "price": "15.61",
            "revenue": 98705
        },
        "2020-05": {
            "month": "2020-05",
            "price": "16.23",
            "revenue": 63755
        },
        "2020-06": {
            "month": "2020-06",
            "price": "16.29",
            "revenue": 84023
        },
        "2020-07": {
            "month": "2020-07",
            "price": "16.28",
            "revenue": 115662
        },
        "2020-08": {
            "month": "2020-08",
            "price": "15.90",
            "revenue": 113749
        },
        "2020-09": {
            "month": "2020-09",
            "price": "16.15",
            "revenue": 111140
        },
        "2020-10": {
            "month": "2020-10",
            "price": "16.03",
            "revenue": 118326
        },
        "2020-11": {
            "month": "2020-11",
            "price": "16.43",
            "revenue": 104520
        },
        "2020-12": {
            "month": "2020-12",
            "price": "16.96",
            "revenue": 133709
        },
        "2021-01": {
            "month": "2021-01",
            "price": "16.94",
            "revenue": 144793
        },
        "2021-02": {
            "month": "2021-02",
            "price": "17.09",
            "revenue": 81270
        },
        "2021-03": {
            "month": "2021-03",
            "price": "17.45",
            "revenue": 162756
        },
        "2021-04": {
            "month": "2021-04",
            "price": "19.11",
            "revenue": 123618
        },
        "2021-05": {
            "month": "2021-05",
            "price": "18.55",
            "revenue": 129002
        },
        "2021-06": {
            "month": "2021-06",
            "price": "18.80",
            "revenue": 109420
        },
        "2021-07": {
            "month": "2021-07",
            "price": "19.17",
            "revenue": 118048
        },
        "2021-08": {
            "month": "2021-08",
            "price": "18.91",
            "revenue": 102557
        },
        "2021-09": {
            "month": "2021-09",
            "price": "18.76",
            "revenue": 123378
        },
        "2021-10": {
            "month": "2021-10",
            "price": "18.92",
            "revenue": 100566
        },
        "2021-11": {
            "month": "2021-11",
            "price": "18.93",
            "revenue": 123310
        },
        "2021-12": {
            "month": "2021-12",
            "price": "19.34",
            "revenue": 127486
        },
        "2022-01": {
            "month": "2022-01",
            "price": "19.44",
            "revenue": 119420
        },
        "2022-02": {
            "month": "2022-02",
            "price": "19.26",
            "revenue": 87120
        },
        "2022-03": {
            "month": "2022-03",
            "price": "18.95",
            "revenue": 139836
        },
        "2022-04": {
            "month": "2022-04",
            "price": "18.37",
            "revenue": 75357
        },
        "2022-05": {
            "month": "2022-05",
            "price": "17.89",
            "revenue": 144960
        },
        "2022-06": {
            "month": "2022-06",
            "price": "17.92",
            "revenue": 106678
        },
        "2022-07": {
            "month": "2022-07",
            "price": "17.52",
            "revenue": 108576
        },
        "2022-08": {
            "month": "2022-08",
            "price": "17.63",
            "revenue": 109103
        },
        "2022-09": {
            "month": "2022-09",
            "price": "17.52",
            "revenue": 91020
        },
        "2022-10": {
            "month": "2022-10",
            "price": "16.93",
            "revenue": 62974
        },
        "2022-11": {
            "month": "2022-11",
            "price": "16.84",
            "revenue": 92784
        },
        "2022-12": {
            "month": "2022-12",
            "price": "16.98",
            "revenue": 82022
        },
        "2023-01": {
            "month": "2023-01",
            "price": "17.08",
            "revenue": 59916
        },
        "2023-02": {
            "month": "2023-02",
            "price": "17.18",
            "revenue": 81873
        },
        "2023-03": {
            "month": "2023-03",
            "price": "17.30",
            "revenue": 100128
        },
        "2023-04": {
            "month": "2023-04",
            "price": "17.26",
            "revenue": 86888
        },
        "2023-05": {
            "month": "2023-05",
            "price": "17.80",
            "revenue": 89005
        }
    }
}
