{
    "summary": {
        "stock_name": "磐亞",
        "stock_id": "4707",
        "category": "化工",
        "main_business": "非離子界面活性劑",
        "website_url": "http://www.pacc.com.tw",
        "ceo": "王皆誼",
        "pe_ratio": 15,
        "report_year_from": 2001,
        "report_year_to": 2023,
        "age": 23,
        "eps_negative_percentage": 4,
        "eps_growth_avg": {
            "last_all": 1.24,
            "last_2y": 0.7,
            "last_4y": -2.06,
            "last_8y": 12.5,
            "last_12y": 8.47,
            "last_16y": 2.16,
            "last_20y": -3.7,
            "at_2006_last_3y": -27.12,
            "at_2007_last_3y": -69.49,
            "at_2008_last_3y": -55.8,
            "at_2009_last_3y": -52.06,
            "at_2010_last_3y": -25.17,
            "at_2011_last_3y": -4.88,
            "at_2012_last_3y": -14.32,
            "at_2013_last_3y": 5.17,
            "at_2014_last_3y": -0.6,
            "at_2015_last_3y": 10.4,
            "at_2016_last_3y": 16.69,
            "at_2017_last_3y": 8.16,
            "at_2018_last_3y": 30.69,
            "at_2019_last_3y": 7.26,
            "at_2020_last_3y": -1.12,
            "at_2021_last_3y": 16.36,
            "at_2022_last_3y": 6.75,
            "at_2023_last_3y": -4.13,
            "at_2024_last_3y": -4.13,
            "at_2006_last_all": -1.69,
            "at_2007_last_all": -1.69,
            "at_2008_last_all": 3.17,
            "at_2009_last_all": -9.23,
            "at_2010_last_all": -10.5,
            "at_2011_last_all": -3.11,
            "at_2012_last_all": -3.83,
            "at_2013_last_all": -4,
            "at_2014_last_all": -7.2,
            "at_2015_last_all": 1.05,
            "at_2016_last_all": 2.04,
            "at_2017_last_all": -0.75,
            "at_2018_last_all": 2.27,
            "at_2019_last_all": 2.51,
            "at_2020_last_all": 1.33,
            "at_2021_last_all": 2.85,
            "at_2022_last_all": 3.17,
            "at_2023_last_all": 1.24,
            "at_2024_last_all": 1.24
        },
        "latest_eps": 0.95,
        "latest_price": 14.1,
        "latest_roe": 6.4,
        "latest_gross_margin": 11.93,
        "latest_equity": 5763414,
        "latest_revenue": 372522,
        "latest_gross_profit": 44426,
        "latest_net_income": 115701,
        "latest_debt_ratio": 28.79,
        "latest_current_ratio": 39.1,
        "latest_account_receivable_turnover_ratio": 3.39,
        "latest_inventory_turnover_ratio": 2.7,
        "latest_reinvestment_rate": 67.34,
        "latest_research_to_sale_ratio": null
    },
    "eps_dividends": {
        "1997": {
            "cash": 1,
            "stock": 0,
            "eps": 0
        },
        "2000": {
            "cash": 1,
            "stock": 1,
            "eps": 0
        },
        "2001": {
            "cash": 0,
            "stock": 0,
            "eps": 0.59
        },
        "2002": {
            "cash": 0,
            "stock": 0,
            "eps": 1.55
        },
        "2003": {
            "cash": 0,
            "stock": 0,
            "eps": 7.75
        },
        "2004": {
            "cash": 2,
            "stock": 4,
            "eps": 6.7
        },
        "2005": {
            "cash": 1,
            "stock": 4,
            "eps": 0.34
        },
        "2006": {
            "cash": 0.2,
            "stock": 0.81,
            "eps": -1.9
        },
        "2007": {
            "cash": 0,
            "stock": 0,
            "eps": 1.49
        },
        "2008": {
            "cash": 1.01,
            "stock": 1.01,
            "eps": 1.9
        },
        "2009": {
            "cash": 0.5,
            "stock": 1,
            "eps": 0.31
        },
        "2010": {
            "cash": 0.2,
            "stock": 0,
            "eps": 0.25
        },
        "2011": {
            "cash": 0,
            "stock": 0,
            "eps": 0.39
        },
        "2012": {
            "cash": 0,
            "stock": 0,
            "eps": 0.35
        },
        "2013": {
            "cash": 0,
            "stock": 0,
            "eps": 0.33
        },
        "2014": {
            "cash": 0,
            "stock": 0,
            "eps": 0.19
        },
        "2015": {
            "cash": 0,
            "stock": 0,
            "eps": 0.94
        },
        "2016": {
            "cash": 0.1,
            "stock": 0.5,
            "eps": 1.08
        },
        "2017": {
            "cash": 0.1,
            "stock": 0.9,
            "eps": 0.65
        },
        "2018": {
            "cash": 0.1,
            "stock": 0.9,
            "eps": 0.96
        },
        "2019": {
            "cash": 0.1,
            "stock": 0.7,
            "eps": 1.02
        },
        "2020": {
            "cash": 0.15,
            "stock": 0.55,
            "eps": 0.83
        },
        "2021": {
            "cash": 0.15,
            "stock": 0.85,
            "eps": 1.08
        },
        "2022": {
            "cash": 0.15,
            "stock": 0.75,
            "eps": 1.18
        },
        "2023": {
            "cash": 0.15,
            "stock": 0.75,
            "eps": 0.74
        },
        "2024": {
            "cash": 0.25,
            "stock": 0.65,
            "eps": 0
        }
    },
    "dividends": {
        "1997-12-08": {
            "cash": 1,
            "stock": 0
        },
        "2000-06-23": {
            "cash": 1,
            "stock": 1
        },
        "2004-04-06": {
            "cash": 2,
            "stock": 4
        },
        "2005-04-12": {
            "cash": 1,
            "stock": 4
        },
        "2006-04-04": {
            "cash": 0.2,
            "stock": 0.81
        },
        "2008-03-31": {
            "cash": 1.01,
            "stock": 1.01
        },
        "2009-04-27": {
            "cash": 0.5,
            "stock": 1
        },
        "2010-03-29": {
            "cash": 0.2,
            "stock": 0
        },
        "2016-10-07": {
            "cash": 0.1,
            "stock": 0.5
        },
        "2017-10-03": {
            "cash": 0.1,
            "stock": 0.9
        },
        "2018-10-02": {
            "cash": 0.1,
            "stock": 0.9
        },
        "2019-09-10": {
            "cash": 0.1,
            "stock": 0.7
        },
        "2020-09-30": {
            "cash": 0.15,
            "stock": 0.55
        },
        "2021-11-30": {
            "cash": 0.15,
            "stock": 0.85
        },
        "2022-09-28": {
            "cash": 0.15,
            "stock": 0.75
        },
        "2023-09-27": {
            "cash": 0.15,
            "stock": 0.75
        },
        "2024-03-04": {
            "cash": 0.25,
            "stock": 0.65
        }
    },
    "prices": {
        "200101": "6.05",
        "200102": "6.98",
        "200103": "6.46",
        "200104": "6.42",
        "200105": "7.61",
        "200106": "7.04",
        "200107": "7.06",
        "200108": "6.67",
        "200109": "6.22",
        "200110": "5.97",
        "200111": "6.31",
        "200112": "8.50",
        "200201": "10.88",
        "200202": "11.03",
        "200203": "14.92",
        "200204": "18.73",
        "200205": "22.39",
        "200206": "22.87",
        "200207": "24.40",
        "200208": "23.32",
        "200209": "20.00",
        "200210": "18.63",
        "200211": "16.65",
        "200212": "17.67",
        "200301": "28.97",
        "200302": "30.92",
        "200303": "26.60",
        "200304": "23.98",
        "200305": "21.70",
        "200306": "25.50",
        "200307": "30.36",
        "200308": "35.64",
        "200309": "39.69",
        "200310": "40.68",
        "200311": "47.68",
        "200312": "52.03",
        "200401": "51.97",
        "200402": "48.70",
        "200403": "50.22",
        "200404": "61.98",
        "200405": "54.05",
        "200406": "50.31",
        "200407": "49.64",
        "200408": "50.64",
        "200409": "50.42",
        "200410": "46.94",
        "200411": "45.46",
        "200412": "42.06",
        "200501": "39.39",
        "200502": "39.22",
        "200503": "39.32",
        "200504": "40.50",
        "200505": "38.98",
        "200506": "38.95",
        "200507": "39.27",
        "200508": "37.79",
        "200509": "30.22",
        "200510": "29.59",
        "200511": "28.45",
        "200512": "28.20",
        "200601": "27.81",
        "200602": "28.52",
        "200603": "28.07",
        "200604": "30.48",
        "200605": "37.26",
        "200606": "26.75",
        "200607": "14.46",
        "200608": "12.67",
        "200609": "12.72",
        "200610": "13.02",
        "200611": "13.09",
        "200612": "14.23",
        "200701": "13.75",
        "200702": "13.35",
        "200703": "13.11",
        "200704": "15.75",
        "200705": "14.10",
        "200706": "14.68",
        "200707": "19.60",
        "200708": "16.58",
        "200709": "18.53",
        "200710": "19.18",
        "200711": "16.60",
        "200712": "14.06",
        "200801": "12.31",
        "200802": "14.38",
        "200803": "16.25",
        "200804": "18.40",
        "200805": "18.48",
        "200806": "17.23",
        "200807": "15.32",
        "200808": "14.12",
        "200809": "12.31",
        "200810": "10.64",
        "200811": "7.96",
        "200812": "7.84",
        "200901": "8.65",
        "200902": "7.78",
        "200903": "8.78",
        "200904": "11.33",
        "200905": "11.89",
        "200906": "11.67",
        "200907": "11.83",
        "200908": "12.34",
        "200909": "12.58",
        "200910": "13.27",
        "200911": "11.92",
        "200912": "12.16",
        "201001": "14.34",
        "201002": "12.03",
        "201003": "14.70",
        "201004": "14.69",
        "201005": "13.23",
        "201006": "12.16",
        "201007": "13.09",
        "201008": "14.00",
        "201009": "17.21",
        "201010": "18.23",
        "201011": "16.04",
        "201012": "17.49",
        "201101": "22.89",
        "201102": "21.00",
        "201103": "20.38",
        "201104": "21.17",
        "201105": "18.13",
        "201106": "16.26",
        "201107": "16.12",
        "201108": "15.02",
        "201109": "12.55",
        "201110": "10.96",
        "201111": "10.21",
        "201112": "9.11",
        "201201": "8.89",
        "201202": "11.38",
        "201203": "10.90",
        "201204": "9.08",
        "201205": "8.45",
        "201206": "7.60",
        "201207": "7.75",
        "201208": "8.09",
        "201209": "8.87",
        "201210": "8.47",
        "201211": "7.76",
        "201212": "8.49",
        "201301": "8.97",
        "201302": "8.80",
        "201303": "9.13",
        "201304": "9.19",
        "201305": "9.93",
        "201306": "9.79",
        "201307": "10.19",
        "201308": "10.31",
        "201309": "10.36",
        "201310": "10.86",
        "201311": "10.84",
        "201312": "10.80",
        "201401": "11.09",
        "201402": "12.41",
        "201403": "13.67",
        "201404": "12.03",
        "201405": "11.20",
        "201406": "11.90",
        "201407": "11.58",
        "201408": "10.17",
        "201409": "10.03",
        "201410": "9.16",
        "201411": "9.14",
        "201412": "9.61",
        "201501": "10.26",
        "201502": "10.06",
        "201503": "10.00",
        "201504": "9.37",
        "201505": "9.49",
        "201506": "9.29",
        "201507": "8.62",
        "201508": "7.70",
        "201509": "7.99",
        "201510": "8.49",
        "201511": "8.71",
        "201512": "8.64",
        "201601": "8.01",
        "201602": "8.13",
        "201603": "8.45",
        "201604": "8.61",
        "201605": "8.30",
        "201606": "8.31",
        "201607": "8.46",
        "201608": "8.67",
        "201609": "8.46",
        "201610": "8.58",
        "201611": "8.75",
        "201612": "9.54",
        "201701": "9.60",
        "201702": "10.16",
        "201703": "10.09",
        "201704": "10.21",
        "201705": "9.71",
        "201706": "9.59",
        "201707": "9.86",
        "201708": "9.84",
        "201709": "9.29",
        "201710": "9.21",
        "201711": "9.55",
        "201712": "9.65",
        "201801": "9.97",
        "201802": "9.89",
        "201803": "9.92",
        "201804": "11.74",
        "201805": "11.70",
        "201806": "11.54",
        "201807": "11.21",
        "201808": "11.65",
        "201809": "10.27",
        "201810": "9.64",
        "201811": "9.67",
        "201812": "10.10",
        "201901": "10.01",
        "201902": "10.27",
        "201903": "10.53",
        "201904": "10.39",
        "201905": "10.16",
        "201906": "10.19",
        "201907": "10.34",
        "201908": "9.61",
        "201909": "9.40",
        "201910": "9.35",
        "201911": "9.53",
        "201912": "9.64",
        "202001": "9.92",
        "202002": "12.58",
        "202003": "13.09",
        "202004": "12.14",
        "202005": "11.94",
        "202006": "11.36",
        "202007": "11.10",
        "202008": "11.03",
        "202009": "11.22",
        "202010": "10.83",
        "202011": "10.84",
        "202012": "11.41",
        "202101": "11.18",
        "202102": "10.95",
        "202103": "11.72",
        "202104": "13.76",
        "202105": "13.28",
        "202106": "13.32",
        "202107": "13.45",
        "202108": "13.16",
        "202109": "13.34",
        "202110": "13.38",
        "202111": "12.65",
        "202112": "12.49",
        "202201": "12.62",
        "202202": "12.71",
        "202203": "12.82",
        "202204": "13.13",
        "202205": "12.71",
        "202206": "12.91",
        "202207": "12.81",
        "202208": "13.09",
        "202209": "12.42",
        "202210": "11.40",
        "202211": "11.50",
        "202212": "11.87",
        "202301": "11.97",
        "202302": "12.21",
        "202303": "12.66",
        "202304": "12.88",
        "202305": "12.81",
        "202306": "13.01",
        "202307": "13.05",
        "202308": "13.16",
        "202309": "12.34",
        "202310": "12.27",
        "202311": "12.44",
        "202312": "12.73"
    },
    "quarters": {
        "20011": {
            "year_quarter": 20011,
            "year": 2001,
            "quarter": 1,
            "eps": 0.86,
            "eps_growth_year": null,
            "eps_4q": -1.65,
            "eps_4q_growth_year": -156.32,
            "roe": 4.64,
            "roe_4q": 4.64,
            "gross_profit": 30412,
            "gross_margin": 13.11,
            "gross_margin_4q_avg": 13.11,
            "net_income": 54349,
            "net_income_4q": null,
            "revenue": 231966,
            "revenue_4q": null,
            "common_shares": 630000,
            "book_valuer_per_share": 19.02,
            "book_valuer_per_share_4q_avg": 19.02,
            "equity": 1198176,
            "current_ratio": 53.12,
            "debt_ratio": 48.58,
            "inventory_turnover_ratio": 1.9,
            "account_receivable_turnover_ratio": null,
            "reinvestment_rate": null,
            "research_to_sale_ratio": null,
            "price_fair": 0,
            "eps_avg_yearly": 0,
            "eps_latest_yearly": 0,
            "eps_growth_yearly": 0
        },
        "20012": {
            "year_quarter": 20012,
            "year": 2001,
            "quarter": 2,
            "eps": -0.54,
            "eps_growth_year": null,
            "eps_4q": -1.35,
            "eps_4q_growth_year": null,
            "roe": -2.82,
            "roe_4q": 1.8199999999999998,
            "gross_profit": 34851,
            "gross_margin": 11.83,
            "gross_margin_4q_avg": 12.47,
            "net_income": -33790,
            "net_income_4q": null,
            "revenue": 294479,
            "revenue_4q": null,
            "common_shares": 630000,
            "book_valuer_per_share": 19.06,
            "book_valuer_per_share_4q_avg": 19.04,
            "equity": 1200565,
            "current_ratio": 44.6,
            "debt_ratio": 47.23,
            "inventory_turnover_ratio": 1.87,
            "account_receivable_turnover_ratio": null,
            "reinvestment_rate": null,
            "research_to_sale_ratio": null,
            "price_fair": 0,
            "eps_avg_yearly": 0,
            "eps_latest_yearly": 0,
            "eps_growth_yearly": 0
        },
        "20013": {
            "year_quarter": 20013,
            "year": 2001,
            "quarter": 3,
            "eps": 0.32,
            "eps_growth_year": null,
            "eps_4q": 0.11,
            "eps_4q_growth_year": null,
            "roe": 1.68,
            "roe_4q": 3.5,
            "gross_profit": 48887,
            "gross_margin": 17.4,
            "gross_margin_4q_avg": 14.11,
            "net_income": 20448,
            "net_income_4q": null,
            "revenue": 280892,
            "revenue_4q": null,
            "common_shares": 630000,
            "book_valuer_per_share": 19.63,
            "book_valuer_per_share_4q_avg": 19.24,
            "equity": 1236712,
            "current_ratio": 42.28,
            "debt_ratio": 46.03,
            "inventory_turnover_ratio": 1.84,
            "account_receivable_turnover_ratio": null,
            "reinvestment_rate": null,
            "research_to_sale_ratio": null,
            "price_fair": 0,
            "eps_avg_yearly": 0,
            "eps_latest_yearly": 0,
            "eps_growth_yearly": 0
        },
        "20014": {
            "year_quarter": 20014,
            "year": 2001,
            "quarter": 4,
            "eps": -0.05,
            "eps_growth_year": null,
            "eps_4q": 0.6,
            "eps_4q_growth_year": null,
            "roe": -0.27,
            "roe_4q": 3.2299999999999995,
            "gross_profit": 43555,
            "gross_margin": 15.85,
            "gross_margin_4q_avg": 14.55,
            "net_income": -3316,
            "net_income_4q": null,
            "revenue": 274799,
            "revenue_4q": null,
            "common_shares": 630000,
            "book_valuer_per_share": 19.45,
            "book_valuer_per_share_4q_avg": 19.29,
            "equity": 1225532,
            "current_ratio": 35.61,
            "debt_ratio": 45.71,
            "inventory_turnover_ratio": 2.7,
            "account_receivable_turnover_ratio": null,
            "reinvestment_rate": null,
            "research_to_sale_ratio": null,
            "price_fair": 0,
            "eps_avg_yearly": 0,
            "eps_latest_yearly": 0,
            "eps_growth_yearly": 0
        },
        "20021": {
            "year_quarter": 20021,
            "year": 2002,
            "quarter": 1,
            "eps": 0.5,
            "eps_growth_year": -41.86,
            "eps_4q": 0.23,
            "eps_4q_growth_year": null,
            "roe": 2.44,
            "roe_4q": 1.0299999999999998,
            "gross_profit": 79589,
            "gross_margin": 23.38,
            "gross_margin_4q_avg": 17.12,
            "net_income": 31269,
            "net_income_4q": null,
            "revenue": 340426,
            "revenue_4q": null,
            "common_shares": 630000,
            "book_valuer_per_share": 21.15,
            "book_valuer_per_share_4q_avg": 19.82,
            "equity": 1332653,
            "current_ratio": 42.57,
            "debt_ratio": 44.8,
            "inventory_turnover_ratio": 5.11,
            "account_receivable_turnover_ratio": null,
            "reinvestment_rate": null,
            "research_to_sale_ratio": null,
            "price_fair": 0,
            "eps_avg_yearly": 0,
            "eps_latest_yearly": 0,
            "eps_growth_yearly": 0
        },
        "20022": {
            "year_quarter": 20022,
            "year": 2002,
            "quarter": 2,
            "eps": 0.32,
            "eps_growth_year": null,
            "eps_4q": 1.09,
            "eps_4q_growth_year": null,
            "roe": 1.5,
            "roe_4q": 5.35,
            "gross_profit": 56653,
            "gross_margin": 18.4,
            "gross_margin_4q_avg": 18.76,
            "net_income": 20132,
            "net_income_4q": null,
            "revenue": 307962,
            "revenue_4q": null,
            "common_shares": 626130,
            "book_valuer_per_share": 21.58,
            "book_valuer_per_share_4q_avg": 20.45,
            "equity": 1351457,
            "current_ratio": 35.49,
            "debt_ratio": 43.59,
            "inventory_turnover_ratio": 4.45,
            "account_receivable_turnover_ratio": null,
            "reinvestment_rate": null,
            "research_to_sale_ratio": null,
            "price_fair": 3.84,
            "eps_avg_yearly": 1.28,
            "eps_latest_yearly": 1.28,
            "eps_growth_yearly": -144
        },
        "20023": {
            "year_quarter": 20023,
            "year": 2002,
            "quarter": 3,
            "eps": 0.32,
            "eps_growth_year": 0,
            "eps_4q": 1.09,
            "eps_4q_growth_year": 859.61,
            "roe": 1.48,
            "roe_4q": 5.15,
            "gross_profit": 46318,
            "gross_margin": 16.41,
            "gross_margin_4q_avg": 18.51,
            "net_income": 20094,
            "net_income_4q": null,
            "revenue": 282334,
            "revenue_4q": null,
            "common_shares": 626130,
            "book_valuer_per_share": 21.91,
            "book_valuer_per_share_4q_avg": 21.02,
            "equity": 1371551,
            "current_ratio": 35.35,
            "debt_ratio": 46.46,
            "inventory_turnover_ratio": 3.14,
            "account_receivable_turnover_ratio": null,
            "reinvestment_rate": null,
            "research_to_sale_ratio": null,
            "price_fair": 3.84,
            "eps_avg_yearly": 1.28,
            "eps_latest_yearly": 1.28,
            "eps_growth_yearly": -72
        },
        "20024": {
            "year_quarter": 20024,
            "year": 2002,
            "quarter": 4,
            "eps": 0.41,
            "eps_growth_year": null,
            "eps_4q": 1.55,
            "eps_4q_growth_year": 158.42,
            "roe": 1.86,
            "roe_4q": 7.279999999999999,
            "gross_profit": 34610,
            "gross_margin": 13.97,
            "gross_margin_4q_avg": 18.04,
            "net_income": 25702,
            "net_income_4q": null,
            "revenue": 247743,
            "revenue_4q": null,
            "common_shares": 626130,
            "book_valuer_per_share": 22.32,
            "book_valuer_per_share_4q_avg": 21.74,
            "equity": 1397253,
            "current_ratio": 47.58,
            "debt_ratio": 44.62,
            "inventory_turnover_ratio": 2.8,
            "account_receivable_turnover_ratio": null,
            "reinvestment_rate": -149.69,
            "research_to_sale_ratio": null,
            "price_fair": 4.2,
            "eps_avg_yearly": 1.4,
            "eps_latest_yearly": 1.64,
            "eps_growth_yearly": -10.5
        },
        "20031": {
            "year_quarter": 20031,
            "year": 2003,
            "quarter": 1,
            "eps": 0.36,
            "eps_growth_year": -28,
            "eps_4q": 1.41,
            "eps_4q_growth_year": 501.53,
            "roe": 1.61,
            "roe_4q": 6.45,
            "gross_profit": 53676,
            "gross_margin": 18.21,
            "gross_margin_4q_avg": 16.75,
            "net_income": 22704,
            "net_income_4q": null,
            "revenue": 294804,
            "revenue_4q": null,
            "common_shares": 626130,
            "book_valuer_per_share": 22.68,
            "book_valuer_per_share_4q_avg": 22.12,
            "equity": 1419957,
            "current_ratio": 50.97,
            "debt_ratio": 46.25,
            "inventory_turnover_ratio": 3.26,
            "account_receivable_turnover_ratio": null,
            "reinvestment_rate": -148.24,
            "research_to_sale_ratio": null,
            "price_fair": 4.23,
            "eps_avg_yearly": 1.41,
            "eps_latest_yearly": 1.44,
            "eps_growth_yearly": -20.07
        },
        "20032": {
            "year_quarter": 20032,
            "year": 2003,
            "quarter": 2,
            "eps": 4.41,
            "eps_growth_year": 1278.12,
            "eps_4q": 5.5,
            "eps_4q_growth_year": 405.33,
            "roe": 17.71,
            "roe_4q": 22.66,
            "gross_profit": 41431,
            "gross_margin": 11.79,
            "gross_margin_4q_avg": 15.1,
            "net_income": 275940,
            "net_income_4q": null,
            "revenue": 351410,
            "revenue_4q": null,
            "common_shares": 626130,
            "book_valuer_per_share": 27.09,
            "book_valuer_per_share_4q_avg": 23.5,
            "equity": 1695897,
            "current_ratio": 85.39,
            "debt_ratio": 36.28,
            "inventory_turnover_ratio": 4.29,
            "account_receivable_turnover_ratio": null,
            "reinvestment_rate": -85.42,
            "research_to_sale_ratio": null,
            "price_fair": 162.96,
            "eps_avg_yearly": 4.66,
            "eps_latest_yearly": 17.64,
            "eps_growth_yearly": 883.94
        },
        "20033": {
            "year_quarter": 20033,
            "year": 2003,
            "quarter": 3,
            "eps": 2.62,
            "eps_growth_year": 718.75,
            "eps_4q": 7.82,
            "eps_4q_growth_year": 619.79,
            "roe": 9.31,
            "roe_4q": 30.490000000000002,
            "gross_profit": 24437,
            "gross_margin": 6.63,
            "gross_margin_4q_avg": 12.65,
            "net_income": 163570,
            "net_income_4q": null,
            "revenue": 368468,
            "revenue_4q": null,
            "common_shares": 626130,
            "book_valuer_per_share": 29.02,
            "book_valuer_per_share_4q_avg": 25.28,
            "equity": 1817036,
            "current_ratio": 108.26,
            "debt_ratio": 35.6,
            "inventory_turnover_ratio": 5.39,
            "account_receivable_turnover_ratio": null,
            "reinvestment_rate": -58.28,
            "research_to_sale_ratio": null,
            "price_fair": 196.93,
            "eps_avg_yearly": 5.63,
            "eps_latest_yearly": 10.48,
            "eps_growth_yearly": 709.56
        },
        "20034": {
            "year_quarter": 20034,
            "year": 2003,
            "quarter": 4,
            "eps": 0.36,
            "eps_growth_year": -12.2,
            "eps_4q": 7.73,
            "eps_4q_growth_year": 398.82,
            "roe": 1.23,
            "roe_4q": 29.86,
            "gross_profit": 30465,
            "gross_margin": 9.94,
            "gross_margin_4q_avg": 11.64,
            "net_income": 22565,
            "net_income_4q": null,
            "revenue": 306405,
            "revenue_4q": null,
            "common_shares": 626130,
            "book_valuer_per_share": 29.38,
            "book_valuer_per_share_4q_avg": 27.04,
            "equity": 1839601,
            "current_ratio": 118.62,
            "debt_ratio": 28.21,
            "inventory_turnover_ratio": 4.98,
            "account_receivable_turnover_ratio": null,
            "reinvestment_rate": -19.49,
            "research_to_sale_ratio": null,
            "price_fair": 176,
            "eps_avg_yearly": 5.03,
            "eps_latest_yearly": 1.44,
            "eps_growth_yearly": 558.9
        },
        "20041": {
            "year_quarter": 20041,
            "year": 2004,
            "quarter": 1,
            "eps": 1.13,
            "eps_growth_year": 213.89,
            "eps_4q": 8.71,
            "eps_4q_growth_year": 519.75,
            "roe": 3.68,
            "roe_4q": 31.93,
            "gross_profit": 30408,
            "gross_margin": 9.65,
            "gross_margin_4q_avg": 9.5,
            "net_income": 68887,
            "net_income_4q": null,
            "revenue": 315179,
            "revenue_4q": null,
            "common_shares": 626130,
            "book_valuer_per_share": 30.48,
            "book_valuer_per_share_4q_avg": 28.99,
            "equity": 1908487,
            "current_ratio": 103.23,
            "debt_ratio": 34.19,
            "inventory_turnover_ratio": 4.65,
            "account_receivable_turnover_ratio": null,
            "reinvestment_rate": -15.62,
            "research_to_sale_ratio": null,
            "price_fair": 173.78,
            "eps_avg_yearly": 4.97,
            "eps_latest_yearly": 4.52,
            "eps_growth_yearly": 595.98
        },
        "20042": {
            "year_quarter": 20042,
            "year": 2004,
            "quarter": 2,
            "eps": 4.72,
            "eps_growth_year": 7.03,
            "eps_4q": 8.96,
            "eps_4q_growth_year": 62.76,
            "roe": 14.78,
            "roe_4q": 29,
            "gross_profit": 50180,
            "gross_margin": 19.16,
            "gross_margin_4q_avg": 11.35,
            "net_income": 283931,
            "net_income_4q": null,
            "revenue": 261943,
            "revenue_4q": null,
            "common_shares": 626130,
            "book_valuer_per_share": 30.88,
            "book_valuer_per_share_4q_avg": 29.94,
            "equity": 1933513,
            "current_ratio": 100.95,
            "debt_ratio": 49.77,
            "inventory_turnover_ratio": 2.95,
            "account_receivable_turnover_ratio": null,
            "reinvestment_rate": -8.48,
            "research_to_sale_ratio": null,
            "price_fair": 227.89,
            "eps_avg_yearly": 6.51,
            "eps_latest_yearly": 18.88,
            "eps_growth_yearly": 670.96
        },
        "20043": {
            "year_quarter": 20043,
            "year": 2004,
            "quarter": 3,
            "eps": 0.54,
            "eps_growth_year": -79.39,
            "eps_4q": 5.07,
            "eps_4q_growth_year": -35.17,
            "roe": 2.29,
            "roe_4q": 21.98,
            "gross_profit": 75616,
            "gross_margin": 18,
            "gross_margin_4q_avg": 14.19,
            "net_income": 44781,
            "net_income_4q": null,
            "revenue": 420084,
            "revenue_4q": null,
            "common_shares": 862130,
            "book_valuer_per_share": 22.95,
            "book_valuer_per_share_4q_avg": 28.42,
            "equity": 1978294,
            "current_ratio": 105.42,
            "debt_ratio": 51.37,
            "inventory_turnover_ratio": 3.46,
            "account_receivable_turnover_ratio": null,
            "reinvestment_rate": -6.88,
            "research_to_sale_ratio": null,
            "price_fair": 212.66,
            "eps_avg_yearly": 6.08,
            "eps_latest_yearly": 2.16,
            "eps_growth_yearly": 568.44
        },
        "20044": {
            "year_quarter": 20044,
            "year": 2004,
            "quarter": 4,
            "eps": 0.31,
            "eps_growth_year": -13.89,
            "eps_4q": 5.02,
            "eps_4q_growth_year": -35.1,
            "roe": 1.3,
            "roe_4q": 22.049999999999997,
            "gross_profit": 36800,
            "gross_margin": 10.51,
            "gross_margin_4q_avg": 14.33,
            "net_income": 26174,
            "net_income_4q": null,
            "revenue": 350091,
            "revenue_4q": null,
            "common_shares": 862130,
            "book_valuer_per_share": 23.7,
            "book_valuer_per_share_4q_avg": 27,
            "equity": 2042978,
            "current_ratio": 77.69,
            "debt_ratio": 49.61,
            "inventory_turnover_ratio": 1.56,
            "account_receivable_turnover_ratio": null,
            "reinvestment_rate": -6.32,
            "research_to_sale_ratio": null,
            "price_fair": 197.27,
            "eps_avg_yearly": 5.64,
            "eps_latest_yearly": 1.24,
            "eps_growth_yearly": 501.28
        },
        "20051": {
            "year_quarter": 20051,
            "year": 2005,
            "quarter": 1,
            "eps": 0.26,
            "eps_growth_year": -76.99,
            "eps_4q": 4.37,
            "eps_4q_growth_year": -49.87,
            "roe": 1.09,
            "roe_4q": 19.46,
            "gross_profit": 12517,
            "gross_margin": 3.47,
            "gross_margin_4q_avg": 12.79,
            "net_income": 22472,
            "net_income_4q": null,
            "revenue": 361159,
            "revenue_4q": null,
            "common_shares": 859110,
            "book_valuer_per_share": 24.04,
            "book_valuer_per_share_4q_avg": 25.39,
            "equity": 2064904,
            "current_ratio": 70.25,
            "debt_ratio": 47.12,
            "inventory_turnover_ratio": 1.65,
            "account_receivable_turnover_ratio": null,
            "reinvestment_rate": -9.48,
            "research_to_sale_ratio": null,
            "price_fair": 183.87,
            "eps_avg_yearly": 5.25,
            "eps_latest_yearly": 1.04,
            "eps_growth_yearly": 454.13
        },
        "20052": {
            "year_quarter": 20052,
            "year": 2005,
            "quarter": 2,
            "eps": -1.23,
            "eps_growth_year": -126.06,
            "eps_4q": -0.14,
            "eps_4q_growth_year": -101.58,
            "roe": -5.39,
            "roe_4q": -0.71,
            "gross_profit": 63299,
            "gross_margin": 14.3,
            "gross_margin_4q_avg": 11.57,
            "net_income": -105588,
            "net_income_4q": null,
            "revenue": 442705,
            "revenue_4q": null,
            "common_shares": 859110,
            "book_valuer_per_share": 21.6,
            "book_valuer_per_share_4q_avg": 23.07,
            "equity": 1856089,
            "current_ratio": 57.91,
            "debt_ratio": 53.78,
            "inventory_turnover_ratio": 2.6,
            "account_receivable_turnover_ratio": null,
            "reinvestment_rate": -9.79,
            "research_to_sale_ratio": null,
            "price_fair": 183.87,
            "eps_avg_yearly": 5.25,
            "eps_latest_yearly": 1.04,
            "eps_growth_yearly": 454.13
        },
        "20053": {
            "year_quarter": 20053,
            "year": 2005,
            "quarter": 3,
            "eps": 0.81,
            "eps_growth_year": 50,
            "eps_4q": 0.32,
            "eps_4q_growth_year": -93.69,
            "roe": 5.47,
            "roe_4q": 2.47,
            "gross_profit": 36939,
            "gross_margin": 8.39,
            "gross_margin_4q_avg": 9.17,
            "net_income": 94080,
            "net_income_4q": null,
            "revenue": 440133,
            "revenue_4q": null,
            "common_shares": 1189510,
            "book_valuer_per_share": 13.31,
            "book_valuer_per_share_4q_avg": 20.66,
            "equity": 1583374,
            "current_ratio": 48.59,
            "debt_ratio": 49.51,
            "inventory_turnover_ratio": 3.04,
            "account_receivable_turnover_ratio": null,
            "reinvestment_rate": -6.9,
            "research_to_sale_ratio": null,
            "price_fair": 183.87,
            "eps_avg_yearly": 5.25,
            "eps_latest_yearly": 1.04,
            "eps_growth_yearly": 454.13
        },
        "20054": {
            "year_quarter": 20054,
            "year": 2005,
            "quarter": 4,
            "eps": 0.5,
            "eps_growth_year": 61.29,
            "eps_4q": 0.6,
            "eps_4q_growth_year": -88.13,
            "roe": 0.73,
            "roe_4q": 1.8999999999999997,
            "gross_profit": 51519,
            "gross_margin": 11.03,
            "gross_margin_4q_avg": 9.3,
            "net_income": 57276,
            "net_income_4q": null,
            "revenue": 466975,
            "revenue_4q": null,
            "common_shares": 1189510,
            "book_valuer_per_share": 13.21,
            "book_valuer_per_share_4q_avg": 18.04,
            "equity": 14060983,
            "current_ratio": 99.66,
            "debt_ratio": 94.68,
            "inventory_turnover_ratio": 4.42,
            "account_receivable_turnover_ratio": null,
            "reinvestment_rate": 369.46,
            "research_to_sale_ratio": null,
            "price_fair": 175.11,
            "eps_avg_yearly": 5,
            "eps_latest_yearly": 2,
            "eps_growth_yearly": 407.42
        },
        "20061": {
            "year_quarter": 20061,
            "year": 2006,
            "quarter": 1,
            "eps": -0.16,
            "eps_growth_year": -161.54,
            "eps_4q": 0.25,
            "eps_4q_growth_year": -94.35,
            "roe": -0.23,
            "roe_4q": 0.5800000000000001,
            "gross_profit": 51686,
            "gross_margin": 12.55,
            "gross_margin_4q_avg": 11.57,
            "net_income": -18014,
            "net_income_4q": null,
            "revenue": 411888,
            "revenue_4q": null,
            "common_shares": 1189510,
            "book_valuer_per_share": 13.09,
            "book_valuer_per_share_4q_avg": 15.3,
            "equity": 1556685,
            "current_ratio": 56.92,
            "debt_ratio": 51.36,
            "inventory_turnover_ratio": 5.06,
            "account_receivable_turnover_ratio": null,
            "reinvestment_rate": -3.35,
            "research_to_sale_ratio": null,
            "price_fair": 175.11,
            "eps_avg_yearly": 5,
            "eps_latest_yearly": 2,
            "eps_growth_yearly": 407.42
        },
        "20062": {
            "year_quarter": 20062,
            "year": 2006,
            "quarter": 2,
            "eps": 0.32,
            "eps_growth_year": null,
            "eps_4q": 1.4,
            "eps_4q_growth_year": null,
            "roe": 1.8,
            "roe_4q": 7.77,
            "gross_profit": 65955,
            "gross_margin": 15.47,
            "gross_margin_4q_avg": 11.86,
            "net_income": 39478,
            "net_income_4q": null,
            "revenue": 426275,
            "revenue_4q": null,
            "common_shares": 1776400,
            "book_valuer_per_share": 15.91,
            "book_valuer_per_share_4q_avg": 13.88,
            "equity": 2825591,
            "current_ratio": 92.18,
            "debt_ratio": 35.6,
            "inventory_turnover_ratio": 4.6,
            "account_receivable_turnover_ratio": null,
            "reinvestment_rate": -2.2,
            "research_to_sale_ratio": null,
            "price_fair": 185.97,
            "eps_avg_yearly": 5.31,
            "eps_latest_yearly": 2,
            "eps_growth_yearly": 453.37
        },
        "20063": {
            "year_quarter": 20063,
            "year": 2006,
            "quarter": 3,
            "eps": -2.08,
            "eps_growth_year": -356.79,
            "eps_4q": -1.22,
            "eps_4q_growth_year": -482.59,
            "roe": -11.68,
            "roe_4q": -9.379999999999999,
            "gross_profit": 42940,
            "gross_margin": 14.98,
            "gross_margin_4q_avg": 13.51,
            "net_income": -296050,
            "net_income_4q": null,
            "revenue": 286729,
            "revenue_4q": null,
            "common_shares": 1776400,
            "book_valuer_per_share": 12.63,
            "book_valuer_per_share_4q_avg": 13.71,
            "equity": 2244468,
            "current_ratio": 78.18,
            "debt_ratio": 42.24,
            "inventory_turnover_ratio": 2.44,
            "account_receivable_turnover_ratio": null,
            "reinvestment_rate": -2.08,
            "research_to_sale_ratio": null,
            "price_fair": 198.8,
            "eps_avg_yearly": 5.68,
            "eps_latest_yearly": 2,
            "eps_growth_yearly": 494.59
        },
        "20064": {
            "year_quarter": 20064,
            "year": 2006,
            "quarter": 4,
            "eps": 0.02,
            "eps_growth_year": -96,
            "eps_4q": -1.32,
            "eps_4q_growth_year": -321.44,
            "roe": 0.07,
            "roe_4q": -10.04,
            "gross_profit": 60778,
            "gross_margin": 12.13,
            "gross_margin_4q_avg": 13.78,
            "net_income": 4101,
            "net_income_4q": null,
            "revenue": 500895,
            "revenue_4q": null,
            "common_shares": 1916912,
            "book_valuer_per_share": 13.84,
            "book_valuer_per_share_4q_avg": 13.87,
            "equity": 10333010,
            "current_ratio": 475.87,
            "debt_ratio": 96.08,
            "inventory_turnover_ratio": 4.03,
            "account_receivable_turnover_ratio": null,
            "reinvestment_rate": 558.29,
            "research_to_sale_ratio": null,
            "price_fair": 212.94,
            "eps_avg_yearly": 6.08,
            "eps_latest_yearly": 2,
            "eps_growth_yearly": 532.8
        },
        "20071": {
            "year_quarter": 20071,
            "year": 2007,
            "quarter": 1,
            "eps": 0.27,
            "eps_growth_year": null,
            "eps_4q": -1.09,
            "eps_4q_growth_year": -540.34,
            "roe": 0.78,
            "roe_4q": -9.03,
            "gross_profit": 52288,
            "gross_margin": 10.5,
            "gross_margin_4q_avg": 13.27,
            "net_income": 50290,
            "net_income_4q": null,
            "revenue": 497745,
            "revenue_4q": null,
            "common_shares": 1896912,
            "book_valuer_per_share": 13.46,
            "book_valuer_per_share_4q_avg": 13.96,
            "equity": 2553566,
            "current_ratio": 48.43,
            "debt_ratio": 47.37,
            "inventory_turnover_ratio": 5.03,
            "account_receivable_turnover_ratio": null,
            "reinvestment_rate": 23.23,
            "research_to_sale_ratio": null,
            "price_fair": 211.68,
            "eps_avg_yearly": 6.05,
            "eps_latest_yearly": 1.08,
            "eps_growth_yearly": 1037.67
        },
        "20072": {
            "year_quarter": 20072,
            "year": 2007,
            "quarter": 2,
            "eps": 0.32,
            "eps_growth_year": 0,
            "eps_4q": -0.96,
            "eps_4q_growth_year": -168.31,
            "roe": 2.17,
            "roe_4q": -8.66,
            "gross_profit": 45422,
            "gross_margin": 9.1,
            "gross_margin_4q_avg": 11.68,
            "net_income": 60561,
            "net_income_4q": null,
            "revenue": 499151,
            "revenue_4q": null,
            "common_shares": 1896912,
            "book_valuer_per_share": 15.96,
            "book_valuer_per_share_4q_avg": 13.97,
            "equity": 3027395,
            "current_ratio": 42.2,
            "debt_ratio": 43.65,
            "inventory_turnover_ratio": 4.42,
            "account_receivable_turnover_ratio": null,
            "reinvestment_rate": 44.43,
            "research_to_sale_ratio": null,
            "price_fair": 154.42,
            "eps_avg_yearly": 4.41,
            "eps_latest_yearly": 1.28,
            "eps_growth_yearly": 595.08
        },
        "20073": {
            "year_quarter": 20073,
            "year": 2007,
            "quarter": 3,
            "eps": 0.36,
            "eps_growth_year": null,
            "eps_4q": 0.97,
            "eps_4q_growth_year": null,
            "roe": 1.91,
            "roe_4q": 4.930000000000001,
            "gross_profit": 48418,
            "gross_margin": 11.02,
            "gross_margin_4q_avg": 10.69,
            "net_income": 68292,
            "net_income_4q": null,
            "revenue": 439521,
            "revenue_4q": null,
            "common_shares": 1896912,
            "book_valuer_per_share": 21.7,
            "book_valuer_per_share_4q_avg": 16.24,
            "equity": 4115777,
            "current_ratio": 38.16,
            "debt_ratio": 35.29,
            "inventory_turnover_ratio": 3.35,
            "account_receivable_turnover_ratio": null,
            "reinvestment_rate": 75.4,
            "research_to_sale_ratio": null,
            "price_fair": 122.78,
            "eps_avg_yearly": 3.51,
            "eps_latest_yearly": 1.44,
            "eps_growth_yearly": 616.32
        },
        "20074": {
            "year_quarter": 20074,
            "year": 2007,
            "quarter": 4,
            "eps": 0.54,
            "eps_growth_year": 2600,
            "eps_4q": 1.49,
            "eps_4q_growth_year": null,
            "roe": 0.91,
            "roe_4q": 5.7700000000000005,
            "gross_profit": 38006,
            "gross_margin": 6.57,
            "gross_margin_4q_avg": 9.3,
            "net_income": 102235,
            "net_income_4q": null,
            "revenue": 578221,
            "revenue_4q": null,
            "common_shares": 1896912,
            "book_valuer_per_share": 19,
            "book_valuer_per_share_4q_avg": 17.53,
            "equity": 18345329,
            "current_ratio": 678.49,
            "debt_ratio": 93.14,
            "inventory_turnover_ratio": 3.65,
            "account_receivable_turnover_ratio": null,
            "reinvestment_rate": 855.6,
            "research_to_sale_ratio": null,
            "price_fair": 125.3,
            "eps_avg_yearly": 3.58,
            "eps_latest_yearly": 2.16,
            "eps_growth_yearly": 670.82
        },
        "20081": {
            "year_quarter": 20081,
            "year": 2008,
            "quarter": 1,
            "eps": 0.34,
            "eps_growth_year": 25.93,
            "eps_4q": 0.23,
            "eps_4q_growth_year": null,
            "roe": 2.4,
            "roe_4q": 7.39,
            "gross_profit": 1293977,
            "gross_margin": 39.98,
            "gross_margin_4q_avg": 16.67,
            "net_income": 444342,
            "net_income_4q": null,
            "revenue": 3236310,
            "revenue_4q": null,
            "common_shares": 1896912,
            "book_valuer_per_share": 18.97,
            "book_valuer_per_share_4q_avg": 18.91,
            "equity": 18713067,
            "current_ratio": 573.66,
            "debt_ratio": 93.06,
            "inventory_turnover_ratio": 10.9,
            "account_receivable_turnover_ratio": null,
            "reinvestment_rate": 494.09,
            "research_to_sale_ratio": null,
            "price_fair": 114.24,
            "eps_avg_yearly": 3.26,
            "eps_latest_yearly": 1.36,
            "eps_growth_yearly": 570.45
        },
        "20082": {
            "year_quarter": 20082,
            "year": 2008,
            "quarter": 2,
            "eps": 0.5,
            "eps_growth_year": 56.25,
            "eps_4q": 0.57,
            "eps_4q_growth_year": null,
            "roe": 1.6,
            "roe_4q": 6.82,
            "gross_profit": 1368057,
            "gross_margin": 41.03,
            "gross_margin_4q_avg": 24.65,
            "net_income": 295252,
            "net_income_4q": null,
            "revenue": 3334573,
            "revenue_4q": null,
            "common_shares": 1896912,
            "book_valuer_per_share": 18.01,
            "book_valuer_per_share_4q_avg": 19.42,
            "equity": 18212555,
            "current_ratio": 499,
            "debt_ratio": 93.21,
            "inventory_turnover_ratio": 12.97,
            "account_receivable_turnover_ratio": null,
            "reinvestment_rate": 494.73,
            "research_to_sale_ratio": null,
            "price_fair": 55.16,
            "eps_avg_yearly": 1.58,
            "eps_latest_yearly": 2,
            "eps_growth_yearly": 462.2
        },
        "20083": {
            "year_quarter": 20083,
            "year": 2008,
            "quarter": 3,
            "eps": 0.28,
            "eps_growth_year": -22.22,
            "eps_4q": 1.44,
            "eps_4q_growth_year": 48.8,
            "roe": 0.35,
            "roe_4q": 5.26,
            "gross_profit": 1755880,
            "gross_margin": 52.04,
            "gross_margin_4q_avg": 34.91,
            "net_income": 63111,
            "net_income_4q": null,
            "revenue": 3374286,
            "revenue_4q": null,
            "common_shares": 1896912,
            "book_valuer_per_share": 17.32,
            "book_valuer_per_share_4q_avg": 18.33,
            "equity": 18115159,
            "current_ratio": 426.85,
            "debt_ratio": 93.52,
            "inventory_turnover_ratio": 11.64,
            "account_receivable_turnover_ratio": null,
            "reinvestment_rate": 492.28,
            "research_to_sale_ratio": null,
            "price_fair": 51.52,
            "eps_avg_yearly": 1.47,
            "eps_latest_yearly": 1.12,
            "eps_growth_yearly": 480.02
        },
        "20084": {
            "year_quarter": 20084,
            "year": 2008,
            "quarter": 4,
            "eps": 0.78,
            "eps_growth_year": 44.44,
            "eps_4q": 1.13,
            "eps_4q_growth_year": -24.19,
            "roe": -1.46,
            "roe_4q": 2.89,
            "gross_profit": 1064235,
            "gross_margin": 34.47,
            "gross_margin_4q_avg": 41.88,
            "net_income": -261972,
            "net_income_4q": null,
            "revenue": 3087517,
            "revenue_4q": null,
            "common_shares": 2078537,
            "book_valuer_per_share": 16.41,
            "book_valuer_per_share_4q_avg": 17.68,
            "equity": 17823563,
            "current_ratio": 611.61,
            "debt_ratio": 93.86,
            "inventory_turnover_ratio": 13.22,
            "account_receivable_turnover_ratio": 5.02,
            "reinvestment_rate": 751.71,
            "research_to_sale_ratio": null,
            "price_fair": 58.1,
            "eps_avg_yearly": 1.66,
            "eps_latest_yearly": 3.12,
            "eps_growth_yearly": 568.48
        },
        "20091": {
            "year_quarter": 20091,
            "year": 2009,
            "quarter": 1,
            "eps": 0.03,
            "eps_growth_year": -91.18,
            "eps_4q": 0.17,
            "eps_4q_growth_year": -25.41,
            "roe": -0.32,
            "roe_4q": 0.16999999999999993,
            "gross_profit": 783814,
            "gross_margin": 32.68,
            "gross_margin_4q_avg": 40.06,
            "net_income": -57009,
            "net_income_4q": null,
            "revenue": 2398779,
            "revenue_4q": null,
            "common_shares": 2078537,
            "book_valuer_per_share": 16.52,
            "book_valuer_per_share_4q_avg": 17.07,
            "equity": 17769141,
            "current_ratio": 731.13,
            "debt_ratio": 93.95,
            "inventory_turnover_ratio": 13.24,
            "account_receivable_turnover_ratio": 1.87,
            "reinvestment_rate": 899.38,
            "research_to_sale_ratio": null,
            "price_fair": 54.88,
            "eps_avg_yearly": 1.57,
            "eps_latest_yearly": 0.12,
            "eps_growth_yearly": 536.47
        },
        "20092": {
            "year_quarter": 20092,
            "year": 2009,
            "quarter": 2,
            "eps": -0.15,
            "eps_growth_year": -130,
            "eps_4q": 0.9,
            "eps_4q_growth_year": 58.27,
            "roe": -5.3,
            "roe_4q": -6.73,
            "gross_profit": 827820,
            "gross_margin": 40.89,
            "gross_margin_4q_avg": 40.02,
            "net_income": -911130,
            "net_income_4q": null,
            "revenue": 2024434,
            "revenue_4q": null,
            "common_shares": 2078537,
            "book_valuer_per_share": 16.03,
            "book_valuer_per_share_4q_avg": 16.57,
            "equity": 16638146,
            "current_ratio": 626.99,
            "debt_ratio": 94.34,
            "inventory_turnover_ratio": 16.62,
            "account_receivable_turnover_ratio": 1.61,
            "reinvestment_rate": null,
            "research_to_sale_ratio": null,
            "price_fair": 54.88,
            "eps_avg_yearly": 1.57,
            "eps_latest_yearly": 0.12,
            "eps_growth_yearly": 536.47
        },
        "20093": {
            "year_quarter": 20093,
            "year": 2009,
            "quarter": 3,
            "eps": 0.1,
            "eps_growth_year": -64.29,
            "eps_4q": 0.08,
            "eps_4q_growth_year": -94.69,
            "roe": 1.19,
            "roe_4q": -5.89,
            "gross_profit": 780242,
            "gross_margin": 39.4,
            "gross_margin_4q_avg": 36.86,
            "net_income": 199833,
            "net_income_4q": null,
            "revenue": 1980522,
            "revenue_4q": null,
            "common_shares": 2078537,
            "book_valuer_per_share": 16.2,
            "book_valuer_per_share_4q_avg": 16.29,
            "equity": 16872047,
            "current_ratio": 603.75,
            "debt_ratio": 94.37,
            "inventory_turnover_ratio": 21.11,
            "account_receivable_turnover_ratio": 1.8,
            "reinvestment_rate": 636.69,
            "research_to_sale_ratio": null,
            "price_fair": 54.88,
            "eps_avg_yearly": 1.57,
            "eps_latest_yearly": 0.12,
            "eps_growth_yearly": 536.47
        },
        "20094": {
            "year_quarter": 20094,
            "year": 2009,
            "quarter": 4,
            "eps": 0.33,
            "eps_growth_year": -57.69,
            "eps_4q": 0.31,
            "eps_4q_growth_year": -72.63,
            "roe": 4.93,
            "roe_4q": 0.4999999999999994,
            "gross_profit": 1558676,
            "gross_margin": 68.92,
            "gross_margin_4q_avg": 45.47,
            "net_income": 853335,
            "net_income_4q": null,
            "revenue": 2261580,
            "revenue_4q": null,
            "common_shares": 2275125,
            "book_valuer_per_share": 15.26,
            "book_valuer_per_share_4q_avg": 16,
            "equity": 17749550,
            "current_ratio": 598.63,
            "debt_ratio": 94.35,
            "inventory_turnover_ratio": 7.46,
            "account_receivable_turnover_ratio": 3.79,
            "reinvestment_rate": 306.24,
            "research_to_sale_ratio": null,
            "price_fair": 52.5,
            "eps_avg_yearly": 1.5,
            "eps_latest_yearly": 1.32,
            "eps_growth_yearly": 643.78
        },
        "20101": {
            "year_quarter": 20101,
            "year": 2010,
            "quarter": 1,
            "eps": 0.16,
            "eps_growth_year": 433.33,
            "eps_4q": 0.45,
            "eps_4q_growth_year": 164.39,
            "roe": 1.59,
            "roe_4q": 2.4099999999999993,
            "gross_profit": 50037,
            "gross_margin": 1.9,
            "gross_margin_4q_avg": 37.78,
            "net_income": 284489,
            "net_income_4q": null,
            "revenue": 2627116,
            "revenue_4q": null,
            "common_shares": 2254465,
            "book_valuer_per_share": 16.41,
            "book_valuer_per_share_4q_avg": 15.98,
            "equity": 18080670,
            "current_ratio": 740.31,
            "debt_ratio": 94.32,
            "inventory_turnover_ratio": 13.47,
            "account_receivable_turnover_ratio": 2.21,
            "reinvestment_rate": 1246.24,
            "research_to_sale_ratio": null,
            "price_fair": 49.76,
            "eps_avg_yearly": 1.42,
            "eps_latest_yearly": 0.64,
            "eps_growth_yearly": 566.52
        },
        "20102": {
            "year_quarter": 20102,
            "year": 2010,
            "quarter": 2,
            "eps": 0.06,
            "eps_growth_year": null,
            "eps_4q": 0.66,
            "eps_4q_growth_year": -26.84,
            "roe": -0.26,
            "roe_4q": 7.449999999999999,
            "gross_profit": 30245,
            "gross_margin": 1.19,
            "gross_margin_4q_avg": 27.85,
            "net_income": -46930,
            "net_income_4q": null,
            "revenue": 2531824,
            "revenue_4q": null,
            "common_shares": 2254465,
            "book_valuer_per_share": 16.47,
            "book_valuer_per_share_4q_avg": 16.09,
            "equity": 18047628,
            "current_ratio": 757.7,
            "debt_ratio": 94.45,
            "inventory_turnover_ratio": 11.64,
            "account_receivable_turnover_ratio": 2.2,
            "reinvestment_rate": 1301.19,
            "research_to_sale_ratio": null,
            "price_fair": 46.32,
            "eps_avg_yearly": 1.32,
            "eps_latest_yearly": 0.24,
            "eps_growth_yearly": 498.48
        },
        "20103": {
            "year_quarter": 20103,
            "year": 2010,
            "quarter": 3,
            "eps": 0,
            "eps_growth_year": -96.3,
            "eps_4q": 0.56,
            "eps_4q_growth_year": 633.38,
            "roe": 1.1,
            "roe_4q": 7.359999999999999,
            "gross_profit": 16158,
            "gross_margin": 0.61,
            "gross_margin_4q_avg": 18.16,
            "net_income": 199533,
            "net_income_4q": null,
            "revenue": 2670413,
            "revenue_4q": null,
            "common_shares": 2254465,
            "book_valuer_per_share": 16.86,
            "book_valuer_per_share_4q_avg": 16.25,
            "equity": 18337732,
            "current_ratio": 720.09,
            "debt_ratio": 94.53,
            "inventory_turnover_ratio": 14.7,
            "account_receivable_turnover_ratio": 2.33,
            "reinvestment_rate": 880.5,
            "research_to_sale_ratio": null,
            "price_fair": 46.32,
            "eps_avg_yearly": 1.32,
            "eps_latest_yearly": 0.24,
            "eps_growth_yearly": 498.48
        },
        "20104": {
            "year_quarter": 20104,
            "year": 2010,
            "quarter": 4,
            "eps": 0.03,
            "eps_growth_year": -91.1,
            "eps_4q": 0.26,
            "eps_4q_growth_year": -17.21,
            "roe": 0.01,
            "roe_4q": 2.4400000000000004,
            "gross_profit": 3975114,
            "gross_margin": 116.38,
            "gross_margin_4q_avg": 30.02,
            "net_income": 2434,
            "net_income_4q": null,
            "revenue": 3415490,
            "revenue_4q": null,
            "common_shares": 2254465,
            "book_valuer_per_share": 17.45,
            "book_valuer_per_share_4q_avg": 16.8,
            "equity": 21979016,
            "current_ratio": 758.51,
            "debt_ratio": 93.64,
            "inventory_turnover_ratio": -3.53,
            "account_receivable_turnover_ratio": 2.72,
            "reinvestment_rate": 494.86,
            "research_to_sale_ratio": null,
            "price_fair": 46.32,
            "eps_avg_yearly": 1.32,
            "eps_latest_yearly": 0.24,
            "eps_growth_yearly": 498.48
        },
        "20111": {
            "year_quarter": 20111,
            "year": 2011,
            "quarter": 1,
            "eps": 0.2,
            "eps_growth_year": 25,
            "eps_4q": 0.29,
            "eps_4q_growth_year": -35.17,
            "roe": 1.78,
            "roe_4q": 2.63,
            "gross_profit": 44598,
            "gross_margin": 1.47,
            "gross_margin_4q_avg": 29.91,
            "net_income": 394519,
            "net_income_4q": null,
            "revenue": 3039171,
            "revenue_4q": null,
            "common_shares": 2254465,
            "book_valuer_per_share": 17.69,
            "book_valuer_per_share_4q_avg": 17.12,
            "equity": 22425266,
            "current_ratio": 777.3,
            "debt_ratio": 93.71,
            "inventory_turnover_ratio": 13.42,
            "account_receivable_turnover_ratio": 2.38,
            "reinvestment_rate": 899.05,
            "research_to_sale_ratio": null,
            "price_fair": 45.5,
            "eps_avg_yearly": 1.3,
            "eps_latest_yearly": 0.8,
            "eps_growth_yearly": 270.7
        },
        "20112": {
            "year_quarter": 20112,
            "year": 2011,
            "quarter": 2,
            "eps": 0.28,
            "eps_growth_year": 343.53,
            "eps_4q": 0.51,
            "eps_4q_growth_year": -22.96,
            "roe": 1.63,
            "roe_4q": 4.52,
            "gross_profit": 81650,
            "gross_margin": 2.81,
            "gross_margin_4q_avg": 30.32,
            "net_income": 368486,
            "net_income_4q": null,
            "revenue": 2906138,
            "revenue_4q": null,
            "common_shares": 2254465,
            "book_valuer_per_share": 17.49,
            "book_valuer_per_share_4q_avg": 17.37,
            "equity": 22740265,
            "current_ratio": 722.81,
            "debt_ratio": 93.61,
            "inventory_turnover_ratio": 7.34,
            "account_receivable_turnover_ratio": 2.33,
            "reinvestment_rate": 880.87,
            "research_to_sale_ratio": null,
            "price_fair": 45.03,
            "eps_avg_yearly": 1.29,
            "eps_latest_yearly": 1.12,
            "eps_growth_yearly": 277.86
        },
        "20113": {
            "year_quarter": 20113,
            "year": 2011,
            "quarter": 3,
            "eps": 0.06,
            "eps_growth_year": 1635.5,
            "eps_4q": 0.58,
            "eps_4q_growth_year": 3.25,
            "roe": 1.08,
            "roe_4q": 4.5,
            "gross_profit": 18320,
            "gross_margin": 0.58,
            "gross_margin_4q_avg": 30.31,
            "net_income": 247614,
            "net_income_4q": null,
            "revenue": 3165447,
            "revenue_4q": null,
            "common_shares": 2254465,
            "book_valuer_per_share": 17.23,
            "book_valuer_per_share_4q_avg": 17.47,
            "equity": 22920363,
            "current_ratio": 691.39,
            "debt_ratio": 93.68,
            "inventory_turnover_ratio": 7.73,
            "account_receivable_turnover_ratio": 2.53,
            "reinvestment_rate": 928.3,
            "research_to_sale_ratio": null,
            "price_fair": 41.53,
            "eps_avg_yearly": 1.19,
            "eps_latest_yearly": 0.24,
            "eps_growth_yearly": 247.51
        },
        "20114": {
            "year_quarter": 20114,
            "year": 2011,
            "quarter": 4,
            "eps": -0.15,
            "eps_growth_year": -595.1,
            "eps_4q": 0.41,
            "eps_4q_growth_year": 60.09,
            "roe": 1.73,
            "roe_4q": 6.22,
            "gross_profit": 5599883,
            "gross_margin": 218.37,
            "gross_margin_4q_avg": 55.81,
            "net_income": 435362,
            "net_income_4q": null,
            "revenue": 2564411,
            "revenue_4q": null,
            "common_shares": 2238215,
            "book_valuer_per_share": 16.93,
            "book_valuer_per_share_4q_avg": 17.34,
            "equity": 27485392,
            "current_ratio": 670.09,
            "debt_ratio": 92.94,
            "inventory_turnover_ratio": -9.94,
            "account_receivable_turnover_ratio": 2.15,
            "reinvestment_rate": 593.93,
            "research_to_sale_ratio": null,
            "price_fair": 38.44,
            "eps_avg_yearly": 1.1,
            "eps_latest_yearly": 0.24,
            "eps_growth_yearly": 251.83
        },
        "20121": {
            "year_quarter": 20121,
            "year": 2012,
            "quarter": 1,
            "eps": 0.1,
            "eps_growth_year": -50,
            "eps_4q": 0.3,
            "eps_4q_growth_year": 5.01,
            "roe": 2.28,
            "roe_4q": 6.72,
            "gross_profit": 10660,
            "gross_margin": 0.33,
            "gross_margin_4q_avg": 55.52,
            "net_income": 635933,
            "net_income_4q": null,
            "revenue": 3242255,
            "revenue_4q": null,
            "common_shares": 2222465,
            "book_valuer_per_share": 17.37,
            "book_valuer_per_share_4q_avg": 17.26,
            "equity": 28217371,
            "current_ratio": 575.1,
            "debt_ratio": 92.94,
            "inventory_turnover_ratio": 10.01,
            "account_receivable_turnover_ratio": 2.66,
            "reinvestment_rate": 1404.21,
            "research_to_sale_ratio": null,
            "price_fair": 37.52,
            "eps_avg_yearly": 1.07,
            "eps_latest_yearly": 0.24,
            "eps_growth_yearly": 291.82
        },
        "20122": {
            "year_quarter": 20122,
            "year": 2012,
            "quarter": 2,
            "eps": 0.18,
            "eps_growth_year": -35.05,
            "eps_4q": 0.2,
            "eps_4q_growth_year": -61.24,
            "roe": 2.15,
            "roe_4q": 7.24,
            "gross_profit": 24819,
            "gross_margin": 0.79,
            "gross_margin_4q_avg": 55.02,
            "net_income": 611681,
            "net_income_4q": null,
            "revenue": 3124438,
            "revenue_4q": null,
            "common_shares": 2222465,
            "book_valuer_per_share": 17.23,
            "book_valuer_per_share_4q_avg": 17.19,
            "equity": 28653351,
            "current_ratio": 452.88,
            "debt_ratio": 93.16,
            "inventory_turnover_ratio": 9.03,
            "account_receivable_turnover_ratio": 2.31,
            "reinvestment_rate": 6290.6,
            "research_to_sale_ratio": null,
            "price_fair": 33.04,
            "eps_avg_yearly": 0.94,
            "eps_latest_yearly": 0.72,
            "eps_growth_yearly": 305
        },
        "20123": {
            "year_quarter": 20123,
            "year": 2012,
            "quarter": 3,
            "eps": 0.06,
            "eps_growth_year": -4.46,
            "eps_4q": 0.19,
            "eps_4q_growth_year": -66.61,
            "roe": 2.61,
            "roe_4q": 8.77,
            "gross_profit": -949,
            "gross_margin": -0.03,
            "gross_margin_4q_avg": 54.87,
            "net_income": 758120,
            "net_income_4q": null,
            "revenue": 3236361,
            "revenue_4q": null,
            "common_shares": 2222465,
            "book_valuer_per_share": 17.8,
            "book_valuer_per_share_4q_avg": 17.33,
            "equity": 29543249,
            "current_ratio": 451.93,
            "debt_ratio": 93.2,
            "inventory_turnover_ratio": 11.76,
            "account_receivable_turnover_ratio": 2.11,
            "reinvestment_rate": 21007.9,
            "research_to_sale_ratio": null,
            "price_fair": 29.96,
            "eps_avg_yearly": 0.86,
            "eps_latest_yearly": 0.24,
            "eps_growth_yearly": 295.93
        },
        "20124": {
            "year_quarter": 20124,
            "year": 2012,
            "quarter": 4,
            "eps": 0.01,
            "eps_growth_year": null,
            "eps_4q": 0.34,
            "eps_4q_growth_year": -15.95,
            "roe": 2.25,
            "roe_4q": 9.29,
            "gross_profit": 6480200,
            "gross_margin": 203.2,
            "gross_margin_4q_avg": 51.07,
            "net_income": 669677,
            "net_income_4q": null,
            "revenue": 3189121,
            "revenue_4q": null,
            "common_shares": 2222465,
            "book_valuer_per_share": 17.6,
            "book_valuer_per_share_4q_avg": 17.5,
            "equity": 30081753,
            "current_ratio": 405.95,
            "debt_ratio": 93.31,
            "inventory_turnover_ratio": -12.56,
            "account_receivable_turnover_ratio": 1.67,
            "reinvestment_rate": 1491.14,
            "research_to_sale_ratio": null,
            "price_fair": 19.18,
            "eps_avg_yearly": 0.55,
            "eps_latest_yearly": 0.04,
            "eps_growth_yearly": 191.17
        },
        "20131": {
            "year_quarter": 20131,
            "year": 2013,
            "quarter": 1,
            "eps": 0.12,
            "eps_growth_year": 20,
            "eps_4q": 0.37,
            "eps_4q_growth_year": 22.06,
            "roe": 2.53,
            "roe_4q": 9.54,
            "gross_profit": 1667031,
            "gross_margin": null,
            "gross_margin_4q_avg": 50.99,
            "net_income": 769852,
            "net_income_4q": null,
            "revenue": 3712964,
            "revenue_4q": null,
            "common_shares": 2222465,
            "book_valuer_per_share": 17.75,
            "book_valuer_per_share_4q_avg": 17.6,
            "equity": 30691108,
            "current_ratio": 100.83,
            "debt_ratio": 93.36,
            "inventory_turnover_ratio": null,
            "account_receivable_turnover_ratio": 1.45,
            "reinvestment_rate": 32.56,
            "research_to_sale_ratio": null,
            "price_fair": 20.44,
            "eps_avg_yearly": 0.58,
            "eps_latest_yearly": 0.48,
            "eps_growth_yearly": 669.63
        },
        "20132": {
            "year_quarter": 20132,
            "year": 2013,
            "quarter": 2,
            "eps": 0.18,
            "eps_growth_year": -0.67,
            "eps_4q": 0.37,
            "eps_4q_growth_year": 90.33,
            "roe": 2.9,
            "roe_4q": 10.29,
            "gross_profit": 1618444,
            "gross_margin": null,
            "gross_margin_4q_avg": 50.79,
            "net_income": 898377,
            "net_income_4q": null,
            "revenue": 4176573,
            "revenue_4q": null,
            "common_shares": 2222465,
            "book_valuer_per_share": 17.76,
            "book_valuer_per_share_4q_avg": 17.73,
            "equity": 31354845,
            "current_ratio": 102.5,
            "debt_ratio": 93.46,
            "inventory_turnover_ratio": null,
            "account_receivable_turnover_ratio": 1.21,
            "reinvestment_rate": -5.81,
            "research_to_sale_ratio": null,
            "price_fair": 20.87,
            "eps_avg_yearly": 0.6,
            "eps_latest_yearly": 0.72,
            "eps_growth_yearly": 626.94
        },
        "20133": {
            "year_quarter": 20133,
            "year": 2013,
            "quarter": 3,
            "eps": 0.14,
            "eps_growth_year": 128.26,
            "eps_4q": 0.45,
            "eps_4q_growth_year": 134.55,
            "roe": 2.41,
            "roe_4q": 10.09,
            "gross_profit": 1869193,
            "gross_margin": null,
            "gross_margin_4q_avg": 50.8,
            "net_income": 767097,
            "net_income_4q": null,
            "revenue": 3779473,
            "revenue_4q": null,
            "common_shares": 2222465,
            "book_valuer_per_share": 19.34,
            "book_valuer_per_share_4q_avg": 18.11,
            "equity": 32293501,
            "current_ratio": 102.72,
            "debt_ratio": 93.37,
            "inventory_turnover_ratio": null,
            "account_receivable_turnover_ratio": 0.94,
            "reinvestment_rate": -29.6,
            "research_to_sale_ratio": null,
            "price_fair": 20.77,
            "eps_avg_yearly": 0.59,
            "eps_latest_yearly": 0.56,
            "eps_growth_yearly": 567.29
        },
        "20134": {
            "year_quarter": 20134,
            "year": 2013,
            "quarter": 4,
            "eps": -0.11,
            "eps_growth_year": -2194.57,
            "eps_4q": 0.34,
            "eps_4q_growth_year": -2.27,
            "roe": 1.54,
            "roe_4q": 9.379999999999999,
            "gross_profit": 1398356,
            "gross_margin": null,
            "gross_margin_4q_avg": 0,
            "net_income": 502797,
            "net_income_4q": null,
            "revenue": 3911079,
            "revenue_4q": null,
            "common_shares": 2222465,
            "book_valuer_per_share": 19.09,
            "book_valuer_per_share_4q_avg": 18.49,
            "equity": 33208178,
            "current_ratio": 103.54,
            "debt_ratio": 93.37,
            "inventory_turnover_ratio": null,
            "account_receivable_turnover_ratio": 0.88,
            "reinvestment_rate": -1195.16,
            "research_to_sale_ratio": null,
            "price_fair": 18.45,
            "eps_avg_yearly": 0.53,
            "eps_latest_yearly": 0.56,
            "eps_growth_yearly": 535.22
        },
        "20141": {
            "year_quarter": 20141,
            "year": 2014,
            "quarter": 1,
            "eps": 0.27,
            "eps_growth_year": 125,
            "eps_4q": 0.49,
            "eps_4q_growth_year": 31.16,
            "roe": 3.03,
            "roe_4q": 9.88,
            "gross_profit": 1708053,
            "gross_margin": null,
            "gross_margin_4q_avg": 0,
            "net_income": 1031041,
            "net_income_4q": null,
            "revenue": 4577325,
            "revenue_4q": null,
            "common_shares": 2222465,
            "book_valuer_per_share": 18.39,
            "book_valuer_per_share_4q_avg": 18.65,
            "equity": 34867907,
            "current_ratio": 104.34,
            "debt_ratio": 93.2,
            "inventory_turnover_ratio": null,
            "account_receivable_turnover_ratio": 0.92,
            "reinvestment_rate": -1142.3,
            "research_to_sale_ratio": null,
            "price_fair": 18.06,
            "eps_avg_yearly": 0.52,
            "eps_latest_yearly": 0.56,
            "eps_growth_yearly": 609.35
        },
        "20142": {
            "year_quarter": 20142,
            "year": 2014,
            "quarter": 2,
            "eps": 0.13,
            "eps_growth_year": -27.78,
            "eps_4q": 0.43,
            "eps_4q_growth_year": 13.98,
            "roe": 4.57,
            "roe_4q": 11.55,
            "gross_profit": 1738854,
            "gross_margin": null,
            "gross_margin_4q_avg": 0,
            "net_income": 884646,
            "net_income_4q": null,
            "revenue": 3716120,
            "revenue_4q": null,
            "common_shares": 2222465,
            "book_valuer_per_share": 18.02,
            "book_valuer_per_share_4q_avg": 18.71,
            "equity": 3873057,
            "current_ratio": 32.23,
            "debt_ratio": 43.14,
            "inventory_turnover_ratio": null,
            "account_receivable_turnover_ratio": 1.39,
            "reinvestment_rate": -1583.64,
            "research_to_sale_ratio": null,
            "price_fair": 19.04,
            "eps_avg_yearly": 0.54,
            "eps_latest_yearly": 0.52,
            "eps_growth_yearly": 613.61
        },
        "20143": {
            "year_quarter": 20143,
            "year": 2014,
            "quarter": 3,
            "eps": 0.2,
            "eps_growth_year": 42.86,
            "eps_4q": 0.48,
            "eps_4q_growth_year": 7.13,
            "roe": 1.17,
            "roe_4q": 10.309999999999999,
            "gross_profit": 19357,
            "gross_margin": null,
            "gross_margin_4q_avg": 0,
            "net_income": 42543,
            "net_income_4q": null,
            "revenue": 686460,
            "revenue_4q": null,
            "common_shares": 2222465,
            "book_valuer_per_share": 15.86,
            "book_valuer_per_share_4q_avg": 17.84,
            "equity": 3409154,
            "current_ratio": 32.94,
            "debt_ratio": 46.26,
            "inventory_turnover_ratio": null,
            "account_receivable_turnover_ratio": 2.95,
            "reinvestment_rate": -1377.58,
            "research_to_sale_ratio": null,
            "price_fair": 19.85,
            "eps_avg_yearly": 0.57,
            "eps_latest_yearly": 0.8,
            "eps_growth_yearly": 577.41
        },
        "20144": {
            "year_quarter": 20144,
            "year": 2014,
            "quarter": 4,
            "eps": -0.41,
            "eps_growth_year": null,
            "eps_4q": 0.19,
            "eps_4q_growth_year": -44.86,
            "roe": -2.48,
            "roe_4q": 6.29,
            "gross_profit": 3826,
            "gross_margin": null,
            "gross_margin_4q_avg": 0,
            "net_income": -88357,
            "net_income_4q": null,
            "revenue": 296893,
            "revenue_4q": null,
            "common_shares": 2176155,
            "book_valuer_per_share": 17.35,
            "book_valuer_per_share_4q_avg": 17.41,
            "equity": 3720474,
            "current_ratio": 23.2,
            "debt_ratio": 42.19,
            "inventory_turnover_ratio": null,
            "account_receivable_turnover_ratio": 1.48,
            "reinvestment_rate": -1994.73,
            "research_to_sale_ratio": null,
            "price_fair": 19.85,
            "eps_avg_yearly": 0.57,
            "eps_latest_yearly": 0.8,
            "eps_growth_yearly": 577.41
        },
        "20151": {
            "year_quarter": 20151,
            "year": 2015,
            "quarter": 1,
            "eps": 0.39,
            "eps_growth_year": 44.44,
            "eps_4q": 0.31,
            "eps_4q_growth_year": -37.1,
            "roe": 2.23,
            "roe_4q": 5.49,
            "gross_profit": 67116,
            "gross_margin": null,
            "gross_margin_4q_avg": 0,
            "net_income": 84266,
            "net_income_4q": null,
            "revenue": 672413,
            "revenue_4q": null,
            "common_shares": 2149755,
            "book_valuer_per_share": 17.96,
            "book_valuer_per_share_4q_avg": 17.3,
            "equity": 3851032,
            "current_ratio": 37.17,
            "debt_ratio": 43.08,
            "inventory_turnover_ratio": null,
            "account_receivable_turnover_ratio": 3.45,
            "reinvestment_rate": -1718.63,
            "research_to_sale_ratio": null,
            "price_fair": 19.04,
            "eps_avg_yearly": 0.54,
            "eps_latest_yearly": 0.8,
            "eps_growth_yearly": 408.48
        },
        "20152": {
            "year_quarter": 20152,
            "year": 2015,
            "quarter": 2,
            "eps": 0.23,
            "eps_growth_year": 76.92,
            "eps_4q": 0.41,
            "eps_4q_growth_year": -3.62,
            "roe": 1.33,
            "roe_4q": 2.25,
            "gross_profit": 21501,
            "gross_margin": null,
            "gross_margin_4q_avg": 0,
            "net_income": 49625,
            "net_income_4q": null,
            "revenue": 547796,
            "revenue_4q": null,
            "common_shares": 2149755,
            "book_valuer_per_share": 16.91,
            "book_valuer_per_share_4q_avg": 17.02,
            "equity": 3626614,
            "current_ratio": 39.18,
            "debt_ratio": 44.69,
            "inventory_turnover_ratio": null,
            "account_receivable_turnover_ratio": 2.83,
            "reinvestment_rate": -1755.74,
            "research_to_sale_ratio": null,
            "price_fair": 18.34,
            "eps_avg_yearly": 0.52,
            "eps_latest_yearly": 0.92,
            "eps_growth_yearly": 376.07
        },
        "20153": {
            "year_quarter": 20153,
            "year": 2015,
            "quarter": 3,
            "eps": 0.27,
            "eps_growth_year": 35,
            "eps_4q": 0.48,
            "eps_4q_growth_year": -0.37,
            "roe": 1.59,
            "roe_4q": 2.6700000000000004,
            "gross_profit": 30630,
            "gross_margin": null,
            "gross_margin_4q_avg": 0,
            "net_income": 57320,
            "net_income_4q": null,
            "revenue": 542519,
            "revenue_4q": null,
            "common_shares": 2149755,
            "book_valuer_per_share": 16.87,
            "book_valuer_per_share_4q_avg": 17.27,
            "equity": 3593753,
            "current_ratio": 35.05,
            "debt_ratio": 43.54,
            "inventory_turnover_ratio": null,
            "account_receivable_turnover_ratio": 2.81,
            "reinvestment_rate": -1533.19,
            "research_to_sale_ratio": null,
            "price_fair": 21.28,
            "eps_avg_yearly": 0.61,
            "eps_latest_yearly": 1.08,
            "eps_growth_yearly": 414.46
        },
        "20154": {
            "year_quarter": 20154,
            "year": 2015,
            "quarter": 4,
            "eps": 0.05,
            "eps_growth_year": null,
            "eps_4q": 0.95,
            "eps_4q_growth_year": 412.27,
            "roe": 0.31,
            "roe_4q": 5.460000000000001,
            "gross_profit": 21726,
            "gross_margin": null,
            "gross_margin_4q_avg": 0,
            "net_income": 10899,
            "net_income_4q": null,
            "revenue": 422743,
            "revenue_4q": null,
            "common_shares": 2149755,
            "book_valuer_per_share": 16.38,
            "book_valuer_per_share_4q_avg": 17.03,
            "equity": 3490474,
            "current_ratio": 32.88,
            "debt_ratio": 44.18,
            "inventory_turnover_ratio": null,
            "account_receivable_turnover_ratio": 2.14,
            "reinvestment_rate": -1414.88,
            "research_to_sale_ratio": null,
            "price_fair": 19.98,
            "eps_avg_yearly": 0.57,
            "eps_latest_yearly": 0.2,
            "eps_growth_yearly": 347.15
        },
        "20161": {
            "year_quarter": 20161,
            "year": 2016,
            "quarter": 1,
            "eps": 0.22,
            "eps_growth_year": -43.59,
            "eps_4q": 0.78,
            "eps_4q_growth_year": 154.8,
            "roe": 1.37,
            "roe_4q": 4.6000000000000005,
            "gross_profit": 36283,
            "gross_margin": 8.24,
            "gross_margin_4q_avg": 2.06,
            "net_income": 47642,
            "net_income_4q": null,
            "revenue": 440462,
            "revenue_4q": null,
            "common_shares": 2149755,
            "book_valuer_per_share": 16.2,
            "book_valuer_per_share_4q_avg": 16.59,
            "equity": 3444769,
            "current_ratio": 36.56,
            "debt_ratio": 45.41,
            "inventory_turnover_ratio": 2.17,
            "account_receivable_turnover_ratio": 2.31,
            "reinvestment_rate": -917.03,
            "research_to_sale_ratio": null,
            "price_fair": 20.88,
            "eps_avg_yearly": 0.6,
            "eps_latest_yearly": 0.88,
            "eps_growth_yearly": 431.55
        },
        "20162": {
            "year_quarter": 20162,
            "year": 2016,
            "quarter": 2,
            "eps": 0.24,
            "eps_growth_year": 4.35,
            "eps_4q": 0.76,
            "eps_4q_growth_year": 84.6,
            "roe": 1.59,
            "roe_4q": 4.86,
            "gross_profit": 36163,
            "gross_margin": 7.61,
            "gross_margin_4q_avg": 3.96,
            "net_income": 53474,
            "net_income_4q": null,
            "revenue": 475157,
            "revenue_4q": null,
            "common_shares": 2149755,
            "book_valuer_per_share": 15.41,
            "book_valuer_per_share_4q_avg": 16.22,
            "equity": 3278056,
            "current_ratio": 40.18,
            "debt_ratio": 46.14,
            "inventory_turnover_ratio": 2.75,
            "account_receivable_turnover_ratio": 2.42,
            "reinvestment_rate": -939.36,
            "research_to_sale_ratio": null,
            "price_fair": 21.58,
            "eps_avg_yearly": 0.62,
            "eps_latest_yearly": 0.96,
            "eps_growth_yearly": 407.92
        },
        "20163": {
            "year_quarter": 20163,
            "year": 2016,
            "quarter": 3,
            "eps": 0.35,
            "eps_growth_year": 29.63,
            "eps_4q": 0.85,
            "eps_4q_growth_year": 75.58,
            "roe": 2.3,
            "roe_4q": 5.569999999999999,
            "gross_profit": 33475,
            "gross_margin": 8.64,
            "gross_margin_4q_avg": 6.12,
            "net_income": 77238,
            "net_income_4q": null,
            "revenue": 387576,
            "revenue_4q": null,
            "common_shares": 2256090,
            "book_valuer_per_share": 15.43,
            "book_valuer_per_share_4q_avg": 15.86,
            "equity": 3445575,
            "current_ratio": 42.73,
            "debt_ratio": 45.56,
            "inventory_turnover_ratio": 2.31,
            "account_receivable_turnover_ratio": 2.2,
            "reinvestment_rate": -819.36,
            "research_to_sale_ratio": null,
            "price_fair": 24.97,
            "eps_avg_yearly": 0.71,
            "eps_latest_yearly": 1.4,
            "eps_growth_yearly": 445.42
        },
        "20164": {
            "year_quarter": 20164,
            "year": 2016,
            "quarter": 4,
            "eps": 0.27,
            "eps_growth_year": 424.04,
            "eps_4q": 1.07,
            "eps_4q_growth_year": 12.47,
            "roe": 1.67,
            "roe_4q": 6.93,
            "gross_profit": 27835,
            "gross_margin": 7.7,
            "gross_margin_4q_avg": 8.05,
            "net_income": 59853,
            "net_income_4q": null,
            "revenue": 361364,
            "revenue_4q": null,
            "common_shares": 2256090,
            "book_valuer_per_share": 16.7,
            "book_valuer_per_share_4q_avg": 15.94,
            "equity": 3728736,
            "current_ratio": 37.48,
            "debt_ratio": 42.65,
            "inventory_turnover_ratio": 1.82,
            "account_receivable_turnover_ratio": 2.18,
            "reinvestment_rate": -654.61,
            "research_to_sale_ratio": null,
            "price_fair": 28,
            "eps_avg_yearly": 0.8,
            "eps_latest_yearly": 1.08,
            "eps_growth_yearly": 465.57
        },
        "20171": {
            "year_quarter": 20171,
            "year": 2017,
            "quarter": 1,
            "eps": 0.12,
            "eps_growth_year": -45.45,
            "eps_4q": 0.97,
            "eps_4q_growth_year": 24.93,
            "roe": 0.71,
            "roe_4q": 6.27,
            "gross_profit": 15698,
            "gross_margin": 4.54,
            "gross_margin_4q_avg": 7.12,
            "net_income": 26521,
            "net_income_4q": null,
            "revenue": 345987,
            "revenue_4q": null,
            "common_shares": 2256090,
            "book_valuer_per_share": 16.61,
            "book_valuer_per_share_4q_avg": 16.04,
            "equity": 3708799,
            "current_ratio": 32.51,
            "debt_ratio": 41.45,
            "inventory_turnover_ratio": 1.64,
            "account_receivable_turnover_ratio": 2.41,
            "reinvestment_rate": 64.47,
            "research_to_sale_ratio": null,
            "price_fair": 28,
            "eps_avg_yearly": 0.8,
            "eps_latest_yearly": 0.48,
            "eps_growth_yearly": 80.39
        },
        "20172": {
            "year_quarter": 20172,
            "year": 2017,
            "quarter": 2,
            "eps": 0.21,
            "eps_growth_year": -12.5,
            "eps_4q": 0.87,
            "eps_4q_growth_year": 14.41,
            "roe": 1.28,
            "roe_4q": 5.96,
            "gross_profit": 23043,
            "gross_margin": 6.01,
            "gross_margin_4q_avg": 6.72,
            "net_income": 47554,
            "net_income_4q": null,
            "revenue": 383422,
            "revenue_4q": null,
            "common_shares": 2256090,
            "book_valuer_per_share": 16.59,
            "book_valuer_per_share_4q_avg": 16.33,
            "equity": 3705247,
            "current_ratio": 37.68,
            "debt_ratio": 41.66,
            "inventory_turnover_ratio": 1.82,
            "account_receivable_turnover_ratio": 2.64,
            "reinvestment_rate": 50.18,
            "research_to_sale_ratio": null,
            "price_fair": 28.35,
            "eps_avg_yearly": 0.81,
            "eps_latest_yearly": 0.84,
            "eps_growth_yearly": 88.72
        },
        "20173": {
            "year_quarter": 20173,
            "year": 2017,
            "quarter": 3,
            "eps": 0.16,
            "eps_growth_year": -54.29,
            "eps_4q": 0.71,
            "eps_4q_growth_year": -15.89,
            "roe": 1.05,
            "roe_4q": 4.71,
            "gross_profit": 11109,
            "gross_margin": 2.94,
            "gross_margin_4q_avg": 5.3,
            "net_income": 39582,
            "net_income_4q": null,
            "revenue": 378003,
            "revenue_4q": null,
            "common_shares": 2457063,
            "book_valuer_per_share": 15.78,
            "book_valuer_per_share_4q_avg": 16.42,
            "equity": 3841720,
            "current_ratio": 36.85,
            "debt_ratio": 40.49,
            "inventory_turnover_ratio": 1.91,
            "account_receivable_turnover_ratio": 2.25,
            "reinvestment_rate": 81.06,
            "research_to_sale_ratio": null,
            "price_fair": 28.58,
            "eps_avg_yearly": 0.82,
            "eps_latest_yearly": 0.64,
            "eps_growth_yearly": 88.19
        },
        "20174": {
            "year_quarter": 20174,
            "year": 2017,
            "quarter": 4,
            "eps": 0.16,
            "eps_growth_year": -41.68,
            "eps_4q": 0.62,
            "eps_4q_growth_year": -41.98,
            "roe": 0.95,
            "roe_4q": 3.99,
            "gross_profit": 16102,
            "gross_margin": 3.97,
            "gross_margin_4q_avg": 4.37,
            "net_income": 38409,
            "net_income_4q": null,
            "revenue": 405716,
            "revenue_4q": null,
            "common_shares": 2457063,
            "book_valuer_per_share": 17.27,
            "book_valuer_per_share_4q_avg": 16.56,
            "equity": 4243833,
            "current_ratio": 35.45,
            "debt_ratio": 39.76,
            "inventory_turnover_ratio": 1.97,
            "account_receivable_turnover_ratio": 2.35,
            "reinvestment_rate": 166.71,
            "research_to_sale_ratio": null,
            "price_fair": 28.11,
            "eps_avg_yearly": 0.8,
            "eps_latest_yearly": 0.64,
            "eps_growth_yearly": 81.41
        },
        "20181": {
            "year_quarter": 20181,
            "year": 2018,
            "quarter": 1,
            "eps": 0.17,
            "eps_growth_year": 41.67,
            "eps_4q": 0.68,
            "eps_4q_growth_year": -30.1,
            "roe": 0.98,
            "roe_4q": 4.26,
            "gross_profit": 18472,
            "gross_margin": 3.75,
            "gross_margin_4q_avg": 4.17,
            "net_income": 41412,
            "net_income_4q": null,
            "revenue": 492056,
            "revenue_4q": null,
            "common_shares": 2457063,
            "book_valuer_per_share": 17.14,
            "book_valuer_per_share_4q_avg": 16.7,
            "equity": 4210759,
            "current_ratio": 35.17,
            "debt_ratio": 40.2,
            "inventory_turnover_ratio": 2.58,
            "account_receivable_turnover_ratio": 2.18,
            "reinvestment_rate": -226.63,
            "research_to_sale_ratio": null,
            "price_fair": 27.8,
            "eps_avg_yearly": 0.79,
            "eps_latest_yearly": 0.68,
            "eps_growth_yearly": 77.38
        },
        "20182": {
            "year_quarter": 20182,
            "year": 2018,
            "quarter": 2,
            "eps": 0.31,
            "eps_growth_year": 47.62,
            "eps_4q": 0.73,
            "eps_4q_growth_year": -15.71,
            "roe": 1.77,
            "roe_4q": 4.75,
            "gross_profit": 29856,
            "gross_margin": 6.24,
            "gross_margin_4q_avg": 4.23,
            "net_income": 76450,
            "net_income_4q": null,
            "revenue": 478622,
            "revenue_4q": null,
            "common_shares": 2457063,
            "book_valuer_per_share": 18.09,
            "book_valuer_per_share_4q_avg": 17.07,
            "equity": 4443631,
            "current_ratio": 42.34,
            "debt_ratio": 39.78,
            "inventory_turnover_ratio": 2.6,
            "account_receivable_turnover_ratio": 1.71,
            "reinvestment_rate": 20.13,
            "research_to_sale_ratio": null,
            "price_fair": 29.6,
            "eps_avg_yearly": 0.85,
            "eps_latest_yearly": 1.24,
            "eps_growth_yearly": 115.72
        },
        "20183": {
            "year_quarter": 20183,
            "year": 2018,
            "quarter": 3,
            "eps": 0.32,
            "eps_growth_year": 100,
            "eps_4q": 0.9,
            "eps_4q_growth_year": 26.85,
            "roe": 1.84,
            "roe_4q": 5.54,
            "gross_profit": 31744,
            "gross_margin": 6.78,
            "gross_margin_4q_avg": 5.19,
            "net_income": 85904,
            "net_income_4q": null,
            "revenue": 468086,
            "revenue_4q": null,
            "common_shares": 2678198,
            "book_valuer_per_share": 18.27,
            "book_valuer_per_share_4q_avg": 17.69,
            "equity": 4892950,
            "current_ratio": 41.34,
            "debt_ratio": 36.89,
            "inventory_turnover_ratio": 2.03,
            "account_receivable_turnover_ratio": 2.04,
            "reinvestment_rate": 26.22,
            "research_to_sale_ratio": null,
            "price_fair": 30.8,
            "eps_avg_yearly": 0.88,
            "eps_latest_yearly": 1.28,
            "eps_growth_yearly": 101.26
        },
        "20184": {
            "year_quarter": 20184,
            "year": 2018,
            "quarter": 4,
            "eps": 0.16,
            "eps_growth_year": 3.56,
            "eps_4q": 0.92,
            "eps_4q_growth_year": 49.09,
            "roe": 0.91,
            "roe_4q": 5.5,
            "gross_profit": 12917,
            "gross_margin": 3.09,
            "gross_margin_4q_avg": 4.97,
            "net_income": 43356,
            "net_income_4q": null,
            "revenue": 417747,
            "revenue_4q": null,
            "common_shares": 2678198,
            "book_valuer_per_share": 17.24,
            "book_valuer_per_share_4q_avg": 17.69,
            "equity": 4618168,
            "current_ratio": 33.54,
            "debt_ratio": 37,
            "inventory_turnover_ratio": 1.78,
            "account_receivable_turnover_ratio": 2.54,
            "reinvestment_rate": 39.37,
            "research_to_sale_ratio": null,
            "price_fair": 30.24,
            "eps_avg_yearly": 0.86,
            "eps_latest_yearly": 0.64,
            "eps_growth_yearly": 81.18
        },
        "20191": {
            "year_quarter": 20191,
            "year": 2019,
            "quarter": 1,
            "eps": 0.13,
            "eps_growth_year": -23.53,
            "eps_4q": 0.9,
            "eps_4q_growth_year": 31.86,
            "roe": 0.74,
            "roe_4q": 5.26,
            "gross_profit": 7422,
            "gross_margin": 2.28,
            "gross_margin_4q_avg": 4.6,
            "net_income": 34247,
            "net_income_4q": null,
            "revenue": 325561,
            "revenue_4q": null,
            "common_shares": 2678198,
            "book_valuer_per_share": 17.28,
            "book_valuer_per_share_4q_avg": 17.72,
            "equity": 4627973,
            "current_ratio": 29.68,
            "debt_ratio": 36.9,
            "inventory_turnover_ratio": 1.78,
            "account_receivable_turnover_ratio": 2.19,
            "reinvestment_rate": 45.72,
            "research_to_sale_ratio": null,
            "price_fair": 29.49,
            "eps_avg_yearly": 0.84,
            "eps_latest_yearly": 0.52,
            "eps_growth_yearly": 71.42
        },
        "20192": {
            "year_quarter": 20192,
            "year": 2019,
            "quarter": 2,
            "eps": 0.3,
            "eps_growth_year": -3.23,
            "eps_4q": 0.87,
            "eps_4q_growth_year": 18.78,
            "roe": 1.87,
            "roe_4q": 5.36,
            "gross_profit": 51853,
            "gross_margin": 10.64,
            "gross_margin_4q_avg": 5.7,
            "net_income": 85417,
            "net_income_4q": null,
            "revenue": 487432,
            "revenue_4q": null,
            "common_shares": 2678198,
            "book_valuer_per_share": 16.84,
            "book_valuer_per_share_4q_avg": 17.41,
            "equity": 4508954,
            "current_ratio": 40.14,
            "debt_ratio": 39.04,
            "inventory_turnover_ratio": 2.46,
            "account_receivable_turnover_ratio": 3.41,
            "reinvestment_rate": 43.72,
            "research_to_sale_ratio": null,
            "price_fair": 30.1,
            "eps_avg_yearly": 0.86,
            "eps_latest_yearly": 1.2,
            "eps_growth_yearly": 114.36
        },
        "20193": {
            "year_quarter": 20193,
            "year": 2019,
            "quarter": 3,
            "eps": 0.34,
            "eps_growth_year": 6.25,
            "eps_4q": 0.91,
            "eps_4q_growth_year": 0.99,
            "roe": 2.2,
            "roe_4q": 5.720000000000001,
            "gross_profit": 37657,
            "gross_margin": 8.78,
            "gross_margin_4q_avg": 6.2,
            "net_income": 98667,
            "net_income_4q": null,
            "revenue": 429065,
            "revenue_4q": null,
            "common_shares": 2865672,
            "book_valuer_per_share": 15.57,
            "book_valuer_per_share_4q_avg": 16.73,
            "equity": 4462857,
            "current_ratio": 38.69,
            "debt_ratio": 39.73,
            "inventory_turnover_ratio": 2.12,
            "account_receivable_turnover_ratio": 2.73,
            "reinvestment_rate": 41.82,
            "research_to_sale_ratio": null,
            "price_fair": 30.71,
            "eps_avg_yearly": 0.88,
            "eps_latest_yearly": 1.36,
            "eps_growth_yearly": 113.35
        },
        "20194": {
            "year_quarter": 20194,
            "year": 2019,
            "quarter": 4,
            "eps": 0.25,
            "eps_growth_year": 55.12,
            "eps_4q": 1.01,
            "eps_4q_growth_year": 9.78,
            "roe": 1.59,
            "roe_4q": 6.4,
            "gross_profit": 51896,
            "gross_margin": 11.06,
            "gross_margin_4q_avg": 8.19,
            "net_income": 71963,
            "net_income_4q": null,
            "revenue": 469367,
            "revenue_4q": null,
            "common_shares": 2865672,
            "book_valuer_per_share": 15.93,
            "book_valuer_per_share_4q_avg": 16.41,
            "equity": 4565852,
            "current_ratio": 45.53,
            "debt_ratio": 39.32,
            "inventory_turnover_ratio": 2.26,
            "account_receivable_turnover_ratio": 2.6,
            "reinvestment_rate": 38.77,
            "research_to_sale_ratio": null,
            "price_fair": 32.46,
            "eps_avg_yearly": 0.93,
            "eps_latest_yearly": 1,
            "eps_growth_yearly": 127.1
        },
        "20201": {
            "year_quarter": 20201,
            "year": 2020,
            "quarter": 1,
            "eps": 0.15,
            "eps_growth_year": 15.38,
            "eps_4q": 1.05,
            "eps_4q_growth_year": 16.91,
            "roe": 1.06,
            "roe_4q": 6.720000000000001,
            "gross_profit": 28288,
            "gross_margin": 7.49,
            "gross_margin_4q_avg": 9.49,
            "net_income": 44126,
            "net_income_4q": null,
            "revenue": 377490,
            "revenue_4q": null,
            "common_shares": 2865672,
            "book_valuer_per_share": 13.18,
            "book_valuer_per_share_4q_avg": 15.38,
            "equity": 3776387,
            "current_ratio": 39.81,
            "debt_ratio": 42.79,
            "inventory_turnover_ratio": 2.02,
            "account_receivable_turnover_ratio": 2.12,
            "reinvestment_rate": -158.84,
            "research_to_sale_ratio": null,
            "price_fair": 31.85,
            "eps_avg_yearly": 0.91,
            "eps_latest_yearly": 0.6,
            "eps_growth_yearly": 32.1
        },
        "20202": {
            "year_quarter": 20202,
            "year": 2020,
            "quarter": 2,
            "eps": 0.15,
            "eps_growth_year": -50,
            "eps_4q": 0.85,
            "eps_4q_growth_year": -2.14,
            "roe": 1.06,
            "roe_4q": 5.91,
            "gross_profit": 7002,
            "gross_margin": 2.68,
            "gross_margin_4q_avg": 7.5,
            "net_income": 42230,
            "net_income_4q": null,
            "revenue": 261102,
            "revenue_4q": null,
            "common_shares": 2865672,
            "book_valuer_per_share": 14.69,
            "book_valuer_per_share_4q_avg": 14.84,
            "equity": 4209552,
            "current_ratio": 43.15,
            "debt_ratio": 40.86,
            "inventory_turnover_ratio": 1.81,
            "account_receivable_turnover_ratio": 1.92,
            "reinvestment_rate": -132.61,
            "research_to_sale_ratio": null,
            "price_fair": 31.06,
            "eps_avg_yearly": 0.89,
            "eps_latest_yearly": 0.6,
            "eps_growth_yearly": 29.83
        },
        "20203": {
            "year_quarter": 20203,
            "year": 2020,
            "quarter": 3,
            "eps": 0.31,
            "eps_growth_year": -8.82,
            "eps_4q": 0.84,
            "eps_4q_growth_year": -8.34,
            "roe": 2.15,
            "roe_4q": 5.859999999999999,
            "gross_profit": 60945,
            "gross_margin": 14.48,
            "gross_margin_4q_avg": 8.93,
            "net_income": 94725,
            "net_income_4q": null,
            "revenue": 420890,
            "revenue_4q": null,
            "common_shares": 3023284,
            "book_valuer_per_share": 15.19,
            "book_valuer_per_share_4q_avg": 14.75,
            "equity": 4591355,
            "current_ratio": 47.93,
            "debt_ratio": 39.51,
            "inventory_turnover_ratio": 2.23,
            "account_receivable_turnover_ratio": 2.96,
            "reinvestment_rate": -137.77,
            "research_to_sale_ratio": null,
            "price_fair": 30.71,
            "eps_avg_yearly": 0.88,
            "eps_latest_yearly": 1.24,
            "eps_growth_yearly": 45.04
        },
        "20204": {
            "year_quarter": 20204,
            "year": 2020,
            "quarter": 4,
            "eps": 0.22,
            "eps_growth_year": -11.95,
            "eps_4q": 0.82,
            "eps_4q_growth_year": -19.05,
            "roe": 1.31,
            "roe_4q": 5.58,
            "gross_profit": 49290,
            "gross_margin": 12.38,
            "gross_margin_4q_avg": 9.26,
            "net_income": 66850,
            "net_income_4q": null,
            "revenue": 398199,
            "revenue_4q": null,
            "common_shares": 3023284,
            "book_valuer_per_share": 18.63,
            "book_valuer_per_share_4q_avg": 15.42,
            "equity": 5633744,
            "current_ratio": 49.22,
            "debt_ratio": 34.92,
            "inventory_turnover_ratio": 2.29,
            "account_receivable_turnover_ratio": 2.02,
            "reinvestment_rate": -150.85,
            "research_to_sale_ratio": null,
            "price_fair": 30.28,
            "eps_avg_yearly": 0.87,
            "eps_latest_yearly": 0.88,
            "eps_growth_yearly": 43.5
        },
        "20211": {
            "year_quarter": 20211,
            "year": 2021,
            "quarter": 1,
            "eps": 0.28,
            "eps_growth_year": 86.67,
            "eps_4q": 0.95,
            "eps_4q_growth_year": -8.88,
            "roe": 1.54,
            "roe_4q": 6.0600000000000005,
            "gross_profit": 53872,
            "gross_margin": 12.73,
            "gross_margin_4q_avg": 10.57,
            "net_income": 84741,
            "net_income_4q": null,
            "revenue": 423153,
            "revenue_4q": null,
            "common_shares": 3023284,
            "book_valuer_per_share": 17.84,
            "book_valuer_per_share_4q_avg": 16.59,
            "equity": 5392585,
            "current_ratio": 46.53,
            "debt_ratio": 34.73,
            "inventory_turnover_ratio": 2.83,
            "account_receivable_turnover_ratio": 2.09,
            "reinvestment_rate": -134.02,
            "research_to_sale_ratio": null,
            "price_fair": 31.68,
            "eps_avg_yearly": 0.91,
            "eps_latest_yearly": 1.12,
            "eps_growth_yearly": 64.2
        },
        "20212": {
            "year_quarter": 20212,
            "year": 2021,
            "quarter": 2,
            "eps": 0.19,
            "eps_growth_year": 26.67,
            "eps_4q": 1.01,
            "eps_4q_growth_year": 18.48,
            "roe": 1.04,
            "roe_4q": 6.04,
            "gross_profit": 26947,
            "gross_margin": 8.32,
            "gross_margin_4q_avg": 11.98,
            "net_income": 58159,
            "net_income_4q": null,
            "revenue": 323714,
            "revenue_4q": null,
            "common_shares": 3023284,
            "book_valuer_per_share": 19.26,
            "book_valuer_per_share_4q_avg": 17.73,
            "equity": 5823537,
            "current_ratio": 45.77,
            "debt_ratio": 32.93,
            "inventory_turnover_ratio": 1.98,
            "account_receivable_turnover_ratio": 1.91,
            "reinvestment_rate": -117.36,
            "research_to_sale_ratio": null,
            "price_fair": 31.5,
            "eps_avg_yearly": 0.9,
            "eps_latest_yearly": 0.76,
            "eps_growth_yearly": 37.42
        },
        "20213": {
            "year_quarter": 20213,
            "year": 2021,
            "quarter": 3,
            "eps": 0.31,
            "eps_growth_year": 0,
            "eps_4q": 0.95,
            "eps_4q_growth_year": 13.02,
            "roe": 1.74,
            "roe_4q": 5.630000000000001,
            "gross_profit": 74516,
            "gross_margin": 13.82,
            "gross_margin_4q_avg": 11.81,
            "net_income": 100557,
            "net_income_4q": null,
            "revenue": 539280,
            "revenue_4q": null,
            "common_shares": 3023284,
            "book_valuer_per_share": 19.08,
            "book_valuer_per_share_4q_avg": 18.7,
            "equity": 5767498,
            "current_ratio": 48.49,
            "debt_ratio": 33.59,
            "inventory_turnover_ratio": 2.34,
            "account_receivable_turnover_ratio": 3.08,
            "reinvestment_rate": -123.08,
            "research_to_sale_ratio": null,
            "price_fair": 32.81,
            "eps_avg_yearly": 0.94,
            "eps_latest_yearly": 1.24,
            "eps_growth_yearly": 59.16
        },
        "20214": {
            "year_quarter": 20214,
            "year": 2021,
            "quarter": 4,
            "eps": 0.3,
            "eps_growth_year": 37.21,
            "eps_4q": 1.05,
            "eps_4q_growth_year": 27.5,
            "roe": 1.72,
            "roe_4q": 6.04,
            "gross_profit": 38256,
            "gross_margin": 8.67,
            "gross_margin_4q_avg": 10.89,
            "net_income": 99521,
            "net_income_4q": null,
            "revenue": 441430,
            "revenue_4q": null,
            "common_shares": 3280263,
            "book_valuer_per_share": 17.76,
            "book_valuer_per_share_4q_avg": 18.49,
            "equity": 5825739,
            "current_ratio": 47.07,
            "debt_ratio": 33.72,
            "inventory_turnover_ratio": 1.75,
            "account_receivable_turnover_ratio": 2.24,
            "reinvestment_rate": -156.38,
            "research_to_sale_ratio": null,
            "price_fair": 34.04,
            "eps_avg_yearly": 0.97,
            "eps_latest_yearly": 1.2,
            "eps_growth_yearly": 58.35
        },
        "20221": {
            "year_quarter": 20221,
            "year": 2022,
            "quarter": 1,
            "eps": 0.24,
            "eps_growth_year": -14.29,
            "eps_4q": 1.03,
            "eps_4q_growth_year": 8.02,
            "roe": 1.39,
            "roe_4q": 5.89,
            "gross_profit": 47891,
            "gross_margin": 11.2,
            "gross_margin_4q_avg": 10.5,
            "net_income": 79943,
            "net_income_4q": null,
            "revenue": 427709,
            "revenue_4q": null,
            "common_shares": 3280263,
            "book_valuer_per_share": 17.23,
            "book_valuer_per_share_4q_avg": 18.33,
            "equity": 5652150,
            "current_ratio": 45.45,
            "debt_ratio": 33.49,
            "inventory_turnover_ratio": 1.88,
            "account_receivable_turnover_ratio": 2.62,
            "reinvestment_rate": 64.29,
            "research_to_sale_ratio": null,
            "price_fair": 34.65,
            "eps_avg_yearly": 0.99,
            "eps_latest_yearly": 0.96,
            "eps_growth_yearly": 51.79
        },
        "20222": {
            "year_quarter": 20222,
            "year": 2022,
            "quarter": 2,
            "eps": 0.39,
            "eps_growth_year": 105.26,
            "eps_4q": 1.15,
            "eps_4q_growth_year": 14.56,
            "roe": 2.31,
            "roe_4q": 7.16,
            "gross_profit": 103278,
            "gross_margin": 18.56,
            "gross_margin_4q_avg": 13.06,
            "net_income": 126811,
            "net_income_4q": null,
            "revenue": 556495,
            "revenue_4q": null,
            "common_shares": 3280263,
            "book_valuer_per_share": 16.18,
            "book_valuer_per_share_4q_avg": 17.56,
            "equity": 5306057,
            "current_ratio": 48.43,
            "debt_ratio": 35.23,
            "inventory_turnover_ratio": 2.7,
            "account_receivable_turnover_ratio": 4.14,
            "reinvestment_rate": 59.32,
            "research_to_sale_ratio": null,
            "price_fair": 35.35,
            "eps_avg_yearly": 1.01,
            "eps_latest_yearly": 1.56,
            "eps_growth_yearly": 46.83
        },
        "20223": {
            "year_quarter": 20223,
            "year": 2022,
            "quarter": 3,
            "eps": 0.29,
            "eps_growth_year": -6.45,
            "eps_4q": 1.16,
            "eps_4q_growth_year": 22.91,
            "roe": 1.93,
            "roe_4q": 7.35,
            "gross_profit": 43125,
            "gross_margin": 11.85,
            "gross_margin_4q_avg": 12.57,
            "net_income": 103725,
            "net_income_4q": null,
            "revenue": 364018,
            "revenue_4q": null,
            "common_shares": 3526283,
            "book_valuer_per_share": 15.48,
            "book_valuer_per_share_4q_avg": 16.66,
            "equity": 5458378,
            "current_ratio": 43.99,
            "debt_ratio": 32.62,
            "inventory_turnover_ratio": 2.02,
            "account_receivable_turnover_ratio": 2.75,
            "reinvestment_rate": 58.1,
            "research_to_sale_ratio": null,
            "price_fair": 35.09,
            "eps_avg_yearly": 1,
            "eps_latest_yearly": 1.16,
            "eps_growth_yearly": 39.61
        },
        "20224": {
            "year_quarter": 20224,
            "year": 2022,
            "quarter": 4,
            "eps": 0.26,
            "eps_growth_year": -14.36,
            "eps_4q": 1.14,
            "eps_4q_growth_year": 9.06,
            "roe": 1.65,
            "roe_4q": 7.28,
            "gross_profit": 73812,
            "gross_margin": 15.36,
            "gross_margin_4q_avg": 14.24,
            "net_income": 91618,
            "net_income_4q": null,
            "revenue": 480512,
            "revenue_4q": null,
            "common_shares": 3526283,
            "book_valuer_per_share": 16.1,
            "book_valuer_per_share_4q_avg": 16.25,
            "equity": 5678992,
            "current_ratio": 40.95,
            "debt_ratio": 33.01,
            "inventory_turnover_ratio": 2.02,
            "account_receivable_turnover_ratio": 3.42,
            "reinvestment_rate": 63.01,
            "research_to_sale_ratio": null,
            "price_fair": 35.96,
            "eps_avg_yearly": 1.03,
            "eps_latest_yearly": 1.04,
            "eps_growth_yearly": 49.52
        },
        "20231": {
            "year_quarter": 20231,
            "year": 2023,
            "quarter": 1,
            "eps": 0.14,
            "eps_growth_year": -41.67,
            "eps_4q": 1.05,
            "eps_4q_growth_year": 2.1,
            "roe": 0.86,
            "roe_4q": 6.75,
            "gross_profit": -3434,
            "gross_margin": -1.26,
            "gross_margin_4q_avg": 11.13,
            "net_income": 49023,
            "net_income_4q": null,
            "revenue": 273089,
            "revenue_4q": null,
            "common_shares": 3526283,
            "book_valuer_per_share": 16.14,
            "book_valuer_per_share_4q_avg": 15.98,
            "equity": 5691927,
            "current_ratio": 37.47,
            "debt_ratio": 32.19,
            "inventory_turnover_ratio": 1.7,
            "account_receivable_turnover_ratio": 2.3,
            "reinvestment_rate": 65.12,
            "research_to_sale_ratio": null,
            "price_fair": 36.05,
            "eps_avg_yearly": 1.03,
            "eps_latest_yearly": 0.56,
            "eps_growth_yearly": 42.67
        },
        "20232": {
            "year_quarter": 20232,
            "year": 2023,
            "quarter": 2,
            "eps": 0.29,
            "eps_growth_year": -25.64,
            "eps_4q": 0.92,
            "eps_4q_growth_year": -20.6,
            "roe": 1.8,
            "roe_4q": 6.24,
            "gross_profit": 36787,
            "gross_margin": 10.18,
            "gross_margin_4q_avg": 9.03,
            "net_income": 102905,
            "net_income_4q": null,
            "revenue": 361300,
            "revenue_4q": null,
            "common_shares": 3526283,
            "book_valuer_per_share": 16.31,
            "book_valuer_per_share_4q_avg": 16.01,
            "equity": 5751293,
            "current_ratio": 39.26,
            "debt_ratio": 32.01,
            "inventory_turnover_ratio": 3.19,
            "account_receivable_turnover_ratio": 3.96,
            "reinvestment_rate": 65.08,
            "research_to_sale_ratio": null,
            "price_fair": 35.96,
            "eps_avg_yearly": 1.03,
            "eps_latest_yearly": 1.16,
            "eps_growth_yearly": 36.77
        },
        "20233": {
            "year_quarter": 20233,
            "year": 2023,
            "quarter": 3,
            "eps": 0.31,
            "eps_growth_year": 6.9,
            "eps_4q": 0.95,
            "eps_4q_growth_year": -18.49,
            "roe": 2.01,
            "roe_4q": 6.32,
            "gross_profit": 44426,
            "gross_margin": 11.93,
            "gross_margin_4q_avg": 9.05,
            "net_income": 115701,
            "net_income_4q": null,
            "revenue": 372522,
            "revenue_4q": null,
            "common_shares": 3790754,
            "book_valuer_per_share": 15.2,
            "book_valuer_per_share_4q_avg": 15.94,
            "equity": 5763414,
            "current_ratio": 39.1,
            "debt_ratio": 28.79,
            "inventory_turnover_ratio": 2.7,
            "account_receivable_turnover_ratio": 3.39,
            "reinvestment_rate": 67.34,
            "research_to_sale_ratio": null,
            "price_fair": 35.7,
            "eps_avg_yearly": 1.02,
            "eps_latest_yearly": 1.24,
            "eps_growth_yearly": 35.16
        }
    },
    "months": {
        "2001-06": {
            "month": "2001-06",
            "price": "7.04",
            "revenue": 106184
        },
        "2001-07": {
            "month": "2001-07",
            "price": "7.06",
            "revenue": 82203
        },
        "2001-08": {
            "month": "2001-08",
            "price": "6.67",
            "revenue": 115542
        },
        "2001-09": {
            "month": "2001-09",
            "price": "6.22",
            "revenue": 83145
        },
        "2001-10": {
            "month": "2001-10",
            "price": "5.97",
            "revenue": 118291
        },
        "2001-11": {
            "month": "2001-11",
            "price": "6.31",
            "revenue": 72540
        },
        "2001-12": {
            "month": "2001-12",
            "price": "8.50",
            "revenue": 83969
        },
        "2002-01": {
            "month": "2002-01",
            "price": "10.88",
            "revenue": 123874
        },
        "2002-02": {
            "month": "2002-02",
            "price": "11.03",
            "revenue": 75721
        },
        "2002-03": {
            "month": "2002-03",
            "price": "14.92",
            "revenue": 140830
        },
        "2002-04": {
            "month": "2002-04",
            "price": "18.73",
            "revenue": 113871
        },
        "2002-05": {
            "month": "2002-05",
            "price": "22.39",
            "revenue": 106444
        },
        "2002-06": {
            "month": "2002-06",
            "price": "22.87",
            "revenue": 87648
        },
        "2002-07": {
            "month": "2002-07",
            "price": "24.40",
            "revenue": 97160
        },
        "2002-08": {
            "month": "2002-08",
            "price": "23.32",
            "revenue": 96765
        },
        "2002-09": {
            "month": "2002-09",
            "price": "20.00",
            "revenue": 88409
        },
        "2002-10": {
            "month": "2002-10",
            "price": "18.63",
            "revenue": 97746
        },
        "2002-11": {
            "month": "2002-11",
            "price": "16.65",
            "revenue": 79249
        },
        "2002-12": {
            "month": "2002-12",
            "price": "17.67",
            "revenue": 70749
        },
        "2003-01": {
            "month": "2003-01",
            "price": "28.97",
            "revenue": 118117
        },
        "2003-02": {
            "month": "2003-02",
            "price": "30.92",
            "revenue": 80757
        },
        "2003-03": {
            "month": "2003-03",
            "price": "26.60",
            "revenue": 95931
        },
        "2003-04": {
            "month": "2003-04",
            "price": "23.98",
            "revenue": 97438
        },
        "2003-05": {
            "month": "2003-05",
            "price": "21.70",
            "revenue": 118581
        },
        "2003-06": {
            "month": "2003-06",
            "price": "25.50",
            "revenue": 135390
        },
        "2003-07": {
            "month": "2003-07",
            "price": "30.36",
            "revenue": 118536
        },
        "2003-08": {
            "month": "2003-08",
            "price": "35.64",
            "revenue": 124459
        },
        "2003-09": {
            "month": "2003-09",
            "price": "39.69",
            "revenue": 125473
        },
        "2003-10": {
            "month": "2003-10",
            "price": "40.68",
            "revenue": 125912
        },
        "2003-11": {
            "month": "2003-11",
            "price": "47.68",
            "revenue": 94036
        },
        "2003-12": {
            "month": "2003-12",
            "price": "52.03",
            "revenue": 86457
        },
        "2004-01": {
            "month": "2004-01",
            "price": "51.97",
            "revenue": 89588
        },
        "2004-02": {
            "month": "2004-02",
            "price": "48.70",
            "revenue": 110772
        },
        "2004-03": {
            "month": "2004-03",
            "price": "50.22",
            "revenue": 114819
        },
        "2004-04": {
            "month": "2004-04",
            "price": "61.98",
            "revenue": 113776
        },
        "2004-05": {
            "month": "2004-05",
            "price": "54.05",
            "revenue": 66686
        },
        "2004-06": {
            "month": "2004-06",
            "price": "50.31",
            "revenue": 81481
        },
        "2004-07": {
            "month": "2004-07",
            "price": "49.64",
            "revenue": 137730
        },
        "2004-08": {
            "month": "2004-08",
            "price": "50.64",
            "revenue": 142414
        },
        "2004-09": {
            "month": "2004-09",
            "price": "50.42",
            "revenue": 139939
        },
        "2004-10": {
            "month": "2004-10",
            "price": "46.94",
            "revenue": 122943
        },
        "2004-11": {
            "month": "2004-11",
            "price": "45.46",
            "revenue": 126495
        },
        "2004-12": {
            "month": "2004-12",
            "price": "42.06",
            "revenue": 100652
        },
        "2005-01": {
            "month": "2005-01",
            "price": "39.39",
            "revenue": 134633
        },
        "2005-02": {
            "month": "2005-02",
            "price": "39.22",
            "revenue": 125096
        },
        "2005-03": {
            "month": "2005-03",
            "price": "39.32",
            "revenue": 101430
        },
        "2005-04": {
            "month": "2005-04",
            "price": "40.50",
            "revenue": 108715
        },
        "2005-05": {
            "month": "2005-05",
            "price": "38.98",
            "revenue": 174706
        },
        "2005-06": {
            "month": "2005-06",
            "price": "38.95",
            "revenue": 159284
        },
        "2005-07": {
            "month": "2005-07",
            "price": "39.27",
            "revenue": 157379
        },
        "2005-08": {
            "month": "2005-08",
            "price": "37.79",
            "revenue": 129682
        },
        "2005-09": {
            "month": "2005-09",
            "price": "30.22",
            "revenue": 153072
        },
        "2005-10": {
            "month": "2005-10",
            "price": "29.59",
            "revenue": 195064
        },
        "2005-11": {
            "month": "2005-11",
            "price": "28.45",
            "revenue": 139769
        },
        "2005-12": {
            "month": "2005-12",
            "price": "28.20",
            "revenue": 132142
        },
        "2006-01": {
            "month": "2006-01",
            "price": "27.81",
            "revenue": 141157
        },
        "2006-02": {
            "month": "2006-02",
            "price": "28.52",
            "revenue": 130100
        },
        "2006-03": {
            "month": "2006-03",
            "price": "28.07",
            "revenue": 140631
        },
        "2006-04": {
            "month": "2006-04",
            "price": "30.48",
            "revenue": 140625
        },
        "2006-05": {
            "month": "2006-05",
            "price": "37.26",
            "revenue": 153737
        },
        "2006-06": {
            "month": "2006-06",
            "price": "26.75",
            "revenue": 131912
        },
        "2006-07": {
            "month": "2006-07",
            "price": "14.46",
            "revenue": 138517
        },
        "2006-08": {
            "month": "2006-08",
            "price": "12.67",
            "revenue": 103548
        },
        "2006-09": {
            "month": "2006-09",
            "price": "12.72",
            "revenue": 44666
        },
        "2006-10": {
            "month": "2006-10",
            "price": "13.02",
            "revenue": 162259
        },
        "2006-11": {
            "month": "2006-11",
            "price": "13.09",
            "revenue": 182824
        },
        "2006-12": {
            "month": "2006-12",
            "price": "14.23",
            "revenue": 156624
        },
        "2007-01": {
            "month": "2007-01",
            "price": "13.75",
            "revenue": 187442
        },
        "2007-02": {
            "month": "2007-02",
            "price": "13.35",
            "revenue": 96793
        },
        "2007-03": {
            "month": "2007-03",
            "price": "13.11",
            "revenue": 213510
        },
        "2007-04": {
            "month": "2007-04",
            "price": "15.75",
            "revenue": 165923
        },
        "2007-05": {
            "month": "2007-05",
            "price": "14.10",
            "revenue": 175082
        },
        "2007-06": {
            "month": "2007-06",
            "price": "14.68",
            "revenue": 158146
        },
        "2007-07": {
            "month": "2007-07",
            "price": "19.60",
            "revenue": 180126
        },
        "2007-08": {
            "month": "2007-08",
            "price": "16.58",
            "revenue": 146793
        },
        "2007-09": {
            "month": "2007-09",
            "price": "18.53",
            "revenue": 112602
        },
        "2007-10": {
            "month": "2007-10",
            "price": "19.18",
            "revenue": 226361
        },
        "2007-11": {
            "month": "2007-11",
            "price": "16.60",
            "revenue": 190773
        },
        "2007-12": {
            "month": "2007-12",
            "price": "14.06",
            "revenue": 161088
        },
        "2008-01": {
            "month": "2008-01",
            "price": "12.31",
            "revenue": 170609
        },
        "2008-02": {
            "month": "2008-02",
            "price": "14.38",
            "revenue": 205902
        },
        "2008-03": {
            "month": "2008-03",
            "price": "16.25",
            "revenue": 256292
        },
        "2008-04": {
            "month": "2008-04",
            "price": "18.40",
            "revenue": 254715
        },
        "2008-05": {
            "month": "2008-05",
            "price": "18.48",
            "revenue": 222760
        },
        "2008-06": {
            "month": "2008-06",
            "price": "17.23",
            "revenue": 223605
        },
        "2008-07": {
            "month": "2008-07",
            "price": "15.32",
            "revenue": 229592
        },
        "2008-08": {
            "month": "2008-08",
            "price": "14.12",
            "revenue": 179853
        },
        "2008-09": {
            "month": "2008-09",
            "price": "12.31",
            "revenue": 125573
        },
        "2008-10": {
            "month": "2008-10",
            "price": "10.64",
            "revenue": 116819
        },
        "2008-11": {
            "month": "2008-11",
            "price": "7.96",
            "revenue": 81581
        },
        "2008-12": {
            "month": "2008-12",
            "price": "7.84",
            "revenue": 110225
        },
        "2009-01": {
            "month": "2009-01",
            "price": "8.65",
            "revenue": 134605
        },
        "2009-02": {
            "month": "2009-02",
            "price": "7.78",
            "revenue": 177268
        },
        "2009-03": {
            "month": "2009-03",
            "price": "8.78",
            "revenue": 142083
        },
        "2009-04": {
            "month": "2009-04",
            "price": "11.33",
            "revenue": 163871
        },
        "2009-05": {
            "month": "2009-05",
            "price": "11.89",
            "revenue": 163047
        },
        "2009-06": {
            "month": "2009-06",
            "price": "11.67",
            "revenue": 168973
        },
        "2009-07": {
            "month": "2009-07",
            "price": "11.83",
            "revenue": 162369
        },
        "2009-08": {
            "month": "2009-08",
            "price": "12.34",
            "revenue": 98703
        },
        "2009-09": {
            "month": "2009-09",
            "price": "12.58",
            "revenue": 28784
        },
        "2009-10": {
            "month": "2009-10",
            "price": "13.27",
            "revenue": 126191
        },
        "2009-11": {
            "month": "2009-11",
            "price": "11.92",
            "revenue": 180826
        },
        "2009-12": {
            "month": "2009-12",
            "price": "12.16",
            "revenue": 208139
        },
        "2010-01": {
            "month": "2010-01",
            "price": "14.34",
            "revenue": 237967
        },
        "2010-02": {
            "month": "2010-02",
            "price": "12.03",
            "revenue": 170207
        },
        "2010-03": {
            "month": "2010-03",
            "price": "14.70",
            "revenue": 234814
        },
        "2010-04": {
            "month": "2010-04",
            "price": "14.69",
            "revenue": 163256
        },
        "2010-05": {
            "month": "2010-05",
            "price": "13.23",
            "revenue": 116286
        },
        "2010-06": {
            "month": "2010-06",
            "price": "12.16",
            "revenue": 274668
        },
        "2010-07": {
            "month": "2010-07",
            "price": "13.09",
            "revenue": 221833
        },
        "2010-08": {
            "month": "2010-08",
            "price": "14.00",
            "revenue": 305219
        },
        "2010-09": {
            "month": "2010-09",
            "price": "17.21",
            "revenue": 196243
        },
        "2010-10": {
            "month": "2010-10",
            "price": "18.23",
            "revenue": 312925
        },
        "2010-11": {
            "month": "2010-11",
            "price": "16.04",
            "revenue": 316497
        },
        "2010-12": {
            "month": "2010-12",
            "price": "17.49",
            "revenue": 322385
        },
        "2011-01": {
            "month": "2011-01",
            "price": "22.89",
            "revenue": 215121
        },
        "2011-02": {
            "month": "2011-02",
            "price": "21.00",
            "revenue": 204520
        },
        "2011-03": {
            "month": "2011-03",
            "price": "20.38",
            "revenue": 294938
        },
        "2011-04": {
            "month": "2011-04",
            "price": "21.17",
            "revenue": 290339
        },
        "2011-05": {
            "month": "2011-05",
            "price": "18.13",
            "revenue": 271569
        },
        "2011-06": {
            "month": "2011-06",
            "price": "16.26",
            "revenue": 320280
        },
        "2011-07": {
            "month": "2011-07",
            "price": "16.12",
            "revenue": 273215
        },
        "2011-08": {
            "month": "2011-08",
            "price": "15.02",
            "revenue": 234333
        },
        "2011-09": {
            "month": "2011-09",
            "price": "12.55",
            "revenue": 215568
        },
        "2011-10": {
            "month": "2011-10",
            "price": "10.96",
            "revenue": 172024
        },
        "2011-11": {
            "month": "2011-11",
            "price": "10.21",
            "revenue": 153642
        },
        "2011-12": {
            "month": "2011-12",
            "price": "9.11",
            "revenue": 184532
        },
        "2012-01": {
            "month": "2012-01",
            "price": "8.89",
            "revenue": 177695
        },
        "2012-02": {
            "month": "2012-02",
            "price": "11.38",
            "revenue": 241443
        },
        "2012-03": {
            "month": "2012-03",
            "price": "10.90",
            "revenue": 268345
        },
        "2012-04": {
            "month": "2012-04",
            "price": "9.08",
            "revenue": 221260
        },
        "2012-05": {
            "month": "2012-05",
            "price": "8.45",
            "revenue": 188842
        },
        "2012-06": {
            "month": "2012-06",
            "price": "7.60",
            "revenue": 161983
        },
        "2012-07": {
            "month": "2012-07",
            "price": "7.75",
            "revenue": 220931
        },
        "2012-08": {
            "month": "2012-08",
            "price": "8.09",
            "revenue": 219416
        },
        "2012-09": {
            "month": "2012-09",
            "price": "8.87",
            "revenue": 151593
        },
        "2012-10": {
            "month": "2012-10",
            "price": "8.47",
            "revenue": 150419
        },
        "2012-11": {
            "month": "2012-11",
            "price": "7.76",
            "revenue": 153308
        },
        "2012-12": {
            "month": "2012-12",
            "price": "8.49",
            "revenue": 159905
        },
        "2013-01": {
            "month": "2013-01",
            "price": "8.97",
            "revenue": 1276097
        },
        "2013-02": {
            "month": "2013-02",
            "price": "8.80",
            "revenue": 985311
        },
        "2013-03": {
            "month": "2013-03",
            "price": "9.13",
            "revenue": 1424752
        },
        "2013-04": {
            "month": "2013-04",
            "price": "9.19",
            "revenue": 1286132
        },
        "2013-05": {
            "month": "2013-05",
            "price": "9.93",
            "revenue": 1494202
        },
        "2013-06": {
            "month": "2013-06",
            "price": "9.79",
            "revenue": 1439916
        },
        "2013-07": {
            "month": "2013-07",
            "price": "10.19",
            "revenue": 1272243
        },
        "2013-08": {
            "month": "2013-08",
            "price": "10.31",
            "revenue": 1277219
        },
        "2013-09": {
            "month": "2013-09",
            "price": "10.36",
            "revenue": 1233400
        },
        "2013-10": {
            "month": "2013-10",
            "price": "10.86",
            "revenue": 1375897
        },
        "2013-11": {
            "month": "2013-11",
            "price": "10.84",
            "revenue": 1141927
        },
        "2013-12": {
            "month": "2013-12",
            "price": "10.80",
            "revenue": 1395733
        },
        "2014-01": {
            "month": "2014-01",
            "price": "11.09",
            "revenue": 1577904
        },
        "2014-02": {
            "month": "2014-02",
            "price": "12.41",
            "revenue": 1658913
        },
        "2014-03": {
            "month": "2014-03",
            "price": "13.67",
            "revenue": 1316280
        },
        "2014-04": {
            "month": "2014-04",
            "price": "12.03",
            "revenue": 1251165
        },
        "2014-05": {
            "month": "2014-05",
            "price": "11.20",
            "revenue": 1390086
        },
        "2014-06": {
            "month": "2014-06",
            "price": "11.90",
            "revenue": 927838
        },
        "2014-07": {
            "month": "2014-07",
            "price": "11.58",
            "revenue": 283159
        },
        "2014-08": {
            "month": "2014-08",
            "price": "10.17",
            "revenue": 264508
        },
        "2014-09": {
            "month": "2014-09",
            "price": "10.03",
            "revenue": 197295
        },
        "2014-10": {
            "month": "2014-10",
            "price": "9.16",
            "revenue": 130342
        },
        "2014-11": {
            "month": "2014-11",
            "price": "9.14",
            "revenue": 93220
        },
        "2014-12": {
            "month": "2014-12",
            "price": "9.61",
            "revenue": 182555
        },
        "2015-01": {
            "month": "2015-01",
            "price": "10.26",
            "revenue": 212867
        },
        "2015-02": {
            "month": "2015-02",
            "price": "10.06",
            "revenue": 167354
        },
        "2015-03": {
            "month": "2015-03",
            "price": "10.00",
            "revenue": 230358
        },
        "2015-04": {
            "month": "2015-04",
            "price": "9.37",
            "revenue": 188388
        },
        "2015-05": {
            "month": "2015-05",
            "price": "9.49",
            "revenue": 153237
        },
        "2015-06": {
            "month": "2015-06",
            "price": "9.29",
            "revenue": 146411
        },
        "2015-07": {
            "month": "2015-07",
            "price": "8.62",
            "revenue": 151306
        },
        "2015-08": {
            "month": "2015-08",
            "price": "7.70",
            "revenue": 160431
        },
        "2015-09": {
            "month": "2015-09",
            "price": "7.99",
            "revenue": 172638
        },
        "2015-10": {
            "month": "2015-10",
            "price": "8.49",
            "revenue": 138790
        },
        "2015-11": {
            "month": "2015-11",
            "price": "8.71",
            "revenue": 86722
        },
        "2015-12": {
            "month": "2015-12",
            "price": "8.64",
            "revenue": 159301
        },
        "2016-01": {
            "month": "2016-01",
            "price": "8.01",
            "revenue": 128113
        },
        "2016-02": {
            "month": "2016-02",
            "price": "8.13",
            "revenue": 120970
        },
        "2016-03": {
            "month": "2016-03",
            "price": "8.45",
            "revenue": 191064
        },
        "2016-04": {
            "month": "2016-04",
            "price": "8.61",
            "revenue": 173424
        },
        "2016-05": {
            "month": "2016-05",
            "price": "8.30",
            "revenue": 166242
        },
        "2016-06": {
            "month": "2016-06",
            "price": "8.31",
            "revenue": 135272
        },
        "2016-07": {
            "month": "2016-07",
            "price": "8.46",
            "revenue": 127736
        },
        "2016-08": {
            "month": "2016-08",
            "price": "8.67",
            "revenue": 129190
        },
        "2016-09": {
            "month": "2016-09",
            "price": "8.46",
            "revenue": 130446
        },
        "2016-10": {
            "month": "2016-10",
            "price": "8.58",
            "revenue": 82854
        },
        "2016-11": {
            "month": "2016-11",
            "price": "8.75",
            "revenue": 90966
        },
        "2016-12": {
            "month": "2016-12",
            "price": "9.54",
            "revenue": 187367
        },
        "2017-01": {
            "month": "2017-01",
            "price": "9.60",
            "revenue": 144158
        },
        "2017-02": {
            "month": "2017-02",
            "price": "10.16",
            "revenue": 99283
        },
        "2017-03": {
            "month": "2017-03",
            "price": "10.09",
            "revenue": 102504
        },
        "2017-04": {
            "month": "2017-04",
            "price": "10.21",
            "revenue": 86604
        },
        "2017-05": {
            "month": "2017-05",
            "price": "9.71",
            "revenue": 132131
        },
        "2017-06": {
            "month": "2017-06",
            "price": "9.59",
            "revenue": 164640
        },
        "2017-07": {
            "month": "2017-07",
            "price": "9.86",
            "revenue": 113474
        },
        "2017-08": {
            "month": "2017-08",
            "price": "9.84",
            "revenue": 139725
        },
        "2017-09": {
            "month": "2017-09",
            "price": "9.29",
            "revenue": 124740
        },
        "2017-10": {
            "month": "2017-10",
            "price": "9.21",
            "revenue": 144407
        },
        "2017-11": {
            "month": "2017-11",
            "price": "9.55",
            "revenue": 140838
        },
        "2017-12": {
            "month": "2017-12",
            "price": "9.65",
            "revenue": 120411
        },
        "2018-01": {
            "month": "2018-01",
            "price": "9.97",
            "revenue": 151686
        },
        "2018-02": {
            "month": "2018-02",
            "price": "9.89",
            "revenue": 118702
        },
        "2018-03": {
            "month": "2018-03",
            "price": "9.92",
            "revenue": 221588
        },
        "2018-04": {
            "month": "2018-04",
            "price": "11.74",
            "revenue": 90438
        },
        "2018-05": {
            "month": "2018-05",
            "price": "11.70",
            "revenue": 199906
        },
        "2018-06": {
            "month": "2018-06",
            "price": "11.54",
            "revenue": 188216
        },
        "2018-07": {
            "month": "2018-07",
            "price": "11.21",
            "revenue": 157908
        },
        "2018-08": {
            "month": "2018-08",
            "price": "11.65",
            "revenue": 163197
        },
        "2018-09": {
            "month": "2018-09",
            "price": "10.27",
            "revenue": 146895
        },
        "2018-10": {
            "month": "2018-10",
            "price": "9.64",
            "revenue": 144473
        },
        "2018-11": {
            "month": "2018-11",
            "price": "9.67",
            "revenue": 149075
        },
        "2018-12": {
            "month": "2018-12",
            "price": "10.10",
            "revenue": 124132
        },
        "2019-01": {
            "month": "2019-01",
            "price": "10.01",
            "revenue": 151979
        },
        "2019-02": {
            "month": "2019-02",
            "price": "10.27",
            "revenue": 89062
        },
        "2019-03": {
            "month": "2019-03",
            "price": "10.53",
            "revenue": 84519
        },
        "2019-04": {
            "month": "2019-04",
            "price": "10.39",
            "revenue": 174577
        },
        "2019-05": {
            "month": "2019-05",
            "price": "10.16",
            "revenue": 160151
        },
        "2019-06": {
            "month": "2019-06",
            "price": "10.19",
            "revenue": 152704
        },
        "2019-07": {
            "month": "2019-07",
            "price": "10.34",
            "revenue": 137610
        },
        "2019-08": {
            "month": "2019-08",
            "price": "9.61",
            "revenue": 149897
        },
        "2019-09": {
            "month": "2019-09",
            "price": "9.40",
            "revenue": 141557
        },
        "2019-10": {
            "month": "2019-10",
            "price": "9.35",
            "revenue": 146600
        },
        "2019-11": {
            "month": "2019-11",
            "price": "9.53",
            "revenue": 157115
        },
        "2019-12": {
            "month": "2019-12",
            "price": "9.64",
            "revenue": 165652
        },
        "2020-01": {
            "month": "2020-01",
            "price": "9.92",
            "revenue": 132495
        },
        "2020-02": {
            "month": "2020-02",
            "price": "12.58",
            "revenue": 151238
        },
        "2020-03": {
            "month": "2020-03",
            "price": "13.09",
            "revenue": 93756
        },
        "2020-04": {
            "month": "2020-04",
            "price": "12.14",
            "revenue": 65132
        },
        "2020-05": {
            "month": "2020-05",
            "price": "11.94",
            "revenue": 64846
        },
        "2020-06": {
            "month": "2020-06",
            "price": "11.36",
            "revenue": 131124
        },
        "2020-07": {
            "month": "2020-07",
            "price": "11.10",
            "revenue": 154229
        },
        "2020-08": {
            "month": "2020-08",
            "price": "11.03",
            "revenue": 135816
        },
        "2020-09": {
            "month": "2020-09",
            "price": "11.22",
            "revenue": 130845
        },
        "2020-10": {
            "month": "2020-10",
            "price": "10.83",
            "revenue": 125976
        },
        "2020-11": {
            "month": "2020-11",
            "price": "10.84",
            "revenue": 94210
        },
        "2020-12": {
            "month": "2020-12",
            "price": "11.41",
            "revenue": 178012
        },
        "2021-01": {
            "month": "2021-01",
            "price": "11.18",
            "revenue": 138431
        },
        "2021-02": {
            "month": "2021-02",
            "price": "10.95",
            "revenue": 130604
        },
        "2021-03": {
            "month": "2021-03",
            "price": "11.72",
            "revenue": 154118
        },
        "2021-04": {
            "month": "2021-04",
            "price": "13.76",
            "revenue": 116757
        },
        "2021-05": {
            "month": "2021-05",
            "price": "13.28",
            "revenue": 59125
        },
        "2021-06": {
            "month": "2021-06",
            "price": "13.32",
            "revenue": 147831
        },
        "2021-07": {
            "month": "2021-07",
            "price": "13.45",
            "revenue": 198713
        },
        "2021-08": {
            "month": "2021-08",
            "price": "13.16",
            "revenue": 186889
        },
        "2021-09": {
            "month": "2021-09",
            "price": "13.34",
            "revenue": 153677
        },
        "2021-10": {
            "month": "2021-10",
            "price": "13.38",
            "revenue": 174052
        },
        "2021-11": {
            "month": "2021-11",
            "price": "12.65",
            "revenue": 102554
        },
        "2021-12": {
            "month": "2021-12",
            "price": "12.49",
            "revenue": 164824
        },
        "2022-01": {
            "month": "2022-01",
            "price": "12.62",
            "revenue": 209897
        },
        "2022-02": {
            "month": "2022-02",
            "price": "12.71",
            "revenue": 128423
        },
        "2022-03": {
            "month": "2022-03",
            "price": "12.82",
            "revenue": 89389
        },
        "2022-04": {
            "month": "2022-04",
            "price": "13.13",
            "revenue": 212733
        },
        "2022-05": {
            "month": "2022-05",
            "price": "12.71",
            "revenue": 145906
        },
        "2022-06": {
            "month": "2022-06",
            "price": "12.91",
            "revenue": 197856
        },
        "2022-07": {
            "month": "2022-07",
            "price": "12.81",
            "revenue": 66456
        },
        "2022-08": {
            "month": "2022-08",
            "price": "13.09",
            "revenue": 154537
        },
        "2022-09": {
            "month": "2022-09",
            "price": "12.42",
            "revenue": 143025
        },
        "2022-10": {
            "month": "2022-10",
            "price": "11.40",
            "revenue": 108646
        },
        "2022-11": {
            "month": "2022-11",
            "price": "11.50",
            "revenue": 205594
        },
        "2022-12": {
            "month": "2022-12",
            "price": "11.87",
            "revenue": 166273
        },
        "2023-01": {
            "month": "2023-01",
            "price": "11.97",
            "revenue": 93465
        },
        "2023-02": {
            "month": "2023-02",
            "price": "12.21",
            "revenue": 95590
        },
        "2023-03": {
            "month": "2023-03",
            "price": "12.66",
            "revenue": 84034
        },
        "2023-04": {
            "month": "2023-04",
            "price": "12.88",
            "revenue": 125676
        },
        "2023-05": {
            "month": "2023-05",
            "price": "12.81",
            "revenue": 163741
        },
        "2023-06": {
            "month": "2023-06",
            "price": "13.01",
            "revenue": 71883
        },
        "2023-07": {
            "month": "2023-07",
            "price": "13.05",
            "revenue": 166210
        },
        "2023-08": {
            "month": "2023-08",
            "price": "13.16",
            "revenue": 78513
        },
        "2023-09": {
            "month": "2023-09",
            "price": "12.34",
            "revenue": 127799
        },
        "2023-10": {
            "month": "2023-10",
            "price": "12.27",
            "revenue": 88183
        },
        "2023-11": {
            "month": "2023-11",
            "price": "12.44",
            "revenue": 75687
        },
        "2023-12": {
            "month": "2023-12",
            "price": "12.73",
            "revenue": 152052
        }
    }
}
