{
    "summary": {
        "stock_name": "永純",
        "stock_id": "4711",
        "category": "化工",
        "main_business": "不飽和聚酯樹脂<br>多元醇聚酯樹脂<br>FRP製品",
        "website_url": "http://www.yongshunchemical.com",
        "ceo": "林誠謙",
        "pe_ratio": 100,
        "report_year_from": 2001,
        "report_year_to": 2023,
        "age": 23,
        "eps_negative_percentage": 4,
        "eps_growth_avg": {
            "last_all": 6.04,
            "last_2y": -30.22,
            "last_4y": 11.64,
            "last_8y": 12.26,
            "last_12y": -0.53,
            "last_16y": 0.1,
            "last_20y": 5.91,
            "at_2006_last_3y": 29.15,
            "at_2007_last_3y": 20.31,
            "at_2008_last_3y": 5.89,
            "at_2009_last_3y": 15.56,
            "at_2010_last_3y": 1.97,
            "at_2011_last_3y": -5.78,
            "at_2012_last_3y": -2.2,
            "at_2013_last_3y": -25.1,
            "at_2014_last_3y": -26.09,
            "at_2015_last_3y": -3.36,
            "at_2016_last_3y": 28.43,
            "at_2017_last_3y": 20.8,
            "at_2018_last_3y": 12.88,
            "at_2019_last_3y": 8.37,
            "at_2020_last_3y": 0.5,
            "at_2021_last_3y": 21.69,
            "at_2022_last_3y": 11.64,
            "at_2023_last_3y": 2.69,
            "at_2024_last_3y": 2.69,
            "at_2006_last_all": 25.06,
            "at_2007_last_all": 20.32,
            "at_2008_last_all": 11.49,
            "at_2009_last_all": 19.67,
            "at_2010_last_all": 14.8,
            "at_2011_last_all": 9.88,
            "at_2012_last_all": 6.51,
            "at_2013_last_all": 4.75,
            "at_2014_last_all": 2.22,
            "at_2015_last_all": 6.1,
            "at_2016_last_all": 12.36,
            "at_2017_last_all": 8.76,
            "at_2018_last_all": 4.73,
            "at_2019_last_all": 6.6,
            "at_2020_last_all": 9.86,
            "at_2021_last_all": 11.34,
            "at_2022_last_all": 6.04,
            "at_2023_last_all": 6.04,
            "at_2024_last_all": 6.04
        },
        "latest_eps": 0.15,
        "latest_price": 17.25,
        "latest_roe": 0.89,
        "latest_gross_margin": 11.17,
        "latest_equity": 1052697,
        "latest_revenue": 201894,
        "latest_gross_profit": 22550,
        "latest_net_income": 1271,
        "latest_debt_ratio": 18.02,
        "latest_current_ratio": 564.81,
        "latest_account_receivable_turnover_ratio": 1.48,
        "latest_inventory_turnover_ratio": 0.75,
        "latest_reinvestment_rate": -16.32,
        "latest_research_to_sale_ratio": 0.7
    },
    "eps_dividends": {
        "1997": {
            "cash": 0.5,
            "stock": 1.5,
            "eps": 0
        },
        "1998": {
            "cash": 0,
            "stock": 1.64,
            "eps": 0
        },
        "1999": {
            "cash": 0,
            "stock": 2,
            "eps": 0
        },
        "2000": {
            "cash": 0,
            "stock": 2,
            "eps": 0
        },
        "2001": {
            "cash": 0,
            "stock": 0,
            "eps": 0.69
        },
        "2002": {
            "cash": 0.5,
            "stock": 0,
            "eps": 0.75
        },
        "2003": {
            "cash": 0.5,
            "stock": 0,
            "eps": 0.99
        },
        "2004": {
            "cash": 0.7,
            "stock": 0,
            "eps": 1.15
        },
        "2005": {
            "cash": 0.85,
            "stock": 0,
            "eps": 1.59
        },
        "2006": {
            "cash": 1,
            "stock": 0,
            "eps": 2.07
        },
        "2007": {
            "cash": 1.4,
            "stock": 0,
            "eps": 2
        },
        "2008": {
            "cash": 1.4,
            "stock": 0,
            "eps": 1.17
        },
        "2009": {
            "cash": 1,
            "stock": 0,
            "eps": 2.07
        },
        "2010": {
            "cash": 1.6,
            "stock": 0,
            "eps": 1.57
        },
        "2011": {
            "cash": 1.4,
            "stock": 0,
            "eps": 1.03
        },
        "2012": {
            "cash": 1,
            "stock": 0,
            "eps": 0.75
        },
        "2013": {
            "cash": 0.7,
            "stock": 0,
            "eps": 0.64
        },
        "2014": {
            "cash": 1,
            "stock": 0,
            "eps": 0.46
        },
        "2015": {
            "cash": 0.6,
            "stock": 0,
            "eps": 0.72
        },
        "2016": {
            "cash": 0.7,
            "stock": 0,
            "eps": 1.77
        },
        "2017": {
            "cash": 1.4,
            "stock": 0,
            "eps": 0.97
        },
        "2018": {
            "cash": 1.2,
            "stock": 0,
            "eps": 0.39
        },
        "2019": {
            "cash": 0.5,
            "stock": 0,
            "eps": 0.54
        },
        "2020": {
            "cash": 0.6,
            "stock": 0,
            "eps": 0.91
        },
        "2021": {
            "cash": 0.8,
            "stock": 0,
            "eps": 1.27
        },
        "2022": {
            "cash": 1,
            "stock": 0,
            "eps": -0.31
        },
        "2023": {
            "cash": 0.5,
            "stock": 0,
            "eps": 0.32
        }
    },
    "dividends": {
        "1997-06-25": {
            "cash": 0.5,
            "stock": 1.5
        },
        "1998-05-25": {
            "cash": 0,
            "stock": 1.64
        },
        "1999-05-20": {
            "cash": 0,
            "stock": 2
        },
        "2000-05-05": {
            "cash": 0,
            "stock": 2
        },
        "2002-06-14": {
            "cash": 0.5,
            "stock": 0
        },
        "2003-06-12": {
            "cash": 0.5,
            "stock": 0
        },
        "2004-03-16": {
            "cash": 0.7,
            "stock": 0
        },
        "2005-03-21": {
            "cash": 0.85,
            "stock": 0
        },
        "2006-03-15": {
            "cash": 1,
            "stock": 0
        },
        "2007-03-19": {
            "cash": 1.4,
            "stock": 0
        },
        "2008-03-24": {
            "cash": 1.4,
            "stock": 0
        },
        "2009-03-23": {
            "cash": 1,
            "stock": 0
        },
        "2010-03-26": {
            "cash": 1.6,
            "stock": 0
        },
        "2011-03-21": {
            "cash": 1.4,
            "stock": 0
        },
        "2012-06-18": {
            "cash": 1,
            "stock": 0
        },
        "2013-06-14": {
            "cash": 0.7,
            "stock": 0
        },
        "2014-06-12": {
            "cash": 1,
            "stock": 0
        },
        "2015-08-07": {
            "cash": 0.6,
            "stock": 0
        },
        "2016-08-12": {
            "cash": 0.7,
            "stock": 0
        },
        "2017-07-28": {
            "cash": 1.4,
            "stock": 0
        },
        "2018-07-20": {
            "cash": 1.2,
            "stock": 0
        },
        "2019-08-02": {
            "cash": 0.5,
            "stock": 0
        },
        "2020-07-17": {
            "cash": 0.6,
            "stock": 0
        },
        "2021-08-06": {
            "cash": 0.8,
            "stock": 0
        },
        "2022-07-29": {
            "cash": 1,
            "stock": 0
        },
        "2023-07-28": {
            "cash": 0.5,
            "stock": 0
        }
    },
    "prices": {
        "200101": "15.69",
        "200102": "15.70",
        "200103": "14.91",
        "200104": "13.58",
        "200105": "12.58",
        "200106": "12.31",
        "200107": "11.30",
        "200108": "11.11",
        "200109": "11.21",
        "200110": "10.79",
        "200111": "10.52",
        "200112": "11.18",
        "200201": "10.85",
        "200202": "11.25",
        "200203": "15.13",
        "200204": "16.29",
        "200205": "12.50",
        "200206": "12.26",
        "200207": "11.66",
        "200208": "10.90",
        "200209": "11.13",
        "200210": "11.30",
        "200211": "11.30",
        "200212": "10.76",
        "200301": "11.34",
        "200302": "10.46",
        "200303": "10.02",
        "200304": "9.52",
        "200305": "8.78",
        "200306": "9.36",
        "200307": "8.88",
        "200308": "8.53",
        "200309": "8.59",
        "200310": "8.71",
        "200311": "8.88",
        "200312": "9.13",
        "200401": "9.50",
        "200402": "10.64",
        "200403": "10.96",
        "200404": "11.65",
        "200405": "11.47",
        "200406": "11.64",
        "200407": "11.11",
        "200408": "10.23",
        "200409": "10.61",
        "200410": "10.52",
        "200411": "9.77",
        "200412": "9.74",
        "200501": "9.77",
        "200502": "10.60",
        "200503": "10.56",
        "200504": "10.49",
        "200505": "10.29",
        "200506": "10.38",
        "200507": "10.00",
        "200508": "9.94",
        "200509": "9.93",
        "200510": "10.16",
        "200511": "10.35",
        "200512": "10.44",
        "200601": "10.61",
        "200602": "10.51",
        "200603": "10.53",
        "200604": "11.08",
        "200605": "13.75",
        "200606": "13.72",
        "200607": "13.91",
        "200608": "14.03",
        "200609": "14.96",
        "200610": "15.78",
        "200611": "18.07",
        "200612": "19.63",
        "200701": "21.14",
        "200702": "25.01",
        "200703": "27.52",
        "200704": "25.60",
        "200705": "24.59",
        "200706": "26.44",
        "200707": "29.74",
        "200708": "24.38",
        "200709": "21.07",
        "200710": "20.59",
        "200711": "17.51",
        "200712": "16.02",
        "200801": "15.83",
        "200802": "15.08",
        "200803": "16.20",
        "200804": "18.06",
        "200805": "17.87",
        "200806": "17.15",
        "200807": "15.16",
        "200808": "12.90",
        "200809": "12.67",
        "200810": "11.27",
        "200811": "10.73",
        "200812": "10.37",
        "200901": "10.87",
        "200902": "10.69",
        "200903": "11.67",
        "200904": "13.60",
        "200905": "14.64",
        "200906": "14.98",
        "200907": "15.18",
        "200908": "15.80",
        "200909": "18.47",
        "200910": "19.17",
        "200911": "18.82",
        "200912": "19.85",
        "201001": "21.50",
        "201002": "20.59",
        "201003": "22.89",
        "201004": "25.99",
        "201005": "24.33",
        "201006": "24.21",
        "201007": "24.37",
        "201008": "23.82",
        "201009": "24.42",
        "201010": "23.82",
        "201011": "20.38",
        "201012": "20.46",
        "201101": "20.26",
        "201102": "20.33",
        "201103": "19.47",
        "201104": "20.51",
        "201105": "21.60",
        "201106": "21.53",
        "201107": "20.79",
        "201108": "19.56",
        "201109": "19.30",
        "201110": "19.06",
        "201111": "16.85",
        "201112": "15.66",
        "201201": "15.80",
        "201202": "17.47",
        "201203": "17.67",
        "201204": "17.37",
        "201205": "17.21",
        "201206": "17.01",
        "201207": "16.42",
        "201208": "16.31",
        "201209": "16.44",
        "201210": "16.20",
        "201211": "15.07",
        "201212": "15.10",
        "201301": "15.49",
        "201302": "15.83",
        "201303": "16.06",
        "201304": "16.00",
        "201305": "16.09",
        "201306": "19.68",
        "201307": "19.81",
        "201308": "16.96",
        "201309": "16.49",
        "201310": "16.49",
        "201311": "15.85",
        "201312": "15.60",
        "201401": "16.09",
        "201402": "15.95",
        "201403": "16.44",
        "201404": "16.72",
        "201405": "16.58",
        "201406": "16.35",
        "201407": "15.70",
        "201408": "14.68",
        "201409": "14.23",
        "201410": "13.87",
        "201411": "13.87",
        "201412": "13.80",
        "201501": "14.10",
        "201502": "14.14",
        "201503": "14.45",
        "201504": "14.79",
        "201505": "14.05",
        "201506": "13.75",
        "201507": "13.18",
        "201508": "12.13",
        "201509": "11.45",
        "201510": "11.95",
        "201511": "11.84",
        "201512": "12.02",
        "201601": "11.87",
        "201602": "11.98",
        "201603": "12.61",
        "201604": "13.03",
        "201605": "13.45",
        "201606": "14.25",
        "201607": "14.40",
        "201608": "15.53",
        "201609": "22.33",
        "201610": "20.90",
        "201611": "19.08",
        "201612": "20.70",
        "201701": "20.93",
        "201702": "21.52",
        "201703": "21.68",
        "201704": "21.21",
        "201705": "20.76",
        "201706": "20.49",
        "201707": "19.38",
        "201708": "18.78",
        "201709": "18.12",
        "201710": "17.54",
        "201711": "17.07",
        "201712": "16.75",
        "201801": "16.75",
        "201802": "16.22",
        "201803": "16.93",
        "201804": "17.45",
        "201805": "17.28",
        "201806": "17.64",
        "201807": "16.37",
        "201808": "16.56",
        "201809": "16.14",
        "201810": "15.61",
        "201811": "15.23",
        "201812": "15.09",
        "201901": "15.62",
        "201902": "16.02",
        "201903": "15.80",
        "201904": "15.63",
        "201905": "15.26",
        "201906": "15.07",
        "201907": "14.56",
        "201908": "14.06",
        "201909": "13.94",
        "201910": "13.88",
        "201911": "13.98",
        "201912": "14.09",
        "202001": "14.18",
        "202002": "13.85",
        "202003": "12.82",
        "202004": "13.22",
        "202005": "13.86",
        "202006": "14.33",
        "202007": "13.34",
        "202008": "13.38",
        "202009": "13.38",
        "202010": "13.45",
        "202011": "13.78",
        "202012": "14.34",
        "202101": "14.26",
        "202102": "14.09",
        "202103": "15.15",
        "202104": "17.61",
        "202105": "18.60",
        "202106": "19.16",
        "202107": "18.35",
        "202108": "17.36",
        "202109": "19.60",
        "202110": "20.11",
        "202111": "20.62",
        "202112": "19.09",
        "202201": "18.49",
        "202202": "18.26",
        "202203": "18.17",
        "202204": "18.41",
        "202205": "16.67",
        "202206": "16.34",
        "202207": "15.03",
        "202208": "15.07",
        "202209": "14.87",
        "202210": "14.16",
        "202211": "14.43",
        "202212": "14.95",
        "202301": "14.90",
        "202302": "14.99",
        "202303": "14.99",
        "202304": "15.33",
        "202305": "17.02",
        "202306": "17.01",
        "202307": "16.48",
        "202308": "15.46",
        "202309": "15.93",
        "202310": "15.77",
        "202311": "15.88",
        "202312": "16.26"
    },
    "quarters": {
        "20011": {
            "year_quarter": 20011,
            "year": 2001,
            "quarter": 1,
            "eps": 0.32,
            "eps_growth_year": -27.27,
            "eps_4q": 1.14,
            "eps_4q_growth_year": -50.78,
            "roe": 2.29,
            "roe_4q": 2.29,
            "gross_profit": 52754,
            "gross_margin": 11.44,
            "gross_margin_4q_avg": 11.44,
            "net_income": 18498,
            "net_income_4q": null,
            "revenue": 460962,
            "revenue_4q": null,
            "common_shares": 576000,
            "book_valuer_per_share": 14.18,
            "book_valuer_per_share_4q_avg": 14.18,
            "equity": 816723,
            "current_ratio": 219.68,
            "debt_ratio": 34.63,
            "inventory_turnover_ratio": 1.83,
            "account_receivable_turnover_ratio": null,
            "reinvestment_rate": null,
            "research_to_sale_ratio": null,
            "price_fair": 0,
            "eps_avg_yearly": 0,
            "eps_latest_yearly": 0,
            "eps_growth_yearly": 0
        },
        "20012": {
            "year_quarter": 20012,
            "year": 2001,
            "quarter": 2,
            "eps": -0.06,
            "eps_growth_year": -110.17,
            "eps_4q": 0.49,
            "eps_4q_growth_year": -72.43,
            "roe": -0.46,
            "roe_4q": 1.83,
            "gross_profit": 53177,
            "gross_margin": 11.02,
            "gross_margin_4q_avg": 11.23,
            "net_income": -3688,
            "net_income_4q": null,
            "revenue": 482744,
            "revenue_4q": null,
            "common_shares": 576000,
            "book_valuer_per_share": 13.46,
            "book_valuer_per_share_4q_avg": 13.82,
            "equity": 775413,
            "current_ratio": 199.25,
            "debt_ratio": 37.92,
            "inventory_turnover_ratio": 1.93,
            "account_receivable_turnover_ratio": null,
            "reinvestment_rate": null,
            "research_to_sale_ratio": null,
            "price_fair": 0,
            "eps_avg_yearly": 0,
            "eps_latest_yearly": 0,
            "eps_growth_yearly": 0
        },
        "20013": {
            "year_quarter": 20013,
            "year": 2001,
            "quarter": 3,
            "eps": 0.19,
            "eps_growth_year": null,
            "eps_4q": 0.67,
            "eps_4q_growth_year": -54.61,
            "roe": 1.48,
            "roe_4q": 3.31,
            "gross_profit": 47639,
            "gross_margin": 10.46,
            "gross_margin_4q_avg": 10.97,
            "net_income": 11538,
            "net_income_4q": null,
            "revenue": 455502,
            "revenue_4q": null,
            "common_shares": 610560,
            "book_valuer_per_share": 12.89,
            "book_valuer_per_share_4q_avg": 13.51,
            "equity": 786951,
            "current_ratio": 207,
            "debt_ratio": 36.87,
            "inventory_turnover_ratio": 1.95,
            "account_receivable_turnover_ratio": null,
            "reinvestment_rate": null,
            "research_to_sale_ratio": null,
            "price_fair": 0,
            "eps_avg_yearly": 0,
            "eps_latest_yearly": 0,
            "eps_growth_yearly": 0
        },
        "20014": {
            "year_quarter": 20014,
            "year": 2001,
            "quarter": 4,
            "eps": 0.24,
            "eps_growth_year": 0,
            "eps_4q": 0.68,
            "eps_4q_growth_year": -42.01,
            "roe": 1.82,
            "roe_4q": 5.13,
            "gross_profit": 51892,
            "gross_margin": 11.45,
            "gross_margin_4q_avg": 11.09,
            "net_income": 14450,
            "net_income_4q": null,
            "revenue": 453192,
            "revenue_4q": null,
            "common_shares": 610560,
            "book_valuer_per_share": 13.13,
            "book_valuer_per_share_4q_avg": 13.42,
            "equity": 801401,
            "current_ratio": 217.62,
            "debt_ratio": 39.35,
            "inventory_turnover_ratio": 2.08,
            "account_receivable_turnover_ratio": null,
            "reinvestment_rate": null,
            "research_to_sale_ratio": null,
            "price_fair": 0,
            "eps_avg_yearly": 0,
            "eps_latest_yearly": 0,
            "eps_growth_yearly": 0
        },
        "20021": {
            "year_quarter": 20021,
            "year": 2002,
            "quarter": 1,
            "eps": 0.02,
            "eps_growth_year": -93.75,
            "eps_4q": 0.54,
            "eps_4q_growth_year": -52.91,
            "roe": 0.11,
            "roe_4q": 2.95,
            "gross_profit": 41088,
            "gross_margin": 9.53,
            "gross_margin_4q_avg": 10.62,
            "net_income": 862,
            "net_income_4q": null,
            "revenue": 431147,
            "revenue_4q": null,
            "common_shares": 610560,
            "book_valuer_per_share": 12.53,
            "book_valuer_per_share_4q_avg": 13,
            "equity": 765291,
            "current_ratio": 207.61,
            "debt_ratio": 42.22,
            "inventory_turnover_ratio": 2.11,
            "account_receivable_turnover_ratio": null,
            "reinvestment_rate": null,
            "research_to_sale_ratio": null,
            "price_fair": 0.24,
            "eps_avg_yearly": 0.08,
            "eps_latest_yearly": 0.08,
            "eps_growth_yearly": -366.67
        },
        "20022": {
            "year_quarter": 20022,
            "year": 2002,
            "quarter": 2,
            "eps": 0.52,
            "eps_growth_year": null,
            "eps_4q": 1,
            "eps_4q_growth_year": 104.54,
            "roe": 3.81,
            "roe_4q": 7.220000000000001,
            "gross_profit": 68953,
            "gross_margin": 11.96,
            "gross_margin_4q_avg": 10.85,
            "net_income": 29342,
            "net_income_4q": null,
            "revenue": 576373,
            "revenue_4q": null,
            "common_shares": 610560,
            "book_valuer_per_share": 12.68,
            "book_valuer_per_share_4q_avg": 12.81,
            "equity": 773890,
            "current_ratio": 196.17,
            "debt_ratio": 43.88,
            "inventory_turnover_ratio": 2.62,
            "account_receivable_turnover_ratio": null,
            "reinvestment_rate": null,
            "research_to_sale_ratio": null,
            "price_fair": 37.8,
            "eps_avg_yearly": 1.08,
            "eps_latest_yearly": 2.08,
            "eps_growth_yearly": 4816.67
        },
        "20023": {
            "year_quarter": 20023,
            "year": 2002,
            "quarter": 3,
            "eps": 0.02,
            "eps_growth_year": -89.47,
            "eps_4q": 0.92,
            "eps_4q_growth_year": 38.22,
            "roe": 0.13,
            "roe_4q": 5.87,
            "gross_profit": 49576,
            "gross_margin": 8.79,
            "gross_margin_4q_avg": 10.43,
            "net_income": 993,
            "net_income_4q": null,
            "revenue": 563746,
            "revenue_4q": null,
            "common_shares": 610560,
            "book_valuer_per_share": 12.69,
            "book_valuer_per_share_4q_avg": 12.76,
            "equity": 774883,
            "current_ratio": 186.74,
            "debt_ratio": 44.76,
            "inventory_turnover_ratio": 2.47,
            "account_receivable_turnover_ratio": null,
            "reinvestment_rate": null,
            "research_to_sale_ratio": null,
            "price_fair": 26.13,
            "eps_avg_yearly": 0.75,
            "eps_latest_yearly": 0.08,
            "eps_growth_yearly": 3082.91
        },
        "20024": {
            "year_quarter": 20024,
            "year": 2002,
            "quarter": 4,
            "eps": 0.19,
            "eps_growth_year": -20.83,
            "eps_4q": 0.72,
            "eps_4q_growth_year": 6.2,
            "roe": 1.43,
            "roe_4q": 5.48,
            "gross_profit": 57064,
            "gross_margin": 10.3,
            "gross_margin_4q_avg": 10.15,
            "net_income": 11191,
            "net_income_4q": null,
            "revenue": 554118,
            "revenue_4q": null,
            "common_shares": 610560,
            "book_valuer_per_share": 12.87,
            "book_valuer_per_share_4q_avg": 12.69,
            "equity": 786074,
            "current_ratio": 183.14,
            "debt_ratio": 45.55,
            "inventory_turnover_ratio": 2.16,
            "account_receivable_turnover_ratio": null,
            "reinvestment_rate": 82.04,
            "research_to_sale_ratio": null,
            "price_fair": 26.25,
            "eps_avg_yearly": 0.75,
            "eps_latest_yearly": 0.76,
            "eps_growth_yearly": 3162.18
        },
        "20031": {
            "year_quarter": 20031,
            "year": 2003,
            "quarter": 1,
            "eps": 0.16,
            "eps_growth_year": 700,
            "eps_4q": 0.87,
            "eps_4q_growth_year": 61.92,
            "roe": 1.19,
            "roe_4q": 6.5600000000000005,
            "gross_profit": 44698,
            "gross_margin": 8.67,
            "gross_margin_4q_avg": 9.93,
            "net_income": 9356,
            "net_income_4q": null,
            "revenue": 515745,
            "revenue_4q": null,
            "common_shares": 610560,
            "book_valuer_per_share": 12.9,
            "book_valuer_per_share_4q_avg": 12.79,
            "equity": 787590,
            "current_ratio": 206.66,
            "debt_ratio": 41.15,
            "inventory_turnover_ratio": 1.92,
            "account_receivable_turnover_ratio": null,
            "reinvestment_rate": 81.68,
            "research_to_sale_ratio": null,
            "price_fair": 25.48,
            "eps_avg_yearly": 0.73,
            "eps_latest_yearly": 0.64,
            "eps_growth_yearly": 2517.11
        },
        "20032": {
            "year_quarter": 20032,
            "year": 2003,
            "quarter": 2,
            "eps": 0.26,
            "eps_growth_year": -50,
            "eps_4q": 0.63,
            "eps_4q_growth_year": -36.8,
            "roe": 1.94,
            "roe_4q": 4.6899999999999995,
            "gross_profit": 48531,
            "gross_margin": 9.33,
            "gross_margin_4q_avg": 9.27,
            "net_income": 15161,
            "net_income_4q": null,
            "revenue": 520038,
            "revenue_4q": null,
            "common_shares": 610560,
            "book_valuer_per_share": 12.75,
            "book_valuer_per_share_4q_avg": 12.8,
            "equity": 778445,
            "current_ratio": 200.25,
            "debt_ratio": 42.26,
            "inventory_turnover_ratio": 1.98,
            "account_receivable_turnover_ratio": null,
            "reinvestment_rate": 87.74,
            "research_to_sale_ratio": null,
            "price_fair": 27.3,
            "eps_avg_yearly": 0.78,
            "eps_latest_yearly": 1.04,
            "eps_growth_yearly": 2139.26
        },
        "20033": {
            "year_quarter": 20033,
            "year": 2003,
            "quarter": 3,
            "eps": 0.1,
            "eps_growth_year": 400,
            "eps_4q": 0.73,
            "eps_4q_growth_year": -20.42,
            "roe": 0.72,
            "roe_4q": 5.28,
            "gross_profit": 44547,
            "gross_margin": 7.91,
            "gross_margin_4q_avg": 9.05,
            "net_income": 5653,
            "net_income_4q": null,
            "revenue": 563322,
            "revenue_4q": null,
            "common_shares": 610560,
            "book_valuer_per_share": 12.84,
            "book_valuer_per_share_4q_avg": 12.84,
            "equity": 784098,
            "current_ratio": 194.43,
            "debt_ratio": 42.85,
            "inventory_turnover_ratio": 2.15,
            "account_receivable_turnover_ratio": null,
            "reinvestment_rate": 74.97,
            "research_to_sale_ratio": null,
            "price_fair": 25.4,
            "eps_avg_yearly": 0.73,
            "eps_latest_yearly": 0.4,
            "eps_growth_yearly": 1798.49
        },
        "20034": {
            "year_quarter": 20034,
            "year": 2003,
            "quarter": 4,
            "eps": 0.47,
            "eps_growth_year": 147.37,
            "eps_4q": 0.99,
            "eps_4q_growth_year": 38.03,
            "roe": 3.4,
            "roe_4q": 7.25,
            "gross_profit": 69475,
            "gross_margin": 9.48,
            "gross_margin_4q_avg": 8.85,
            "net_income": 27094,
            "net_income_4q": null,
            "revenue": 732661,
            "revenue_4q": null,
            "common_shares": 610560,
            "book_valuer_per_share": 13.29,
            "book_valuer_per_share_4q_avg": 12.95,
            "equity": 811192,
            "current_ratio": 172.69,
            "debt_ratio": 48.34,
            "inventory_turnover_ratio": 2.57,
            "account_receivable_turnover_ratio": null,
            "reinvestment_rate": 57.21,
            "research_to_sale_ratio": null,
            "price_fair": 30.45,
            "eps_avg_yearly": 0.87,
            "eps_latest_yearly": 1.88,
            "eps_growth_yearly": 1758.68
        },
        "20041": {
            "year_quarter": 20041,
            "year": 2004,
            "quarter": 1,
            "eps": 0.44,
            "eps_growth_year": 175,
            "eps_4q": 1.26,
            "eps_4q_growth_year": 45.19,
            "roe": 3.11,
            "roe_4q": 9.17,
            "gross_profit": 61194,
            "gross_margin": 9.24,
            "gross_margin_4q_avg": 8.99,
            "net_income": 25602,
            "net_income_4q": null,
            "revenue": 662539,
            "revenue_4q": null,
            "common_shares": 610560,
            "book_valuer_per_share": 13.71,
            "book_valuer_per_share_4q_avg": 13.15,
            "equity": 836794,
            "current_ratio": 190.08,
            "debt_ratio": 44.21,
            "inventory_turnover_ratio": 2.3,
            "account_receivable_turnover_ratio": null,
            "reinvestment_rate": 46,
            "research_to_sale_ratio": null,
            "price_fair": 33.91,
            "eps_avg_yearly": 0.97,
            "eps_latest_yearly": 1.76,
            "eps_growth_yearly": 1560.43
        },
        "20042": {
            "year_quarter": 20042,
            "year": 2004,
            "quarter": 2,
            "eps": 0.28,
            "eps_growth_year": 7.69,
            "eps_4q": 1.29,
            "eps_4q_growth_year": 104.29,
            "roe": 1.98,
            "roe_4q": 9.21,
            "gross_profit": 63816,
            "gross_margin": 9.18,
            "gross_margin_4q_avg": 8.95,
            "net_income": 16244,
            "net_income_4q": null,
            "revenue": 695068,
            "revenue_4q": null,
            "common_shares": 610560,
            "book_valuer_per_share": 13.24,
            "book_valuer_per_share_4q_avg": 13.27,
            "equity": 808114,
            "current_ratio": 173.49,
            "debt_ratio": 48.1,
            "inventory_turnover_ratio": 2.15,
            "account_receivable_turnover_ratio": null,
            "reinvestment_rate": 48.32,
            "research_to_sale_ratio": null,
            "price_fair": 34.44,
            "eps_avg_yearly": 0.98,
            "eps_latest_yearly": 1.12,
            "eps_growth_yearly": 1389.84
        },
        "20043": {
            "year_quarter": 20043,
            "year": 2004,
            "quarter": 3,
            "eps": 0.05,
            "eps_growth_year": -50,
            "eps_4q": 1.21,
            "eps_4q_growth_year": 64.82,
            "roe": 0.37,
            "roe_4q": 8.86,
            "gross_profit": 45151,
            "gross_margin": 5.6,
            "gross_margin_4q_avg": 8.38,
            "net_income": 2982,
            "net_income_4q": null,
            "revenue": 805640,
            "revenue_4q": null,
            "common_shares": 610560,
            "book_valuer_per_share": 13.28,
            "book_valuer_per_share_4q_avg": 13.38,
            "equity": 811095,
            "current_ratio": 170.64,
            "debt_ratio": 49.17,
            "inventory_turnover_ratio": 2.37,
            "account_receivable_turnover_ratio": null,
            "reinvestment_rate": 37.76,
            "research_to_sale_ratio": null,
            "price_fair": 31.95,
            "eps_avg_yearly": 0.91,
            "eps_latest_yearly": 0.2,
            "eps_growth_yearly": 1233.62
        },
        "20044": {
            "year_quarter": 20044,
            "year": 2004,
            "quarter": 4,
            "eps": 0.38,
            "eps_growth_year": -19.15,
            "eps_4q": 1.15,
            "eps_4q_growth_year": 16.23,
            "roe": 2.68,
            "roe_4q": 8.14,
            "gross_profit": 85359,
            "gross_margin": 10.01,
            "gross_margin_4q_avg": 8.51,
            "net_income": 21993,
            "net_income_4q": null,
            "revenue": 853134,
            "revenue_4q": null,
            "common_shares": 610560,
            "book_valuer_per_share": 13.64,
            "book_valuer_per_share_4q_avg": 13.47,
            "equity": 833089,
            "current_ratio": 176.51,
            "debt_ratio": 48.95,
            "inventory_turnover_ratio": 2.46,
            "account_receivable_turnover_ratio": null,
            "reinvestment_rate": 18.39,
            "research_to_sale_ratio": null,
            "price_fair": 33.72,
            "eps_avg_yearly": 0.96,
            "eps_latest_yearly": 1.52,
            "eps_growth_yearly": 1350.82
        },
        "20051": {
            "year_quarter": 20051,
            "year": 2005,
            "quarter": 1,
            "eps": 0.17,
            "eps_growth_year": -61.36,
            "eps_4q": 0.88,
            "eps_4q_growth_year": -30.56,
            "roe": 1.18,
            "roe_4q": 6.210000000000001,
            "gross_profit": 47003,
            "gross_margin": 6.22,
            "gross_margin_4q_avg": 7.75,
            "net_income": 9907,
            "net_income_4q": null,
            "revenue": 755699,
            "revenue_4q": null,
            "common_shares": 610560,
            "book_valuer_per_share": 13.91,
            "book_valuer_per_share_4q_avg": 13.52,
            "equity": 849022,
            "current_ratio": 172.46,
            "debt_ratio": 48.67,
            "inventory_turnover_ratio": 2.12,
            "account_receivable_turnover_ratio": null,
            "reinvestment_rate": 17.82,
            "research_to_sale_ratio": null,
            "price_fair": 32.95,
            "eps_avg_yearly": 0.94,
            "eps_latest_yearly": 0.68,
            "eps_growth_yearly": 1229.91
        },
        "20052": {
            "year_quarter": 20052,
            "year": 2005,
            "quarter": 2,
            "eps": 0.32,
            "eps_growth_year": 14.29,
            "eps_4q": 0.91,
            "eps_4q_growth_year": -28.89,
            "roe": 2.26,
            "roe_4q": 6.489999999999999,
            "gross_profit": 57704,
            "gross_margin": 7.59,
            "gross_margin_4q_avg": 7.36,
            "net_income": 18782,
            "net_income_4q": null,
            "revenue": 760100,
            "revenue_4q": null,
            "common_shares": 610560,
            "book_valuer_per_share": 13.32,
            "book_valuer_per_share_4q_avg": 13.54,
            "equity": 813356,
            "current_ratio": 164.79,
            "debt_ratio": 51.05,
            "inventory_turnover_ratio": 2.04,
            "account_receivable_turnover_ratio": null,
            "reinvestment_rate": 15.42,
            "research_to_sale_ratio": null,
            "price_fair": 33.8,
            "eps_avg_yearly": 0.97,
            "eps_latest_yearly": 1.28,
            "eps_growth_yearly": 1167.27
        },
        "20053": {
            "year_quarter": 20053,
            "year": 2005,
            "quarter": 3,
            "eps": 0.57,
            "eps_growth_year": 1040,
            "eps_4q": 1.45,
            "eps_4q_growth_year": 20.07,
            "roe": 3.97,
            "roe_4q": 10.09,
            "gross_profit": 57044,
            "gross_margin": 8.26,
            "gross_margin_4q_avg": 8.02,
            "net_income": 32905,
            "net_income_4q": null,
            "revenue": 690229,
            "revenue_4q": null,
            "common_shares": 610560,
            "book_valuer_per_share": 13.86,
            "book_valuer_per_share_4q_avg": 13.68,
            "equity": 846262,
            "current_ratio": 177.31,
            "debt_ratio": 46.85,
            "inventory_turnover_ratio": 1.96,
            "account_receivable_turnover_ratio": null,
            "reinvestment_rate": 22.12,
            "research_to_sale_ratio": null,
            "price_fair": 36.87,
            "eps_avg_yearly": 1.05,
            "eps_latest_yearly": 2.28,
            "eps_growth_yearly": 1110.28
        },
        "20054": {
            "year_quarter": 20054,
            "year": 2005,
            "quarter": 4,
            "eps": 0.53,
            "eps_growth_year": 39.47,
            "eps_4q": 1.59,
            "eps_4q_growth_year": 37.78,
            "roe": 3.57,
            "roe_4q": 10.98,
            "gross_profit": 84341,
            "gross_margin": 11.37,
            "gross_margin_4q_avg": 8.36,
            "net_income": 30777,
            "net_income_4q": null,
            "revenue": 741476,
            "revenue_4q": null,
            "common_shares": 610560,
            "book_valuer_per_share": 14.41,
            "book_valuer_per_share_4q_avg": 13.88,
            "equity": 879791,
            "current_ratio": 200.24,
            "debt_ratio": 42.36,
            "inventory_turnover_ratio": 2.18,
            "account_receivable_turnover_ratio": null,
            "reinvestment_rate": -26.03,
            "research_to_sale_ratio": null,
            "price_fair": 39.2,
            "eps_avg_yearly": 1.12,
            "eps_latest_yearly": 2.12,
            "eps_growth_yearly": 1039.14
        },
        "20061": {
            "year_quarter": 20061,
            "year": 2006,
            "quarter": 1,
            "eps": 0.61,
            "eps_growth_year": 258.82,
            "eps_4q": 2.04,
            "eps_4q_growth_year": 132.2,
            "roe": 3.93,
            "roe_4q": 13.73,
            "gross_profit": 72826,
            "gross_margin": 10.94,
            "gross_margin_4q_avg": 9.54,
            "net_income": 35248,
            "net_income_4q": null,
            "revenue": 665733,
            "revenue_4q": null,
            "common_shares": 610560,
            "book_valuer_per_share": 15,
            "book_valuer_per_share_4q_avg": 14.15,
            "equity": 915741,
            "current_ratio": 199.44,
            "debt_ratio": 39.13,
            "inventory_turnover_ratio": 2.24,
            "account_receivable_turnover_ratio": null,
            "reinvestment_rate": -20.01,
            "research_to_sale_ratio": null,
            "price_fair": 44.36,
            "eps_avg_yearly": 1.27,
            "eps_latest_yearly": 2.44,
            "eps_growth_yearly": 1065.83
        },
        "20062": {
            "year_quarter": 20062,
            "year": 2006,
            "quarter": 2,
            "eps": 0.74,
            "eps_growth_year": 131.25,
            "eps_4q": 2.46,
            "eps_4q_growth_year": 168.9,
            "roe": 4.7,
            "roe_4q": 16.17,
            "gross_profit": 85226,
            "gross_margin": 9.9,
            "gross_margin_4q_avg": 10.12,
            "net_income": 42598,
            "net_income_4q": null,
            "revenue": 860981,
            "revenue_4q": null,
            "common_shares": 610560,
            "book_valuer_per_share": 14.68,
            "book_valuer_per_share_4q_avg": 14.49,
            "equity": 896563,
            "current_ratio": 163.82,
            "debt_ratio": 48.06,
            "inventory_turnover_ratio": 2.88,
            "account_receivable_turnover_ratio": null,
            "reinvestment_rate": -19.7,
            "research_to_sale_ratio": null,
            "price_fair": 46.29,
            "eps_avg_yearly": 1.32,
            "eps_latest_yearly": 2.96,
            "eps_growth_yearly": 446.15
        },
        "20063": {
            "year_quarter": 20063,
            "year": 2006,
            "quarter": 3,
            "eps": 0.84,
            "eps_growth_year": 47.37,
            "eps_4q": 2.73,
            "eps_4q_growth_year": 88.22,
            "roe": 5.25,
            "roe_4q": 17.45,
            "gross_profit": 99682,
            "gross_margin": 10.91,
            "gross_margin_4q_avg": 10.78,
            "net_income": 48396,
            "net_income_4q": null,
            "revenue": 913910,
            "revenue_4q": null,
            "common_shares": 610560,
            "book_valuer_per_share": 15.54,
            "book_valuer_per_share_4q_avg": 14.91,
            "equity": 948598,
            "current_ratio": 165,
            "debt_ratio": 48.59,
            "inventory_turnover_ratio": 2.8,
            "account_receivable_turnover_ratio": null,
            "reinvestment_rate": -15.45,
            "research_to_sale_ratio": null,
            "price_fair": 53.46,
            "eps_avg_yearly": 1.53,
            "eps_latest_yearly": 3.36,
            "eps_growth_yearly": 473.57
        },
        "20064": {
            "year_quarter": 20064,
            "year": 2006,
            "quarter": 4,
            "eps": -0.12,
            "eps_growth_year": -122.64,
            "eps_4q": 2.05,
            "eps_4q_growth_year": 28.88,
            "roe": -0.74,
            "roe_4q": 13.14,
            "gross_profit": 22077,
            "gross_margin": 2.7,
            "gross_margin_4q_avg": 8.61,
            "net_income": -7081,
            "net_income_4q": null,
            "revenue": 816999,
            "revenue_4q": null,
            "common_shares": 610560,
            "book_valuer_per_share": 15.87,
            "book_valuer_per_share_4q_avg": 15.27,
            "equity": 968753,
            "current_ratio": 181.25,
            "debt_ratio": 44.22,
            "inventory_turnover_ratio": 2.62,
            "account_receivable_turnover_ratio": null,
            "reinvestment_rate": -5.66,
            "research_to_sale_ratio": null,
            "price_fair": 55.25,
            "eps_avg_yearly": 1.58,
            "eps_latest_yearly": 3.36,
            "eps_growth_yearly": 278.48
        },
        "20071": {
            "year_quarter": 20071,
            "year": 2007,
            "quarter": 1,
            "eps": 1.05,
            "eps_growth_year": 72.13,
            "eps_4q": 2.45,
            "eps_4q_growth_year": 20.26,
            "roe": 6.2,
            "roe_4q": 15.41,
            "gross_profit": 71968,
            "gross_margin": 9.13,
            "gross_margin_4q_avg": 8.16,
            "net_income": 62945,
            "net_income_4q": null,
            "revenue": 787839,
            "revenue_4q": null,
            "common_shares": 610560,
            "book_valuer_per_share": 17.39,
            "book_valuer_per_share_4q_avg": 15.87,
            "equity": 1061547,
            "current_ratio": 198.15,
            "debt_ratio": 37.07,
            "inventory_turnover_ratio": 2.28,
            "account_receivable_turnover_ratio": null,
            "reinvestment_rate": -8.44,
            "research_to_sale_ratio": null,
            "price_fair": 57.6,
            "eps_avg_yearly": 1.65,
            "eps_latest_yearly": 3.36,
            "eps_growth_yearly": 302.88
        },
        "20072": {
            "year_quarter": 20072,
            "year": 2007,
            "quarter": 2,
            "eps": 0.18,
            "eps_growth_year": -75.68,
            "eps_4q": 1.9,
            "eps_4q_growth_year": -22.85,
            "roe": 1.07,
            "roe_4q": 11.780000000000001,
            "gross_profit": 59151,
            "gross_margin": 5.84,
            "gross_margin_4q_avg": 7.15,
            "net_income": 10931,
            "net_income_4q": null,
            "revenue": 1012593,
            "revenue_4q": null,
            "common_shares": 610560,
            "book_valuer_per_share": 16.23,
            "book_valuer_per_share_4q_avg": 16.26,
            "equity": 990655,
            "current_ratio": 154.91,
            "debt_ratio": 48.98,
            "inventory_turnover_ratio": 2.8,
            "account_receivable_turnover_ratio": null,
            "reinvestment_rate": -5.27,
            "research_to_sale_ratio": null,
            "price_fair": 56.8,
            "eps_avg_yearly": 1.62,
            "eps_latest_yearly": 0.72,
            "eps_growth_yearly": 261.35
        },
        "20073": {
            "year_quarter": 20073,
            "year": 2007,
            "quarter": 3,
            "eps": 0.38,
            "eps_growth_year": -54.76,
            "eps_4q": 1.47,
            "eps_4q_growth_year": -45.94,
            "roe": 2.31,
            "roe_4q": 8.84,
            "gross_profit": 43396,
            "gross_margin": 4.92,
            "gross_margin_4q_avg": 5.65,
            "net_income": 23213,
            "net_income_4q": null,
            "revenue": 882557,
            "revenue_4q": null,
            "common_shares": 610560,
            "book_valuer_per_share": 16.66,
            "book_valuer_per_share_4q_avg": 16.54,
            "equity": 1017384,
            "current_ratio": 166.83,
            "debt_ratio": 44.83,
            "inventory_turnover_ratio": 2.35,
            "account_receivable_turnover_ratio": null,
            "reinvestment_rate": -3.61,
            "research_to_sale_ratio": null,
            "price_fair": 59.6,
            "eps_avg_yearly": 1.7,
            "eps_latest_yearly": 1.52,
            "eps_growth_yearly": 310.68
        },
        "20074": {
            "year_quarter": 20074,
            "year": 2007,
            "quarter": 4,
            "eps": 0.39,
            "eps_growth_year": null,
            "eps_4q": 2,
            "eps_4q_growth_year": -2.54,
            "roe": 2.29,
            "roe_4q": 11.870000000000001,
            "gross_profit": 55742,
            "gross_margin": 6.34,
            "gross_margin_4q_avg": 6.56,
            "net_income": 23548,
            "net_income_4q": null,
            "revenue": 878660,
            "revenue_4q": null,
            "common_shares": 610560,
            "book_valuer_per_share": 17.02,
            "book_valuer_per_share_4q_avg": 16.83,
            "equity": 1039229,
            "current_ratio": 191.31,
            "debt_ratio": 42.67,
            "inventory_turnover_ratio": 2.26,
            "account_receivable_turnover_ratio": null,
            "reinvestment_rate": -2.14,
            "research_to_sale_ratio": null,
            "price_fair": 58.8,
            "eps_avg_yearly": 1.68,
            "eps_latest_yearly": 1.56,
            "eps_growth_yearly": 205.71
        },
        "20081": {
            "year_quarter": 20081,
            "year": 2008,
            "quarter": 1,
            "eps": 0.25,
            "eps_growth_year": -76.19,
            "eps_4q": 1.18,
            "eps_4q_growth_year": -51.94,
            "roe": 1.49,
            "roe_4q": 7.16,
            "gross_profit": 52934,
            "gross_margin": 8.52,
            "gross_margin_4q_avg": 6.41,
            "net_income": 15553,
            "net_income_4q": null,
            "revenue": 621051,
            "revenue_4q": null,
            "common_shares": 610560,
            "book_valuer_per_share": 17.28,
            "book_valuer_per_share_4q_avg": 16.8,
            "equity": 1055036,
            "current_ratio": 236.04,
            "debt_ratio": 33.93,
            "inventory_turnover_ratio": 1.53,
            "account_receivable_turnover_ratio": null,
            "reinvestment_rate": -1.34,
            "research_to_sale_ratio": null,
            "price_fair": 56.9,
            "eps_avg_yearly": 1.63,
            "eps_latest_yearly": 1,
            "eps_growth_yearly": 197.28
        },
        "20082": {
            "year_quarter": 20082,
            "year": 2008,
            "quarter": 2,
            "eps": 0.66,
            "eps_growth_year": 266.67,
            "eps_4q": 1.68,
            "eps_4q_growth_year": -11.27,
            "roe": 3.9,
            "roe_4q": 9.99,
            "gross_profit": 86123,
            "gross_margin": 10.71,
            "gross_margin_4q_avg": 7.62,
            "net_income": 40200,
            "net_income_4q": null,
            "revenue": 804227,
            "revenue_4q": null,
            "common_shares": 610560,
            "book_valuer_per_share": 16.45,
            "book_valuer_per_share_4q_avg": 16.85,
            "equity": 1004515,
            "current_ratio": 190.19,
            "debt_ratio": 43.22,
            "inventory_turnover_ratio": 1.9,
            "account_receivable_turnover_ratio": null,
            "reinvestment_rate": -3.25,
            "research_to_sale_ratio": null,
            "price_fair": 60.7,
            "eps_avg_yearly": 1.73,
            "eps_latest_yearly": 2.64,
            "eps_growth_yearly": 254.53
        },
        "20083": {
            "year_quarter": 20083,
            "year": 2008,
            "quarter": 3,
            "eps": 0.3,
            "eps_growth_year": -21.05,
            "eps_4q": 1.59,
            "eps_4q_growth_year": 8.21,
            "roe": 1.82,
            "roe_4q": 9.5,
            "gross_profit": 53304,
            "gross_margin": 7.74,
            "gross_margin_4q_avg": 8.33,
            "net_income": 18380,
            "net_income_4q": null,
            "revenue": 688365,
            "revenue_4q": null,
            "common_shares": 610560,
            "book_valuer_per_share": 16.71,
            "book_valuer_per_share_4q_avg": 16.87,
            "equity": 1020113,
            "current_ratio": 291.34,
            "debt_ratio": 27.39,
            "inventory_turnover_ratio": 1.79,
            "account_receivable_turnover_ratio": null,
            "reinvestment_rate": -2.87,
            "research_to_sale_ratio": null,
            "price_fair": 63.2,
            "eps_avg_yearly": 1.81,
            "eps_latest_yearly": 1.2,
            "eps_growth_yearly": 262.41
        },
        "20084": {
            "year_quarter": 20084,
            "year": 2008,
            "quarter": 4,
            "eps": -0.04,
            "eps_growth_year": -110.26,
            "eps_4q": 1.17,
            "eps_4q_growth_year": -41.44,
            "roe": -0.26,
            "roe_4q": 6.95,
            "gross_profit": 9877,
            "gross_margin": 2.03,
            "gross_margin_4q_avg": 7.25,
            "net_income": -2620,
            "net_income_4q": null,
            "revenue": 485518,
            "revenue_4q": null,
            "common_shares": 610560,
            "book_valuer_per_share": 16.64,
            "book_valuer_per_share_4q_avg": 16.77,
            "equity": 1016030,
            "current_ratio": 384.81,
            "debt_ratio": 20.7,
            "inventory_turnover_ratio": 1.71,
            "account_receivable_turnover_ratio": 2.51,
            "reinvestment_rate": -2.94,
            "research_to_sale_ratio": null,
            "price_fair": 63.97,
            "eps_avg_yearly": 1.83,
            "eps_latest_yearly": 1.2,
            "eps_growth_yearly": 79.52
        },
        "20091": {
            "year_quarter": 20091,
            "year": 2009,
            "quarter": 1,
            "eps": 0.41,
            "eps_growth_year": 64,
            "eps_4q": 1.32,
            "eps_4q_growth_year": 12.09,
            "roe": 2.45,
            "roe_4q": 7.91,
            "gross_profit": 51950,
            "gross_margin": 13.28,
            "gross_margin_4q_avg": 8.44,
            "net_income": 25222,
            "net_income_4q": null,
            "revenue": 391135,
            "revenue_4q": null,
            "common_shares": 610560,
            "book_valuer_per_share": 17.07,
            "book_valuer_per_share_4q_avg": 16.72,
            "equity": 1042005,
            "current_ratio": 412.31,
            "debt_ratio": 19.63,
            "inventory_turnover_ratio": 1.46,
            "account_receivable_turnover_ratio": 1.08,
            "reinvestment_rate": -2.9,
            "research_to_sale_ratio": null,
            "price_fair": 67.32,
            "eps_avg_yearly": 1.92,
            "eps_latest_yearly": 1.2,
            "eps_growth_yearly": 104.57
        },
        "20092": {
            "year_quarter": 20092,
            "year": 2009,
            "quarter": 2,
            "eps": 0.63,
            "eps_growth_year": -4.55,
            "eps_4q": 1.31,
            "eps_4q_growth_year": -22.41,
            "roe": 3.7,
            "roe_4q": 7.710000000000001,
            "gross_profit": 92427,
            "gross_margin": 15.1,
            "gross_margin_4q_avg": 9.54,
            "net_income": 38198,
            "net_income_4q": null,
            "revenue": 612108,
            "revenue_4q": null,
            "common_shares": 610560,
            "book_valuer_per_share": 16.71,
            "book_valuer_per_share_4q_avg": 16.78,
            "equity": 1020541,
            "current_ratio": 248.77,
            "debt_ratio": 32.88,
            "inventory_turnover_ratio": 2,
            "account_receivable_turnover_ratio": 1.53,
            "reinvestment_rate": -3.18,
            "research_to_sale_ratio": null,
            "price_fair": 70.93,
            "eps_avg_yearly": 2.03,
            "eps_latest_yearly": 2.52,
            "eps_growth_yearly": 93.04
        },
        "20093": {
            "year_quarter": 20093,
            "year": 2009,
            "quarter": 3,
            "eps": 0.56,
            "eps_growth_year": 86.67,
            "eps_4q": 1.55,
            "eps_4q_growth_year": -2.97,
            "roe": 3.32,
            "roe_4q": 9.209999999999999,
            "gross_profit": 74248,
            "gross_margin": 11.37,
            "gross_margin_4q_avg": 10.45,
            "net_income": 34495,
            "net_income_4q": null,
            "revenue": 652847,
            "revenue_4q": null,
            "common_shares": 610560,
            "book_valuer_per_share": 17.3,
            "book_valuer_per_share_4q_avg": 16.93,
            "equity": 1056538,
            "current_ratio": 286.7,
            "debt_ratio": 28.68,
            "inventory_turnover_ratio": 2.04,
            "account_receivable_turnover_ratio": 1.3,
            "reinvestment_rate": -6.85,
            "research_to_sale_ratio": null,
            "price_fair": 70.82,
            "eps_avg_yearly": 2.02,
            "eps_latest_yearly": 2.24,
            "eps_growth_yearly": 63.3
        },
        "20094": {
            "year_quarter": 20094,
            "year": 2009,
            "quarter": 4,
            "eps": 0.47,
            "eps_growth_year": null,
            "eps_4q": 2.08,
            "eps_4q_growth_year": 77.62,
            "roe": 2.7,
            "roe_4q": 12.169999999999998,
            "gross_profit": 66078,
            "gross_margin": 10.24,
            "gross_margin_4q_avg": 12.5,
            "net_income": 28971,
            "net_income_4q": null,
            "revenue": 645014,
            "revenue_4q": null,
            "common_shares": 610560,
            "book_valuer_per_share": 17.78,
            "book_valuer_per_share_4q_avg": 17.22,
            "equity": 1085856,
            "current_ratio": 308.82,
            "debt_ratio": 26.86,
            "inventory_turnover_ratio": 2.25,
            "account_receivable_turnover_ratio": 2.44,
            "reinvestment_rate": -6.79,
            "research_to_sale_ratio": null,
            "price_fair": 70.12,
            "eps_avg_yearly": 2,
            "eps_latest_yearly": 1.88,
            "eps_growth_yearly": 60.28
        },
        "20101": {
            "year_quarter": 20101,
            "year": 2010,
            "quarter": 1,
            "eps": 0.57,
            "eps_growth_year": 39.02,
            "eps_4q": 2.24,
            "eps_4q_growth_year": 69.46,
            "roe": 3.16,
            "roe_4q": 12.879999999999999,
            "gross_profit": 80588,
            "gross_margin": 10.73,
            "gross_margin_4q_avg": 11.86,
            "net_income": 34877,
            "net_income_4q": null,
            "revenue": 751020,
            "revenue_4q": null,
            "common_shares": 610560,
            "book_valuer_per_share": 18.35,
            "book_valuer_per_share_4q_avg": 17.54,
            "equity": 1120261,
            "current_ratio": 228.52,
            "debt_ratio": 35.69,
            "inventory_turnover_ratio": 2.2,
            "account_receivable_turnover_ratio": 1.31,
            "reinvestment_rate": 26.51,
            "research_to_sale_ratio": 0.18,
            "price_fair": 69.65,
            "eps_avg_yearly": 1.99,
            "eps_latest_yearly": 2.28,
            "eps_growth_yearly": 62.34
        },
        "20102": {
            "year_quarter": 20102,
            "year": 2010,
            "quarter": 2,
            "eps": 0.84,
            "eps_growth_year": 33.55,
            "eps_4q": 2.45,
            "eps_4q_growth_year": 87.77,
            "roe": 4.68,
            "roe_4q": 13.86,
            "gross_profit": 96021,
            "gross_margin": 11.21,
            "gross_margin_4q_avg": 10.89,
            "net_income": 51370,
            "net_income_4q": null,
            "revenue": 856643,
            "revenue_4q": null,
            "common_shares": 610560,
            "book_valuer_per_share": 17.58,
            "book_valuer_per_share_4q_avg": 17.75,
            "equity": 1073325,
            "current_ratio": 185.39,
            "debt_ratio": 44.4,
            "inventory_turnover_ratio": 1.88,
            "account_receivable_turnover_ratio": 1.17,
            "reinvestment_rate": 27.99,
            "research_to_sale_ratio": 0.18,
            "price_fair": 70.82,
            "eps_avg_yearly": 2.02,
            "eps_latest_yearly": 3.36,
            "eps_growth_yearly": 71.03
        },
        "20103": {
            "year_quarter": 20103,
            "year": 2010,
            "quarter": 3,
            "eps": -0.16,
            "eps_growth_year": -129.24,
            "eps_4q": 1.72,
            "eps_4q_growth_year": 11.4,
            "roe": -0.94,
            "roe_4q": 9.600000000000001,
            "gross_profit": 18457,
            "gross_margin": 2.32,
            "gross_margin_4q_avg": 8.63,
            "net_income": -9998,
            "net_income_4q": null,
            "revenue": 794647,
            "revenue_4q": null,
            "common_shares": 610560,
            "book_valuer_per_share": 17.44,
            "book_valuer_per_share_4q_avg": 17.79,
            "equity": 1064620,
            "current_ratio": 214.83,
            "debt_ratio": 37.04,
            "inventory_turnover_ratio": 1.92,
            "account_receivable_turnover_ratio": 1.01,
            "reinvestment_rate": 31.64,
            "research_to_sale_ratio": 0.16,
            "price_fair": 66.56,
            "eps_avg_yearly": 1.9,
            "eps_latest_yearly": 3.36,
            "eps_growth_yearly": 72.57
        },
        "20104": {
            "year_quarter": 20104,
            "year": 2010,
            "quarter": 4,
            "eps": 0.32,
            "eps_growth_year": -32.76,
            "eps_4q": 1.56,
            "eps_4q_growth_year": -24.7,
            "roe": 1.79,
            "roe_4q": 8.69,
            "gross_profit": 57130,
            "gross_margin": 6.14,
            "gross_margin_4q_avg": 7.6,
            "net_income": 19296,
            "net_income_4q": null,
            "revenue": 930108,
            "revenue_4q": null,
            "common_shares": 610560,
            "book_valuer_per_share": 17.78,
            "book_valuer_per_share_4q_avg": 17.79,
            "equity": 1085600,
            "current_ratio": 196.02,
            "debt_ratio": 40.79,
            "inventory_turnover_ratio": 2.17,
            "account_receivable_turnover_ratio": 1.24,
            "reinvestment_rate": 21.93,
            "research_to_sale_ratio": 0.13,
            "price_fair": 66.56,
            "eps_avg_yearly": 1.9,
            "eps_latest_yearly": 3.36,
            "eps_growth_yearly": 72.57
        },
        "20111": {
            "year_quarter": 20111,
            "year": 2011,
            "quarter": 1,
            "eps": 0.63,
            "eps_growth_year": 10.53,
            "eps_4q": 1.62,
            "eps_4q_growth_year": -27.56,
            "roe": 3.46,
            "roe_4q": 8.99,
            "gross_profit": 71038,
            "gross_margin": 8.7,
            "gross_margin_4q_avg": 7.09,
            "net_income": 38249,
            "net_income_4q": null,
            "revenue": 816116,
            "revenue_4q": null,
            "common_shares": 610560,
            "book_valuer_per_share": 18.4,
            "book_valuer_per_share_4q_avg": 17.8,
            "equity": 1123497,
            "current_ratio": 208.03,
            "debt_ratio": 38.5,
            "inventory_turnover_ratio": 1.64,
            "account_receivable_turnover_ratio": 1.01,
            "reinvestment_rate": 26.99,
            "research_to_sale_ratio": 0.16,
            "price_fair": 68.37,
            "eps_avg_yearly": 1.95,
            "eps_latest_yearly": 2.52,
            "eps_growth_yearly": 98.81
        },
        "20112": {
            "year_quarter": 20112,
            "year": 2011,
            "quarter": 2,
            "eps": 0.54,
            "eps_growth_year": -36.21,
            "eps_4q": 1.32,
            "eps_4q_growth_year": -46.35,
            "roe": 2.99,
            "roe_4q": 7.300000000000001,
            "gross_profit": 74244,
            "gross_margin": 9.55,
            "gross_margin_4q_avg": 6.68,
            "net_income": 32767,
            "net_income_4q": null,
            "revenue": 777601,
            "revenue_4q": null,
            "common_shares": 610560,
            "book_valuer_per_share": 17.54,
            "book_valuer_per_share_4q_avg": 17.79,
            "equity": 1070830,
            "current_ratio": 196.73,
            "debt_ratio": 40.68,
            "inventory_turnover_ratio": 1.38,
            "account_receivable_turnover_ratio": 0.97,
            "reinvestment_rate": 23.34,
            "research_to_sale_ratio": 0.17,
            "price_fair": 72.57,
            "eps_avg_yearly": 2.07,
            "eps_latest_yearly": 2.16,
            "eps_growth_yearly": 121.67
        },
        "20113": {
            "year_quarter": 20113,
            "year": 2011,
            "quarter": 3,
            "eps": -0.07,
            "eps_growth_year": null,
            "eps_4q": 1.41,
            "eps_4q_growth_year": -18.14,
            "roe": -0.39,
            "roe_4q": 7.8500000000000005,
            "gross_profit": 19957,
            "gross_margin": 3.03,
            "gross_margin_4q_avg": 6.86,
            "net_income": -4176,
            "net_income_4q": null,
            "revenue": 659467,
            "revenue_4q": null,
            "common_shares": 610560,
            "book_valuer_per_share": 17.45,
            "book_valuer_per_share_4q_avg": 17.79,
            "equity": 1065299,
            "current_ratio": 211.62,
            "debt_ratio": 37.35,
            "inventory_turnover_ratio": 1.09,
            "account_receivable_turnover_ratio": 0.98,
            "reinvestment_rate": 24.78,
            "research_to_sale_ratio": 0.2,
            "price_fair": 74.33,
            "eps_avg_yearly": 2.12,
            "eps_latest_yearly": 2.16,
            "eps_growth_yearly": 92.33
        },
        "20114": {
            "year_quarter": 20114,
            "year": 2011,
            "quarter": 4,
            "eps": -0.07,
            "eps_growth_year": -122.12,
            "eps_4q": 1.02,
            "eps_4q_growth_year": -34.51,
            "roe": -0.39,
            "roe_4q": 5.67,
            "gross_profit": 18601,
            "gross_margin": 3.4,
            "gross_margin_4q_avg": 6.17,
            "net_income": -4268,
            "net_income_4q": null,
            "revenue": 547542,
            "revenue_4q": null,
            "common_shares": 610560,
            "book_valuer_per_share": 18.76,
            "book_valuer_per_share_4q_avg": 18.04,
            "equity": 1145215,
            "current_ratio": 298.71,
            "debt_ratio": 26.32,
            "inventory_turnover_ratio": 1,
            "account_receivable_turnover_ratio": 1.06,
            "reinvestment_rate": 58.21,
            "research_to_sale_ratio": 0.23,
            "price_fair": 76.3,
            "eps_avg_yearly": 2.18,
            "eps_latest_yearly": 2.16,
            "eps_growth_yearly": 100.51
        },
        "20121": {
            "year_quarter": 20121,
            "year": 2012,
            "quarter": 1,
            "eps": 0.34,
            "eps_growth_year": -46.03,
            "eps_4q": 0.74,
            "eps_4q_growth_year": -54.22,
            "roe": 1.81,
            "roe_4q": 4.02,
            "gross_profit": 53593,
            "gross_margin": 10.33,
            "gross_margin_4q_avg": 6.58,
            "net_income": 20958,
            "net_income_4q": null,
            "revenue": 518868,
            "revenue_4q": null,
            "common_shares": 610560,
            "book_valuer_per_share": 19.11,
            "book_valuer_per_share_4q_avg": 18.22,
            "equity": 1166892,
            "current_ratio": 251.62,
            "debt_ratio": 31.28,
            "inventory_turnover_ratio": 1.01,
            "account_receivable_turnover_ratio": 1.01,
            "reinvestment_rate": 40.45,
            "research_to_sale_ratio": 0.25,
            "price_fair": 80.89,
            "eps_avg_yearly": 2.31,
            "eps_latest_yearly": 2.16,
            "eps_growth_yearly": 127.63
        },
        "20122": {
            "year_quarter": 20122,
            "year": 2012,
            "quarter": 2,
            "eps": 0.25,
            "eps_growth_year": -54.33,
            "eps_4q": 0.45,
            "eps_4q_growth_year": -65.79,
            "roe": 1.31,
            "roe_4q": 2.34,
            "gross_profit": 42519,
            "gross_margin": 8,
            "gross_margin_4q_avg": 6.19,
            "net_income": 14964,
            "net_income_4q": null,
            "revenue": 531353,
            "revenue_4q": null,
            "common_shares": 610560,
            "book_valuer_per_share": 18.35,
            "book_valuer_per_share_4q_avg": 18.42,
            "equity": 1120137,
            "current_ratio": 241.57,
            "debt_ratio": 32.31,
            "inventory_turnover_ratio": 1.03,
            "account_receivable_turnover_ratio": 0.97,
            "reinvestment_rate": 64.39,
            "research_to_sale_ratio": 0.24,
            "price_fair": 74.51,
            "eps_avg_yearly": 2.13,
            "eps_latest_yearly": 1,
            "eps_growth_yearly": 42.98
        },
        "20123": {
            "year_quarter": 20123,
            "year": 2012,
            "quarter": 3,
            "eps": 0.03,
            "eps_growth_year": null,
            "eps_4q": 0.54,
            "eps_4q_growth_year": -61.45,
            "roe": 0.14,
            "roe_4q": 2.87,
            "gross_profit": 25948,
            "gross_margin": 5.76,
            "gross_margin_4q_avg": 6.87,
            "net_income": 1552,
            "net_income_4q": null,
            "revenue": 450591,
            "revenue_4q": null,
            "common_shares": 610560,
            "book_valuer_per_share": 18.38,
            "book_valuer_per_share_4q_avg": 18.65,
            "equity": 1122284,
            "current_ratio": 283.04,
            "debt_ratio": 27.81,
            "inventory_turnover_ratio": 0.93,
            "account_receivable_turnover_ratio": 0.98,
            "reinvestment_rate": 67.51,
            "research_to_sale_ratio": 0.28,
            "price_fair": 70.31,
            "eps_avg_yearly": 2.01,
            "eps_latest_yearly": 0.12,
            "eps_growth_yearly": 28.11
        },
        "20124": {
            "year_quarter": 20124,
            "year": 2012,
            "quarter": 4,
            "eps": 0.13,
            "eps_growth_year": null,
            "eps_4q": 0.75,
            "eps_4q_growth_year": -27.19,
            "roe": 0.72,
            "roe_4q": 3.98,
            "gross_profit": 35257,
            "gross_margin": 7.61,
            "gross_margin_4q_avg": 7.93,
            "net_income": 8082,
            "net_income_4q": null,
            "revenue": 463286,
            "revenue_4q": null,
            "common_shares": 610560,
            "book_valuer_per_share": 18.51,
            "book_valuer_per_share_4q_avg": 18.59,
            "equity": 1130390,
            "current_ratio": 279.9,
            "debt_ratio": 28.23,
            "inventory_turnover_ratio": 0.95,
            "account_receivable_turnover_ratio": 1.1,
            "reinvestment_rate": 46.45,
            "research_to_sale_ratio": 0.27,
            "price_fair": 65.1,
            "eps_avg_yearly": 1.86,
            "eps_latest_yearly": 0.52,
            "eps_growth_yearly": 158.63
        },
        "20131": {
            "year_quarter": 20131,
            "year": 2013,
            "quarter": 1,
            "eps": 0.16,
            "eps_growth_year": -52.94,
            "eps_4q": 0.56,
            "eps_4q_growth_year": -23.94,
            "roe": 0.87,
            "roe_4q": 3.04,
            "gross_profit": 30927,
            "gross_margin": 7.9,
            "gross_margin_4q_avg": 7.32,
            "net_income": 9843,
            "net_income_4q": null,
            "revenue": 391293,
            "revenue_4q": null,
            "common_shares": 610560,
            "book_valuer_per_share": 18.63,
            "book_valuer_per_share_4q_avg": 18.47,
            "equity": 1137321,
            "current_ratio": 310.75,
            "debt_ratio": 25.84,
            "inventory_turnover_ratio": 0.78,
            "account_receivable_turnover_ratio": 1.1,
            "reinvestment_rate": 51.18,
            "research_to_sale_ratio": 0.31,
            "price_fair": 61.22,
            "eps_avg_yearly": 1.75,
            "eps_latest_yearly": 0.64,
            "eps_growth_yearly": 152.6
        },
        "20132": {
            "year_quarter": 20132,
            "year": 2013,
            "quarter": 2,
            "eps": 0.15,
            "eps_growth_year": -38.8,
            "eps_4q": 0.47,
            "eps_4q_growth_year": 3.81,
            "roe": 0.81,
            "roe_4q": 2.5400000000000005,
            "gross_profit": 33234,
            "gross_margin": 7.87,
            "gross_margin_4q_avg": 7.29,
            "net_income": 9047,
            "net_income_4q": null,
            "revenue": 422492,
            "revenue_4q": null,
            "common_shares": 610560,
            "book_valuer_per_share": 18.07,
            "book_valuer_per_share_4q_avg": 18.4,
            "equity": 1103486,
            "current_ratio": 346.37,
            "debt_ratio": 23.04,
            "inventory_turnover_ratio": 0.87,
            "account_receivable_turnover_ratio": 1.44,
            "reinvestment_rate": 54.88,
            "research_to_sale_ratio": 0.3,
            "price_fair": 55.11,
            "eps_avg_yearly": 1.57,
            "eps_latest_yearly": 0.6,
            "eps_growth_yearly": 130.82
        },
        "20133": {
            "year_quarter": 20133,
            "year": 2013,
            "quarter": 3,
            "eps": 0.03,
            "eps_growth_year": 18.02,
            "eps_4q": 0.47,
            "eps_4q_growth_year": -12.84,
            "roe": 0.18,
            "roe_4q": 2.58,
            "gross_profit": 26067,
            "gross_margin": 6.31,
            "gross_margin_4q_avg": 7.42,
            "net_income": 1971,
            "net_income_4q": null,
            "revenue": 413017,
            "revenue_4q": null,
            "common_shares": 610560,
            "book_valuer_per_share": 18.11,
            "book_valuer_per_share_4q_avg": 18.33,
            "equity": 1105915,
            "current_ratio": 344.87,
            "debt_ratio": 23.26,
            "inventory_turnover_ratio": 0.98,
            "account_receivable_turnover_ratio": 1.46,
            "reinvestment_rate": 61.07,
            "research_to_sale_ratio": 0.31,
            "price_fair": 48.36,
            "eps_avg_yearly": 1.38,
            "eps_latest_yearly": 0.12,
            "eps_growth_yearly": 105.76
        },
        "20134": {
            "year_quarter": 20134,
            "year": 2013,
            "quarter": 4,
            "eps": 0.3,
            "eps_growth_year": 129.83,
            "eps_4q": 0.65,
            "eps_4q_growth_year": -13.43,
            "roe": 1.66,
            "roe_4q": 3.52,
            "gross_profit": 35876,
            "gross_margin": 8.4,
            "gross_margin_4q_avg": 7.62,
            "net_income": 18575,
            "net_income_4q": null,
            "revenue": 427121,
            "revenue_4q": null,
            "common_shares": 610560,
            "book_valuer_per_share": 18.5,
            "book_valuer_per_share_4q_avg": 18.33,
            "equity": 1129277,
            "current_ratio": 302.94,
            "debt_ratio": 26.66,
            "inventory_turnover_ratio": 1,
            "account_receivable_turnover_ratio": 1.56,
            "reinvestment_rate": 61.08,
            "research_to_sale_ratio": 0.31,
            "price_fair": 46.2,
            "eps_avg_yearly": 1.32,
            "eps_latest_yearly": 1.2,
            "eps_growth_yearly": 438.88
        },
        "20141": {
            "year_quarter": 20141,
            "year": 2014,
            "quarter": 1,
            "eps": 0.19,
            "eps_growth_year": 18.75,
            "eps_4q": 0.67,
            "eps_4q_growth_year": 18.81,
            "roe": 1,
            "roe_4q": 3.6500000000000004,
            "gross_profit": 31659,
            "gross_margin": 8.77,
            "gross_margin_4q_avg": 7.84,
            "net_income": 11328,
            "net_income_4q": null,
            "revenue": 360894,
            "revenue_4q": null,
            "common_shares": 610560,
            "book_valuer_per_share": 18.69,
            "book_valuer_per_share_4q_avg": 18.34,
            "equity": 1140871,
            "current_ratio": 348.94,
            "debt_ratio": 23.6,
            "inventory_turnover_ratio": 0.82,
            "account_receivable_turnover_ratio": 1.28,
            "reinvestment_rate": -2.37,
            "research_to_sale_ratio": 0.36,
            "price_fair": 41.36,
            "eps_avg_yearly": 1.18,
            "eps_latest_yearly": 0.76,
            "eps_growth_yearly": 417.81
        },
        "20142": {
            "year_quarter": 20142,
            "year": 2014,
            "quarter": 2,
            "eps": 0.08,
            "eps_growth_year": -46.67,
            "eps_4q": 0.6,
            "eps_4q_growth_year": 28.24,
            "roe": 0.42,
            "roe_4q": 3.2600000000000002,
            "gross_profit": 32983,
            "gross_margin": 8.35,
            "gross_margin_4q_avg": 7.96,
            "net_income": 4705,
            "net_income_4q": null,
            "revenue": 394873,
            "revenue_4q": null,
            "common_shares": 610560,
            "book_valuer_per_share": 17.77,
            "book_valuer_per_share_4q_avg": 18.27,
            "equity": 1085169,
            "current_ratio": 265.99,
            "debt_ratio": 30.14,
            "inventory_turnover_ratio": 0.91,
            "account_receivable_turnover_ratio": 1.39,
            "reinvestment_rate": -9.81,
            "research_to_sale_ratio": 0.36,
            "price_fair": 31.69,
            "eps_avg_yearly": 0.91,
            "eps_latest_yearly": 0.32,
            "eps_growth_yearly": 379.53
        },
        "20143": {
            "year_quarter": 20143,
            "year": 2014,
            "quarter": 3,
            "eps": 0.04,
            "eps_growth_year": 33.33,
            "eps_4q": 0.61,
            "eps_4q_growth_year": 28.86,
            "roe": 0.25,
            "roe_4q": 3.33,
            "gross_profit": 20234,
            "gross_margin": 5.97,
            "gross_margin_4q_avg": 7.87,
            "net_income": 2688,
            "net_income_4q": null,
            "revenue": 338654,
            "revenue_4q": null,
            "common_shares": 610560,
            "book_valuer_per_share": 17.81,
            "book_valuer_per_share_4q_avg": 18.19,
            "equity": 1087369,
            "current_ratio": 302.49,
            "debt_ratio": 27.05,
            "inventory_turnover_ratio": 0.75,
            "account_receivable_turnover_ratio": 1.23,
            "reinvestment_rate": -16.11,
            "research_to_sale_ratio": 0.43,
            "price_fair": 29.52,
            "eps_avg_yearly": 0.84,
            "eps_latest_yearly": 0.16,
            "eps_growth_yearly": 331.24
        },
        "20144": {
            "year_quarter": 20144,
            "year": 2014,
            "quarter": 4,
            "eps": 0.15,
            "eps_growth_year": -49.67,
            "eps_4q": 0.46,
            "eps_4q_growth_year": -28.82,
            "roe": 0.86,
            "roe_4q": 2.53,
            "gross_profit": 31648,
            "gross_margin": 8.89,
            "gross_margin_4q_avg": 8,
            "net_income": 9349,
            "net_income_4q": null,
            "revenue": 355814,
            "revenue_4q": null,
            "common_shares": 610560,
            "book_valuer_per_share": 17.91,
            "book_valuer_per_share_4q_avg": 18.05,
            "equity": 1093231,
            "current_ratio": 334.36,
            "debt_ratio": 25.07,
            "inventory_turnover_ratio": 0.77,
            "account_receivable_turnover_ratio": 1.39,
            "reinvestment_rate": -19.36,
            "research_to_sale_ratio": 0.41,
            "price_fair": 28.86,
            "eps_avg_yearly": 0.82,
            "eps_latest_yearly": 0.6,
            "eps_growth_yearly": 390.37
        },
        "20151": {
            "year_quarter": 20151,
            "year": 2015,
            "quarter": 1,
            "eps": 0.11,
            "eps_growth_year": -42.11,
            "eps_4q": 0.38,
            "eps_4q_growth_year": -42.62,
            "roe": 0.61,
            "roe_4q": 2.14,
            "gross_profit": 26970,
            "gross_margin": 8.87,
            "gross_margin_4q_avg": 8.02,
            "net_income": 6740,
            "net_income_4q": null,
            "revenue": 304108,
            "revenue_4q": null,
            "common_shares": 610560,
            "book_valuer_per_share": 18.02,
            "book_valuer_per_share_4q_avg": 17.88,
            "equity": 1100520,
            "current_ratio": 305.48,
            "debt_ratio": 27.3,
            "inventory_turnover_ratio": 0.7,
            "account_receivable_turnover_ratio": 1.27,
            "reinvestment_rate": -26.07,
            "research_to_sale_ratio": 0.47,
            "price_fair": 23.26,
            "eps_avg_yearly": 0.66,
            "eps_latest_yearly": 0.44,
            "eps_growth_yearly": 352.36
        },
        "20152": {
            "year_quarter": 20152,
            "year": 2015,
            "quarter": 2,
            "eps": 0.04,
            "eps_growth_year": -50,
            "eps_4q": 0.35,
            "eps_4q_growth_year": -41.83,
            "roe": 0.23,
            "roe_4q": 1.95,
            "gross_profit": 27423,
            "gross_margin": 8.48,
            "gross_margin_4q_avg": 8.05,
            "net_income": 2500,
            "net_income_4q": null,
            "revenue": 323462,
            "revenue_4q": null,
            "common_shares": 610560,
            "book_valuer_per_share": 17.47,
            "book_valuer_per_share_4q_avg": 17.8,
            "equity": 1066705,
            "current_ratio": 335.46,
            "debt_ratio": 24.99,
            "inventory_turnover_ratio": 0.79,
            "account_receivable_turnover_ratio": 1.49,
            "reinvestment_rate": -34.37,
            "research_to_sale_ratio": 0.45,
            "price_fair": 17.88,
            "eps_avg_yearly": 0.51,
            "eps_latest_yearly": 0.16,
            "eps_growth_yearly": 337.18
        },
        "20153": {
            "year_quarter": 20153,
            "year": 2015,
            "quarter": 3,
            "eps": 0.28,
            "eps_growth_year": 600,
            "eps_4q": 0.58,
            "eps_4q_growth_year": -4.37,
            "roe": 1.59,
            "roe_4q": 3.29,
            "gross_profit": 35669,
            "gross_margin": 12.45,
            "gross_margin_4q_avg": 9.67,
            "net_income": 17076,
            "net_income_4q": null,
            "revenue": 286393,
            "revenue_4q": null,
            "common_shares": 610560,
            "book_valuer_per_share": 17.73,
            "book_valuer_per_share_4q_avg": 17.78,
            "equity": 1082605,
            "current_ratio": 367.39,
            "debt_ratio": 23.24,
            "inventory_turnover_ratio": 0.7,
            "account_receivable_turnover_ratio": 1.42,
            "reinvestment_rate": -23.52,
            "research_to_sale_ratio": 0.5,
            "price_fair": 19.4,
            "eps_avg_yearly": 0.55,
            "eps_latest_yearly": 1.12,
            "eps_growth_yearly": 484.52
        },
        "20154": {
            "year_quarter": 20154,
            "year": 2015,
            "quarter": 4,
            "eps": 0.29,
            "eps_growth_year": 90.52,
            "eps_4q": 0.72,
            "eps_4q_growth_year": 57.21,
            "roe": 1.63,
            "roe_4q": 4.06,
            "gross_profit": 39013,
            "gross_margin": 13.65,
            "gross_margin_4q_avg": 10.86,
            "net_income": 17812,
            "net_income_4q": null,
            "revenue": 285727,
            "revenue_4q": null,
            "common_shares": 610560,
            "book_valuer_per_share": 18.03,
            "book_valuer_per_share_4q_avg": 17.81,
            "equity": 1100728,
            "current_ratio": 402.14,
            "debt_ratio": 21.67,
            "inventory_turnover_ratio": 0.77,
            "account_receivable_turnover_ratio": 1.42,
            "reinvestment_rate": -93.69,
            "research_to_sale_ratio": 0.51,
            "price_fair": 20.81,
            "eps_avg_yearly": 0.59,
            "eps_latest_yearly": 1.16,
            "eps_growth_yearly": 453.17
        },
        "20161": {
            "year_quarter": 20161,
            "year": 2016,
            "quarter": 1,
            "eps": 0.37,
            "eps_growth_year": 236.36,
            "eps_4q": 0.98,
            "eps_4q_growth_year": 155.73,
            "roe": 2.04,
            "roe_4q": 5.49,
            "gross_profit": 45981,
            "gross_margin": 17.6,
            "gross_margin_4q_avg": 13.05,
            "net_income": 22662,
            "net_income_4q": null,
            "revenue": 261215,
            "revenue_4q": null,
            "common_shares": 610560,
            "book_valuer_per_share": 18.4,
            "book_valuer_per_share_4q_avg": 17.91,
            "equity": 1123690,
            "current_ratio": 430.52,
            "debt_ratio": 20.66,
            "inventory_turnover_ratio": 0.75,
            "account_receivable_turnover_ratio": 1.32,
            "reinvestment_rate": -55.13,
            "research_to_sale_ratio": 0.52,
            "price_fair": 22.75,
            "eps_avg_yearly": 0.65,
            "eps_latest_yearly": 1.48,
            "eps_growth_yearly": 431.75
        },
        "20162": {
            "year_quarter": 20162,
            "year": 2016,
            "quarter": 2,
            "eps": 0.53,
            "eps_growth_year": 1225,
            "eps_4q": 1.48,
            "eps_4q_growth_year": 323.53,
            "roe": 2.91,
            "roe_4q": 8.17,
            "gross_profit": 63452,
            "gross_margin": 20.6,
            "gross_margin_4q_avg": 16.08,
            "net_income": 32565,
            "net_income_4q": null,
            "revenue": 308075,
            "revenue_4q": null,
            "common_shares": 610560,
            "book_valuer_per_share": 18.24,
            "book_valuer_per_share_4q_avg": 18.1,
            "equity": 1113495,
            "current_ratio": 397.13,
            "debt_ratio": 22.18,
            "inventory_turnover_ratio": 0.9,
            "account_receivable_turnover_ratio": 1.58,
            "reinvestment_rate": -88.92,
            "research_to_sale_ratio": 0.5,
            "price_fair": 25.2,
            "eps_avg_yearly": 0.72,
            "eps_latest_yearly": 2.12,
            "eps_growth_yearly": 449.17
        },
        "20163": {
            "year_quarter": 20163,
            "year": 2016,
            "quarter": 3,
            "eps": 0.35,
            "eps_growth_year": 25,
            "eps_4q": 1.54,
            "eps_4q_growth_year": 164,
            "roe": 1.88,
            "roe_4q": 8.46,
            "gross_profit": 50736,
            "gross_margin": 17.37,
            "gross_margin_4q_avg": 17.31,
            "net_income": 21117,
            "net_income_4q": null,
            "revenue": 292148,
            "revenue_4q": null,
            "common_shares": 610560,
            "book_valuer_per_share": 18.6,
            "book_valuer_per_share_4q_avg": 18.32,
            "equity": 1135361,
            "current_ratio": 460.53,
            "debt_ratio": 19.78,
            "inventory_turnover_ratio": 0.87,
            "account_receivable_turnover_ratio": 1.48,
            "reinvestment_rate": -78.55,
            "research_to_sale_ratio": 0.49,
            "price_fair": 28,
            "eps_avg_yearly": 0.8,
            "eps_latest_yearly": 1.4,
            "eps_growth_yearly": 462.68
        },
        "20164": {
            "year_quarter": 20164,
            "year": 2016,
            "quarter": 4,
            "eps": 0.52,
            "eps_growth_year": 78.03,
            "eps_4q": 1.77,
            "eps_4q_growth_year": 144.87,
            "roe": 2.76,
            "roe_4q": 9.59,
            "gross_profit": 56044,
            "gross_margin": 16.81,
            "gross_margin_4q_avg": 18.1,
            "net_income": 31711,
            "net_income_4q": null,
            "revenue": 333450,
            "revenue_4q": null,
            "common_shares": 610560,
            "book_valuer_per_share": 19.04,
            "book_valuer_per_share_4q_avg": 18.57,
            "equity": 1162261,
            "current_ratio": 417.75,
            "debt_ratio": 21.88,
            "inventory_turnover_ratio": 0.95,
            "account_receivable_turnover_ratio": 1.51,
            "reinvestment_rate": -41.29,
            "research_to_sale_ratio": 0.45,
            "price_fair": 31.41,
            "eps_avg_yearly": 0.9,
            "eps_latest_yearly": 2.08,
            "eps_growth_yearly": 391.49
        },
        "20171": {
            "year_quarter": 20171,
            "year": 2017,
            "quarter": 1,
            "eps": 0.43,
            "eps_growth_year": 16.22,
            "eps_4q": 1.83,
            "eps_4q_growth_year": 86.32,
            "roe": 2.25,
            "roe_4q": 9.8,
            "gross_profit": 58986,
            "gross_margin": 17.46,
            "gross_margin_4q_avg": 18.06,
            "net_income": 26491,
            "net_income_4q": null,
            "revenue": 337777,
            "revenue_4q": null,
            "common_shares": 610560,
            "book_valuer_per_share": 19.48,
            "book_valuer_per_share_4q_avg": 18.84,
            "equity": 1189500,
            "current_ratio": 441.92,
            "debt_ratio": 21,
            "inventory_turnover_ratio": 0.9,
            "account_receivable_turnover_ratio": 1.37,
            "reinvestment_rate": -40.98,
            "research_to_sale_ratio": 0.44,
            "price_fair": 33.78,
            "eps_avg_yearly": 0.97,
            "eps_latest_yearly": 1.72,
            "eps_growth_yearly": 381.4
        },
        "20172": {
            "year_quarter": 20172,
            "year": 2017,
            "quarter": 2,
            "eps": 0.14,
            "eps_growth_year": -73.58,
            "eps_4q": 1.44,
            "eps_4q_growth_year": -2.56,
            "roe": 0.74,
            "roe_4q": 7.63,
            "gross_profit": 30933,
            "gross_margin": 9.78,
            "gross_margin_4q_avg": 15.36,
            "net_income": 8491,
            "net_income_4q": null,
            "revenue": 316433,
            "revenue_4q": null,
            "common_shares": 610560,
            "book_valuer_per_share": 18.23,
            "book_valuer_per_share_4q_avg": 18.84,
            "equity": 1112788,
            "current_ratio": 346.33,
            "debt_ratio": 25.58,
            "inventory_turnover_ratio": 0.89,
            "account_receivable_turnover_ratio": 1.37,
            "reinvestment_rate": -40.07,
            "research_to_sale_ratio": 0.47,
            "price_fair": 33.69,
            "eps_avg_yearly": 0.96,
            "eps_latest_yearly": 0.56,
            "eps_growth_yearly": 366.1
        },
        "20173": {
            "year_quarter": 20173,
            "year": 2017,
            "quarter": 3,
            "eps": 0.28,
            "eps_growth_year": -20,
            "eps_4q": 1.37,
            "eps_4q_growth_year": -11.33,
            "roe": 1.5,
            "roe_4q": 7.25,
            "gross_profit": 41404,
            "gross_margin": 12.56,
            "gross_margin_4q_avg": 14.15,
            "net_income": 16798,
            "net_income_4q": null,
            "revenue": 329653,
            "revenue_4q": null,
            "common_shares": 610560,
            "book_valuer_per_share": 18.51,
            "book_valuer_per_share_4q_avg": 18.82,
            "equity": 1130358,
            "current_ratio": 407.3,
            "debt_ratio": 22.39,
            "inventory_turnover_ratio": 0.9,
            "account_receivable_turnover_ratio": 1.45,
            "reinvestment_rate": -35.74,
            "research_to_sale_ratio": 0.5,
            "price_fair": 35.88,
            "eps_avg_yearly": 1.03,
            "eps_latest_yearly": 1.12,
            "eps_growth_yearly": 411.1
        },
        "20174": {
            "year_quarter": 20174,
            "year": 2017,
            "quarter": 4,
            "eps": 0.12,
            "eps_growth_year": -77.08,
            "eps_4q": 0.97,
            "eps_4q_growth_year": -45.35,
            "roe": 0.64,
            "roe_4q": 5.13,
            "gross_profit": 31209,
            "gross_margin": 12.17,
            "gross_margin_4q_avg": 12.99,
            "net_income": 7269,
            "net_income_4q": null,
            "revenue": 256453,
            "revenue_4q": null,
            "common_shares": 610560,
            "book_valuer_per_share": 18.62,
            "book_valuer_per_share_4q_avg": 18.71,
            "equity": 1136561,
            "current_ratio": 368.61,
            "debt_ratio": 24.33,
            "inventory_turnover_ratio": 0.65,
            "account_receivable_turnover_ratio": 1.23,
            "reinvestment_rate": -34.82,
            "research_to_sale_ratio": 0.63,
            "price_fair": 34.3,
            "eps_avg_yearly": 0.98,
            "eps_latest_yearly": 0.48,
            "eps_growth_yearly": 171.81
        },
        "20181": {
            "year_quarter": 20181,
            "year": 2018,
            "quarter": 1,
            "eps": 0.3,
            "eps_growth_year": -30.23,
            "eps_4q": 0.83,
            "eps_4q_growth_year": -54.5,
            "roe": 1.6,
            "roe_4q": 4.48,
            "gross_profit": 35195,
            "gross_margin": 13.13,
            "gross_margin_4q_avg": 11.91,
            "net_income": 18352,
            "net_income_4q": null,
            "revenue": 268068,
            "revenue_4q": null,
            "common_shares": 610560,
            "book_valuer_per_share": 18.92,
            "book_valuer_per_share_4q_avg": 18.57,
            "equity": 1155075,
            "current_ratio": 425.72,
            "debt_ratio": 21.57,
            "inventory_turnover_ratio": 0.61,
            "account_receivable_turnover_ratio": 1.46,
            "reinvestment_rate": -31.98,
            "research_to_sale_ratio": 0.52,
            "price_fair": 35.26,
            "eps_avg_yearly": 1.01,
            "eps_latest_yearly": 1.2,
            "eps_growth_yearly": 218.48
        },
        "20182": {
            "year_quarter": 20182,
            "year": 2018,
            "quarter": 2,
            "eps": 0.18,
            "eps_growth_year": 28.57,
            "eps_4q": 0.87,
            "eps_4q_growth_year": -39.5,
            "roe": 0.95,
            "roe_4q": 4.6899999999999995,
            "gross_profit": 32075,
            "gross_margin": 11.51,
            "gross_margin_4q_avg": 12.34,
            "net_income": 10710,
            "net_income_4q": null,
            "revenue": 278747,
            "revenue_4q": null,
            "common_shares": 610560,
            "book_valuer_per_share": 17.89,
            "book_valuer_per_share_4q_avg": 18.49,
            "equity": 1092565,
            "current_ratio": 330.1,
            "debt_ratio": 26.48,
            "inventory_turnover_ratio": 0.62,
            "account_receivable_turnover_ratio": 1.39,
            "reinvestment_rate": -26.04,
            "research_to_sale_ratio": 0.51,
            "price_fair": 36.14,
            "eps_avg_yearly": 1.03,
            "eps_latest_yearly": 0.72,
            "eps_growth_yearly": 222.95
        },
        "20183": {
            "year_quarter": 20183,
            "year": 2018,
            "quarter": 3,
            "eps": 0.02,
            "eps_growth_year": -92.86,
            "eps_4q": 0.62,
            "eps_4q_growth_year": -54.7,
            "roe": 0.14,
            "roe_4q": 3.33,
            "gross_profit": 23189,
            "gross_margin": 7.45,
            "gross_margin_4q_avg": 11.07,
            "net_income": 1492,
            "net_income_4q": null,
            "revenue": 311110,
            "revenue_4q": null,
            "common_shares": 610560,
            "book_valuer_per_share": 17.92,
            "book_valuer_per_share_4q_avg": 18.34,
            "equity": 1094057,
            "current_ratio": 387.55,
            "debt_ratio": 23.06,
            "inventory_turnover_ratio": 0.74,
            "account_receivable_turnover_ratio": 1.4,
            "reinvestment_rate": -21.24,
            "research_to_sale_ratio": 0.45,
            "price_fair": 35.96,
            "eps_avg_yearly": 1.03,
            "eps_latest_yearly": 0.08,
            "eps_growth_yearly": 213.23
        },
        "20184": {
            "year_quarter": 20184,
            "year": 2018,
            "quarter": 4,
            "eps": -0.11,
            "eps_growth_year": -196.52,
            "eps_4q": 0.39,
            "eps_4q_growth_year": -60.14,
            "roe": -0.64,
            "roe_4q": 2.05,
            "gross_profit": 18993,
            "gross_margin": 6.13,
            "gross_margin_4q_avg": 9.56,
            "net_income": -7016,
            "net_income_4q": null,
            "revenue": 309737,
            "revenue_4q": null,
            "common_shares": 610560,
            "book_valuer_per_share": 17.82,
            "book_valuer_per_share_4q_avg": 18.14,
            "equity": 1088058,
            "current_ratio": 414.5,
            "debt_ratio": 21.88,
            "inventory_turnover_ratio": 0.82,
            "account_receivable_turnover_ratio": 1.36,
            "reinvestment_rate": -20.34,
            "research_to_sale_ratio": 0.47,
            "price_fair": 36.96,
            "eps_avg_yearly": 1.06,
            "eps_latest_yearly": 0.08,
            "eps_growth_yearly": 154.11
        },
        "20191": {
            "year_quarter": 20191,
            "year": 2019,
            "quarter": 1,
            "eps": 0.02,
            "eps_growth_year": -93.33,
            "eps_4q": 0.11,
            "eps_4q_growth_year": -86.88,
            "roe": 0.14,
            "roe_4q": 0.59,
            "gross_profit": 21164,
            "gross_margin": 8.24,
            "gross_margin_4q_avg": 8.33,
            "net_income": 1492,
            "net_income_4q": null,
            "revenue": 256752,
            "revenue_4q": null,
            "common_shares": 610560,
            "book_valuer_per_share": 17.85,
            "book_valuer_per_share_4q_avg": 17.87,
            "equity": 1089550,
            "current_ratio": 426.4,
            "debt_ratio": 22.11,
            "inventory_turnover_ratio": 0.74,
            "account_receivable_turnover_ratio": 1.28,
            "reinvestment_rate": -19.63,
            "research_to_sale_ratio": 0.51,
            "price_fair": 38.5,
            "eps_avg_yearly": 1.1,
            "eps_latest_yearly": 0.08,
            "eps_growth_yearly": 172.74
        },
        "20192": {
            "year_quarter": 20192,
            "year": 2019,
            "quarter": 2,
            "eps": 0.07,
            "eps_growth_year": -61.11,
            "eps_4q": 0.01,
            "eps_4q_growth_year": -99.03,
            "roe": 0.42,
            "roe_4q": 0.06000000000000005,
            "gross_profit": 25021,
            "gross_margin": 9.3,
            "gross_margin_4q_avg": 7.78,
            "net_income": 4549,
            "net_income_4q": null,
            "revenue": 269177,
            "revenue_4q": null,
            "common_shares": 610560,
            "book_valuer_per_share": 17.42,
            "book_valuer_per_share_4q_avg": 17.75,
            "equity": 1063571,
            "current_ratio": 375.02,
            "debt_ratio": 24.24,
            "inventory_turnover_ratio": 0.81,
            "account_receivable_turnover_ratio": 1.48,
            "reinvestment_rate": -17.04,
            "research_to_sale_ratio": 0.52,
            "price_fair": 38.8,
            "eps_avg_yearly": 1.11,
            "eps_latest_yearly": 0.28,
            "eps_growth_yearly": 262.35
        },
        "20193": {
            "year_quarter": 20193,
            "year": 2019,
            "quarter": 3,
            "eps": 0.25,
            "eps_growth_year": 1150,
            "eps_4q": 0.24,
            "eps_4q_growth_year": -61.42,
            "roe": 1.45,
            "roe_4q": 1.3699999999999997,
            "gross_profit": 33903,
            "gross_margin": 12.55,
            "gross_margin_4q_avg": 9.06,
            "net_income": 15566,
            "net_income_4q": null,
            "revenue": 270239,
            "revenue_4q": null,
            "common_shares": 610560,
            "book_valuer_per_share": 17.67,
            "book_valuer_per_share_4q_avg": 17.69,
            "equity": 1079137,
            "current_ratio": 409.74,
            "debt_ratio": 22.57,
            "inventory_turnover_ratio": 0.84,
            "account_receivable_turnover_ratio": 1.35,
            "reinvestment_rate": -20.52,
            "research_to_sale_ratio": 0.54,
            "price_fair": 38.5,
            "eps_avg_yearly": 1.1,
            "eps_latest_yearly": 1,
            "eps_growth_yearly": 164.39
        },
        "20194": {
            "year_quarter": 20194,
            "year": 2019,
            "quarter": 4,
            "eps": 0.2,
            "eps_growth_year": null,
            "eps_4q": 0.55,
            "eps_4q_growth_year": 43.27,
            "roe": 1.12,
            "roe_4q": 3.1300000000000003,
            "gross_profit": 35319,
            "gross_margin": 14.11,
            "gross_margin_4q_avg": 11.05,
            "net_income": 12115,
            "net_income_4q": null,
            "revenue": 250262,
            "revenue_4q": null,
            "common_shares": 610560,
            "book_valuer_per_share": 17.9,
            "book_valuer_per_share_4q_avg": 17.71,
            "equity": 1092781,
            "current_ratio": 490.1,
            "debt_ratio": 19.66,
            "inventory_turnover_ratio": 0.79,
            "account_receivable_turnover_ratio": 1.25,
            "reinvestment_rate": -18.71,
            "research_to_sale_ratio": 0.57,
            "price_fair": 37.6,
            "eps_avg_yearly": 1.07,
            "eps_latest_yearly": 0.8,
            "eps_growth_yearly": 157.66
        },
        "20201": {
            "year_quarter": 20201,
            "year": 2020,
            "quarter": 1,
            "eps": 0.25,
            "eps_growth_year": 1150,
            "eps_4q": 0.78,
            "eps_4q_growth_year": 611.22,
            "roe": 1.39,
            "roe_4q": 4.38,
            "gross_profit": 35781,
            "gross_margin": 15.03,
            "gross_margin_4q_avg": 12.75,
            "net_income": 15265,
            "net_income_4q": null,
            "revenue": 238100,
            "revenue_4q": null,
            "common_shares": 610560,
            "book_valuer_per_share": 18.15,
            "book_valuer_per_share_4q_avg": 17.79,
            "equity": 1108046,
            "current_ratio": 528.89,
            "debt_ratio": 18.55,
            "inventory_turnover_ratio": 0.77,
            "account_receivable_turnover_ratio": 1.28,
            "reinvestment_rate": -18.6,
            "research_to_sale_ratio": 0.59,
            "price_fair": 36.4,
            "eps_avg_yearly": 1.04,
            "eps_latest_yearly": 1,
            "eps_growth_yearly": 156.92
        },
        "20202": {
            "year_quarter": 20202,
            "year": 2020,
            "quarter": 2,
            "eps": 0.09,
            "eps_growth_year": 28.57,
            "eps_4q": 0.79,
            "eps_4q_growth_year": 9250.47,
            "roe": 0.49,
            "roe_4q": 4.45,
            "gross_profit": 10139,
            "gross_margin": 9.29,
            "gross_margin_4q_avg": 12.75,
            "net_income": 5398,
            "net_income_4q": null,
            "revenue": 109098,
            "revenue_4q": null,
            "common_shares": 610560,
            "book_valuer_per_share": 17.64,
            "book_valuer_per_share_4q_avg": 17.84,
            "equity": 1076811,
            "current_ratio": 536.11,
            "debt_ratio": 18.2,
            "inventory_turnover_ratio": 0.37,
            "account_receivable_turnover_ratio": 0.77,
            "reinvestment_rate": -19.45,
            "research_to_sale_ratio": 1.28,
            "price_fair": 32,
            "eps_avg_yearly": 0.91,
            "eps_latest_yearly": 0.36,
            "eps_growth_yearly": 126.28
        },
        "20203": {
            "year_quarter": 20203,
            "year": 2020,
            "quarter": 3,
            "eps": 0.16,
            "eps_growth_year": -36,
            "eps_4q": 0.7,
            "eps_4q_growth_year": 190.89,
            "roe": 0.89,
            "roe_4q": 3.8899999999999997,
            "gross_profit": 26359,
            "gross_margin": 13.01,
            "gross_margin_4q_avg": 12.86,
            "net_income": 9666,
            "net_income_4q": null,
            "revenue": 202538,
            "revenue_4q": null,
            "common_shares": 610560,
            "book_valuer_per_share": 17.79,
            "book_valuer_per_share_4q_avg": 17.87,
            "equity": 1086477,
            "current_ratio": 558.92,
            "debt_ratio": 17.64,
            "inventory_turnover_ratio": 0.68,
            "account_receivable_turnover_ratio": 1.51,
            "reinvestment_rate": -20.02,
            "research_to_sale_ratio": 0.72,
            "price_fair": 30.1,
            "eps_avg_yearly": 0.86,
            "eps_latest_yearly": 0.64,
            "eps_growth_yearly": 158.2
        },
        "20204": {
            "year_quarter": 20204,
            "year": 2020,
            "quarter": 4,
            "eps": 0.41,
            "eps_growth_year": 107.9,
            "eps_4q": 0.91,
            "eps_4q_growth_year": 64.63,
            "roe": 2.29,
            "roe_4q": 5.06,
            "gross_profit": 47331,
            "gross_margin": 18.18,
            "gross_margin_4q_avg": 13.88,
            "net_income": 25187,
            "net_income_4q": null,
            "revenue": 260322,
            "revenue_4q": null,
            "common_shares": 610560,
            "book_valuer_per_share": 18.22,
            "book_valuer_per_share_4q_avg": 17.95,
            "equity": 1112704,
            "current_ratio": 512.94,
            "debt_ratio": 18.63,
            "inventory_turnover_ratio": 0.93,
            "account_receivable_turnover_ratio": 1.36,
            "reinvestment_rate": -18.39,
            "research_to_sale_ratio": 0.56,
            "price_fair": 29,
            "eps_avg_yearly": 0.83,
            "eps_latest_yearly": 1.64,
            "eps_growth_yearly": 188.97
        },
        "20211": {
            "year_quarter": 20211,
            "year": 2021,
            "quarter": 1,
            "eps": 0.49,
            "eps_growth_year": 96,
            "eps_4q": 1.15,
            "eps_4q_growth_year": 47.92,
            "roe": 2.66,
            "roe_4q": 6.33,
            "gross_profit": 59360,
            "gross_margin": 19.67,
            "gross_margin_4q_avg": 15.04,
            "net_income": 30005,
            "net_income_4q": null,
            "revenue": 301832,
            "revenue_4q": null,
            "common_shares": 610560,
            "book_valuer_per_share": 18.72,
            "book_valuer_per_share_4q_avg": 18.09,
            "equity": 1142709,
            "current_ratio": 478.41,
            "debt_ratio": 19.84,
            "inventory_turnover_ratio": 1.01,
            "account_receivable_turnover_ratio": 1.25,
            "reinvestment_rate": -16.32,
            "research_to_sale_ratio": 0.49,
            "price_fair": 29.6,
            "eps_avg_yearly": 0.85,
            "eps_latest_yearly": 1.96,
            "eps_growth_yearly": 199.49
        },
        "20212": {
            "year_quarter": 20212,
            "year": 2021,
            "quarter": 2,
            "eps": 0.49,
            "eps_growth_year": 444.44,
            "eps_4q": 1.55,
            "eps_4q_growth_year": 96.22,
            "roe": 2.59,
            "roe_4q": 8.43,
            "gross_profit": 59896,
            "gross_margin": 18.42,
            "gross_margin_4q_avg": 17.32,
            "net_income": 30001,
            "net_income_4q": null,
            "revenue": 325210,
            "revenue_4q": null,
            "common_shares": 610560,
            "book_valuer_per_share": 19.21,
            "book_valuer_per_share_4q_avg": 18.49,
            "equity": 1172710,
            "current_ratio": 553.75,
            "debt_ratio": 17.57,
            "inventory_turnover_ratio": 1.01,
            "account_receivable_turnover_ratio": 1.23,
            "reinvestment_rate": -11.39,
            "research_to_sale_ratio": 0.46,
            "price_fair": 33.1,
            "eps_avg_yearly": 0.95,
            "eps_latest_yearly": 1.96,
            "eps_growth_yearly": 218.76
        },
        "20213": {
            "year_quarter": 20213,
            "year": 2021,
            "quarter": 3,
            "eps": 0.1,
            "eps_growth_year": -37.5,
            "eps_4q": 1.49,
            "eps_4q_growth_year": 114.94,
            "roe": 0.52,
            "roe_4q": 8.059999999999999,
            "gross_profit": 25215,
            "gross_margin": 10.41,
            "gross_margin_4q_avg": 16.67,
            "net_income": 6035,
            "net_income_4q": null,
            "revenue": 242182,
            "revenue_4q": null,
            "common_shares": 610560,
            "book_valuer_per_share": 18.51,
            "book_valuer_per_share_4q_avg": 18.67,
            "equity": 1129901,
            "current_ratio": 467.4,
            "debt_ratio": 19.96,
            "inventory_turnover_ratio": 0.7,
            "account_receivable_turnover_ratio": 1.11,
            "reinvestment_rate": -11.04,
            "research_to_sale_ratio": 0.57,
            "price_fair": 31.3,
            "eps_avg_yearly": 0.89,
            "eps_latest_yearly": 0.4,
            "eps_growth_yearly": 167.45
        },
        "20214": {
            "year_quarter": 20214,
            "year": 2021,
            "quarter": 4,
            "eps": 0.19,
            "eps_growth_year": -54.98,
            "eps_4q": 1.27,
            "eps_4q_growth_year": 39.38,
            "roe": 1,
            "roe_4q": 6.77,
            "gross_profit": 32781,
            "gross_margin": 11.73,
            "gross_margin_4q_avg": 15.06,
            "net_income": 11340,
            "net_income_4q": null,
            "revenue": 279409,
            "revenue_4q": null,
            "common_shares": 610560,
            "book_valuer_per_share": 18.67,
            "book_valuer_per_share_4q_avg": 18.78,
            "equity": 1139673,
            "current_ratio": 500.63,
            "debt_ratio": 19.05,
            "inventory_turnover_ratio": 0.75,
            "account_receivable_turnover_ratio": 1.29,
            "reinvestment_rate": -11.76,
            "research_to_sale_ratio": 0.48,
            "price_fair": 32,
            "eps_avg_yearly": 0.91,
            "eps_latest_yearly": 0.76,
            "eps_growth_yearly": 209.49
        },
        "20221": {
            "year_quarter": 20221,
            "year": 2022,
            "quarter": 1,
            "eps": 0.02,
            "eps_growth_year": -95.92,
            "eps_4q": 0.8,
            "eps_4q_growth_year": -30.87,
            "roe": 0.1,
            "roe_4q": 4.21,
            "gross_profit": 23279,
            "gross_margin": 7,
            "gross_margin_4q_avg": 11.89,
            "net_income": 1193,
            "net_income_4q": null,
            "revenue": 332698,
            "revenue_4q": null,
            "common_shares": 610560,
            "book_valuer_per_share": 18.69,
            "book_valuer_per_share_4q_avg": 18.77,
            "equity": 1140866,
            "current_ratio": 430.67,
            "debt_ratio": 22.58,
            "inventory_turnover_ratio": 1.03,
            "account_receivable_turnover_ratio": 1.24,
            "reinvestment_rate": -13.21,
            "research_to_sale_ratio": 0.41,
            "price_fair": 29.2,
            "eps_avg_yearly": 0.83,
            "eps_latest_yearly": 0.08,
            "eps_growth_yearly": 141.07
        },
        "20222": {
            "year_quarter": 20222,
            "year": 2022,
            "quarter": 2,
            "eps": 0.08,
            "eps_growth_year": -83.67,
            "eps_4q": 0.38,
            "eps_4q_growth_year": -75.3,
            "roe": 0.44,
            "roe_4q": 2.06,
            "gross_profit": 25633,
            "gross_margin": 7.6,
            "gross_margin_4q_avg": 9.19,
            "net_income": 4859,
            "net_income_4q": null,
            "revenue": 337115,
            "revenue_4q": null,
            "common_shares": 610560,
            "book_valuer_per_share": 17.77,
            "book_valuer_per_share_4q_avg": 18.41,
            "equity": 1084669,
            "current_ratio": 379.11,
            "debt_ratio": 24.76,
            "inventory_turnover_ratio": 1,
            "account_receivable_turnover_ratio": 1.27,
            "reinvestment_rate": -16.86,
            "research_to_sale_ratio": 0.43,
            "price_fair": 28.2,
            "eps_avg_yearly": 0.81,
            "eps_latest_yearly": 0.32,
            "eps_growth_yearly": 238.21
        },
        "20223": {
            "year_quarter": 20223,
            "year": 2022,
            "quarter": 3,
            "eps": -0.25,
            "eps_growth_year": -350,
            "eps_4q": 0.03,
            "eps_4q_growth_year": -97.84,
            "roe": -1.43,
            "roe_4q": 0.10999999999999999,
            "gross_profit": -7150,
            "gross_margin": -2.63,
            "gross_margin_4q_avg": 5.93,
            "net_income": -15420,
            "net_income_4q": null,
            "revenue": 272267,
            "revenue_4q": null,
            "common_shares": 610560,
            "book_valuer_per_share": 17.51,
            "book_valuer_per_share_4q_avg": 18.16,
            "equity": 1069249,
            "current_ratio": 422.71,
            "debt_ratio": 22.5,
            "inventory_turnover_ratio": 0.88,
            "account_receivable_turnover_ratio": 1.22,
            "reinvestment_rate": -17.08,
            "research_to_sale_ratio": 0.51,
            "price_fair": 30.15,
            "eps_avg_yearly": 0.86,
            "eps_latest_yearly": 0.32,
            "eps_growth_yearly": 283.88
        },
        "20224": {
            "year_quarter": 20224,
            "year": 2022,
            "quarter": 4,
            "eps": -0.16,
            "eps_growth_year": -186.62,
            "eps_4q": -0.31,
            "eps_4q_growth_year": -124.8,
            "roe": -0.92,
            "roe_4q": -1.81,
            "gross_profit": 7505,
            "gross_margin": 3.91,
            "gross_margin_4q_avg": 3.97,
            "net_income": -9823,
            "net_income_4q": null,
            "revenue": 192154,
            "revenue_4q": null,
            "common_shares": 610560,
            "book_valuer_per_share": 17.43,
            "book_valuer_per_share_4q_avg": 17.85,
            "equity": 1063979,
            "current_ratio": 698.81,
            "debt_ratio": 16.27,
            "inventory_turnover_ratio": 0.67,
            "account_receivable_turnover_ratio": 1.11,
            "reinvestment_rate": -18.35,
            "research_to_sale_ratio": 0.71,
            "price_fair": 30.15,
            "eps_avg_yearly": 0.86,
            "eps_latest_yearly": 0.32,
            "eps_growth_yearly": 283.88
        },
        "20231": {
            "year_quarter": 20231,
            "year": 2023,
            "quarter": 1,
            "eps": 0.3,
            "eps_growth_year": 1400,
            "eps_4q": -0.04,
            "eps_4q_growth_year": -104.71,
            "roe": 1.69,
            "roe_4q": -0.22000000000000003,
            "gross_profit": 40867,
            "gross_margin": 18.95,
            "gross_margin_4q_avg": 6.96,
            "net_income": 18098,
            "net_income_4q": null,
            "revenue": 215682,
            "revenue_4q": null,
            "common_shares": 610560,
            "book_valuer_per_share": 17.72,
            "book_valuer_per_share_4q_avg": 17.61,
            "equity": 1082077,
            "current_ratio": 577.33,
            "debt_ratio": 18.14,
            "inventory_turnover_ratio": 0.7,
            "account_receivable_turnover_ratio": 1.32,
            "reinvestment_rate": -16.36,
            "research_to_sale_ratio": 0.63,
            "price_fair": 30.15,
            "eps_avg_yearly": 0.86,
            "eps_latest_yearly": 0.32,
            "eps_growth_yearly": 283.88
        },
        "20232": {
            "year_quarter": 20232,
            "year": 2023,
            "quarter": 2,
            "eps": 0,
            "eps_growth_year": -100,
            "eps_4q": -0.12,
            "eps_4q_growth_year": -131.02,
            "roe": -0.01,
            "roe_4q": -0.67,
            "gross_profit": 19757,
            "gross_margin": 12.19,
            "gross_margin_4q_avg": 8.11,
            "net_income": -123,
            "net_income_4q": null,
            "revenue": 162010,
            "revenue_4q": null,
            "common_shares": 610560,
            "book_valuer_per_share": 17.22,
            "book_valuer_per_share_4q_avg": 17.47,
            "equity": 1051426,
            "current_ratio": 520.69,
            "debt_ratio": 19.25,
            "inventory_turnover_ratio": 0.57,
            "account_receivable_turnover_ratio": 1.07,
            "reinvestment_rate": -15.85,
            "research_to_sale_ratio": 0.85,
            "price_fair": 31.85,
            "eps_avg_yearly": 0.91,
            "eps_latest_yearly": 0.32,
            "eps_growth_yearly": 224.21
        },
        "20233": {
            "year_quarter": 20233,
            "year": 2023,
            "quarter": 3,
            "eps": 0.02,
            "eps_growth_year": null,
            "eps_4q": 0.15,
            "eps_4q_growth_year": 377.84,
            "roe": 0.12,
            "roe_4q": 0.88,
            "gross_profit": 22550,
            "gross_margin": 11.17,
            "gross_margin_4q_avg": 11.56,
            "net_income": 1271,
            "net_income_4q": null,
            "revenue": 201894,
            "revenue_4q": null,
            "common_shares": 610560,
            "book_valuer_per_share": 17.24,
            "book_valuer_per_share_4q_avg": 17.4,
            "equity": 1052697,
            "current_ratio": 564.81,
            "debt_ratio": 18.02,
            "inventory_turnover_ratio": 0.75,
            "account_receivable_turnover_ratio": 1.48,
            "reinvestment_rate": -16.32,
            "research_to_sale_ratio": 0.7,
            "price_fair": 31.56,
            "eps_avg_yearly": 0.9,
            "eps_latest_yearly": 0.32,
            "eps_growth_yearly": 151.08
        }
    },
    "months": {
        "2001-06": {
            "month": "2001-06",
            "price": "12.31",
            "revenue": 149642
        },
        "2001-07": {
            "month": "2001-07",
            "price": "11.30",
            "revenue": 145576
        },
        "2001-08": {
            "month": "2001-08",
            "price": "11.11",
            "revenue": 156587
        },
        "2001-09": {
            "month": "2001-09",
            "price": "11.21",
            "revenue": 147439
        },
        "2001-10": {
            "month": "2001-10",
            "price": "10.79",
            "revenue": 157189
        },
        "2001-11": {
            "month": "2001-11",
            "price": "10.52",
            "revenue": 148997
        },
        "2001-12": {
            "month": "2001-12",
            "price": "11.18",
            "revenue": 152906
        },
        "2002-01": {
            "month": "2002-01",
            "price": "10.85",
            "revenue": 150867
        },
        "2002-02": {
            "month": "2002-02",
            "price": "11.25",
            "revenue": 87541
        },
        "2002-03": {
            "month": "2002-03",
            "price": "15.13",
            "revenue": 192739
        },
        "2002-04": {
            "month": "2002-04",
            "price": "16.29",
            "revenue": 222462
        },
        "2002-05": {
            "month": "2002-05",
            "price": "12.50",
            "revenue": 191270
        },
        "2002-06": {
            "month": "2002-06",
            "price": "12.26",
            "revenue": 162641
        },
        "2002-07": {
            "month": "2002-07",
            "price": "11.66",
            "revenue": 160301
        },
        "2002-08": {
            "month": "2002-08",
            "price": "10.90",
            "revenue": 188354
        },
        "2002-09": {
            "month": "2002-09",
            "price": "11.13",
            "revenue": 215090
        },
        "2002-10": {
            "month": "2002-10",
            "price": "11.30",
            "revenue": 201158
        },
        "2002-11": {
            "month": "2002-11",
            "price": "11.30",
            "revenue": 173380
        },
        "2002-12": {
            "month": "2002-12",
            "price": "10.76",
            "revenue": 179581
        },
        "2003-01": {
            "month": "2003-01",
            "price": "11.34",
            "revenue": 154993
        },
        "2003-02": {
            "month": "2003-02",
            "price": "10.46",
            "revenue": 164677
        },
        "2003-03": {
            "month": "2003-03",
            "price": "10.02",
            "revenue": 196075
        },
        "2003-04": {
            "month": "2003-04",
            "price": "9.52",
            "revenue": 177803
        },
        "2003-05": {
            "month": "2003-05",
            "price": "8.78",
            "revenue": 168195
        },
        "2003-06": {
            "month": "2003-06",
            "price": "9.36",
            "revenue": 174040
        },
        "2003-07": {
            "month": "2003-07",
            "price": "8.88",
            "revenue": 178497
        },
        "2003-08": {
            "month": "2003-08",
            "price": "8.53",
            "revenue": 205242
        },
        "2003-09": {
            "month": "2003-09",
            "price": "8.59",
            "revenue": 179583
        },
        "2003-10": {
            "month": "2003-10",
            "price": "8.71",
            "revenue": 218713
        },
        "2003-11": {
            "month": "2003-11",
            "price": "8.88",
            "revenue": 219700
        },
        "2003-12": {
            "month": "2003-12",
            "price": "9.13",
            "revenue": 294247
        },
        "2004-01": {
            "month": "2004-01",
            "price": "9.50",
            "revenue": 197525
        },
        "2004-02": {
            "month": "2004-02",
            "price": "10.64",
            "revenue": 242715
        },
        "2004-03": {
            "month": "2004-03",
            "price": "10.96",
            "revenue": 222298
        },
        "2004-04": {
            "month": "2004-04",
            "price": "11.65",
            "revenue": 259340
        },
        "2004-05": {
            "month": "2004-05",
            "price": "11.47",
            "revenue": 218714
        },
        "2004-06": {
            "month": "2004-06",
            "price": "11.64",
            "revenue": 217015
        },
        "2004-07": {
            "month": "2004-07",
            "price": "11.11",
            "revenue": 264807
        },
        "2004-08": {
            "month": "2004-08",
            "price": "10.23",
            "revenue": 293289
        },
        "2004-09": {
            "month": "2004-09",
            "price": "10.61",
            "revenue": 247544
        },
        "2004-10": {
            "month": "2004-10",
            "price": "10.52",
            "revenue": 318029
        },
        "2004-11": {
            "month": "2004-11",
            "price": "9.77",
            "revenue": 291047
        },
        "2004-12": {
            "month": "2004-12",
            "price": "9.74",
            "revenue": 244058
        },
        "2005-01": {
            "month": "2005-01",
            "price": "9.77",
            "revenue": 243094
        },
        "2005-02": {
            "month": "2005-02",
            "price": "10.60",
            "revenue": 180496
        },
        "2005-03": {
            "month": "2005-03",
            "price": "10.56",
            "revenue": 332109
        },
        "2005-04": {
            "month": "2005-04",
            "price": "10.49",
            "revenue": 237569
        },
        "2005-05": {
            "month": "2005-05",
            "price": "10.29",
            "revenue": 260980
        },
        "2005-06": {
            "month": "2005-06",
            "price": "10.38",
            "revenue": 261551
        },
        "2005-07": {
            "month": "2005-07",
            "price": "10.00",
            "revenue": 213037
        },
        "2005-08": {
            "month": "2005-08",
            "price": "9.94",
            "revenue": 250594
        },
        "2005-09": {
            "month": "2005-09",
            "price": "9.93",
            "revenue": 226597
        },
        "2005-10": {
            "month": "2005-10",
            "price": "10.16",
            "revenue": 257416
        },
        "2005-11": {
            "month": "2005-11",
            "price": "10.35",
            "revenue": 250876
        },
        "2005-12": {
            "month": "2005-12",
            "price": "10.44",
            "revenue": 233184
        },
        "2006-01": {
            "month": "2006-01",
            "price": "10.61",
            "revenue": 191689
        },
        "2006-02": {
            "month": "2006-02",
            "price": "10.51",
            "revenue": 193192
        },
        "2006-03": {
            "month": "2006-03",
            "price": "10.53",
            "revenue": 280852
        },
        "2006-04": {
            "month": "2006-04",
            "price": "11.08",
            "revenue": 294779
        },
        "2006-05": {
            "month": "2006-05",
            "price": "13.75",
            "revenue": 300160
        },
        "2006-06": {
            "month": "2006-06",
            "price": "13.72",
            "revenue": 266042
        },
        "2006-07": {
            "month": "2006-07",
            "price": "13.91",
            "revenue": 304999
        },
        "2006-08": {
            "month": "2006-08",
            "price": "14.03",
            "revenue": 363485
        },
        "2006-09": {
            "month": "2006-09",
            "price": "14.96",
            "revenue": 245425
        },
        "2006-10": {
            "month": "2006-10",
            "price": "15.78",
            "revenue": 262075
        },
        "2006-11": {
            "month": "2006-11",
            "price": "18.07",
            "revenue": 284695
        },
        "2006-12": {
            "month": "2006-12",
            "price": "19.63",
            "revenue": 270229
        },
        "2007-01": {
            "month": "2007-01",
            "price": "21.14",
            "revenue": 291147
        },
        "2007-02": {
            "month": "2007-02",
            "price": "25.01",
            "revenue": 144893
        },
        "2007-03": {
            "month": "2007-03",
            "price": "27.52",
            "revenue": 351799
        },
        "2007-04": {
            "month": "2007-04",
            "price": "25.60",
            "revenue": 320464
        },
        "2007-05": {
            "month": "2007-05",
            "price": "24.59",
            "revenue": 389792
        },
        "2007-06": {
            "month": "2007-06",
            "price": "26.44",
            "revenue": 302337
        },
        "2007-07": {
            "month": "2007-07",
            "price": "29.74",
            "revenue": 290060
        },
        "2007-08": {
            "month": "2007-08",
            "price": "24.38",
            "revenue": 342343
        },
        "2007-09": {
            "month": "2007-09",
            "price": "21.07",
            "revenue": 250154
        },
        "2007-10": {
            "month": "2007-10",
            "price": "20.59",
            "revenue": 320712
        },
        "2007-11": {
            "month": "2007-11",
            "price": "17.51",
            "revenue": 304845
        },
        "2007-12": {
            "month": "2007-12",
            "price": "16.02",
            "revenue": 253102
        },
        "2008-01": {
            "month": "2008-01",
            "price": "15.83",
            "revenue": 197840
        },
        "2008-02": {
            "month": "2008-02",
            "price": "15.08",
            "revenue": 170694
        },
        "2008-03": {
            "month": "2008-03",
            "price": "16.20",
            "revenue": 252517
        },
        "2008-04": {
            "month": "2008-04",
            "price": "18.06",
            "revenue": 242737
        },
        "2008-05": {
            "month": "2008-05",
            "price": "17.87",
            "revenue": 260962
        },
        "2008-06": {
            "month": "2008-06",
            "price": "17.15",
            "revenue": 300528
        },
        "2008-07": {
            "month": "2008-07",
            "price": "15.16",
            "revenue": 285722
        },
        "2008-08": {
            "month": "2008-08",
            "price": "12.90",
            "revenue": 220255
        },
        "2008-09": {
            "month": "2008-09",
            "price": "12.67",
            "revenue": 182388
        },
        "2008-10": {
            "month": "2008-10",
            "price": "11.27",
            "revenue": 215473
        },
        "2008-11": {
            "month": "2008-11",
            "price": "10.73",
            "revenue": 141870
        },
        "2008-12": {
            "month": "2008-12",
            "price": "10.37",
            "revenue": 128175
        },
        "2009-01": {
            "month": "2009-01",
            "price": "10.87",
            "revenue": 66370
        },
        "2009-02": {
            "month": "2009-02",
            "price": "10.69",
            "revenue": 147634
        },
        "2009-03": {
            "month": "2009-03",
            "price": "11.67",
            "revenue": 177131
        },
        "2009-04": {
            "month": "2009-04",
            "price": "13.60",
            "revenue": 218605
        },
        "2009-05": {
            "month": "2009-05",
            "price": "14.64",
            "revenue": 192511
        },
        "2009-06": {
            "month": "2009-06",
            "price": "14.98",
            "revenue": 200993
        },
        "2009-07": {
            "month": "2009-07",
            "price": "15.18",
            "revenue": 233535
        },
        "2009-08": {
            "month": "2009-08",
            "price": "15.80",
            "revenue": 210976
        },
        "2009-09": {
            "month": "2009-09",
            "price": "18.47",
            "revenue": 208336
        },
        "2009-10": {
            "month": "2009-10",
            "price": "19.17",
            "revenue": 195576
        },
        "2009-11": {
            "month": "2009-11",
            "price": "18.82",
            "revenue": 199106
        },
        "2009-12": {
            "month": "2009-12",
            "price": "19.85",
            "revenue": 250332
        },
        "2010-01": {
            "month": "2010-01",
            "price": "21.50",
            "revenue": 269856
        },
        "2010-02": {
            "month": "2010-02",
            "price": "20.59",
            "revenue": 162915
        },
        "2010-03": {
            "month": "2010-03",
            "price": "22.89",
            "revenue": 365017
        },
        "2010-04": {
            "month": "2010-04",
            "price": "25.99",
            "revenue": 342505
        },
        "2010-05": {
            "month": "2010-05",
            "price": "24.33",
            "revenue": 290601
        },
        "2010-06": {
            "month": "2010-06",
            "price": "24.21",
            "revenue": 215110
        },
        "2010-07": {
            "month": "2010-07",
            "price": "24.37",
            "revenue": 260805
        },
        "2010-08": {
            "month": "2010-08",
            "price": "23.82",
            "revenue": 258343
        },
        "2010-09": {
            "month": "2010-09",
            "price": "24.42",
            "revenue": 279292
        },
        "2010-10": {
            "month": "2010-10",
            "price": "23.82",
            "revenue": 321382
        },
        "2010-11": {
            "month": "2010-11",
            "price": "20.38",
            "revenue": 276116
        },
        "2010-12": {
            "month": "2010-12",
            "price": "20.46",
            "revenue": 305517
        },
        "2011-01": {
            "month": "2011-01",
            "price": "20.26",
            "revenue": 224413
        },
        "2011-02": {
            "month": "2011-02",
            "price": "20.33",
            "revenue": 226284
        },
        "2011-03": {
            "month": "2011-03",
            "price": "19.47",
            "revenue": 361406
        },
        "2011-04": {
            "month": "2011-04",
            "price": "20.51",
            "revenue": 318133
        },
        "2011-05": {
            "month": "2011-05",
            "price": "21.60",
            "revenue": 248808
        },
        "2011-06": {
            "month": "2011-06",
            "price": "21.53",
            "revenue": 182805
        },
        "2011-07": {
            "month": "2011-07",
            "price": "20.79",
            "revenue": 213579
        },
        "2011-08": {
            "month": "2011-08",
            "price": "19.56",
            "revenue": 229515
        },
        "2011-09": {
            "month": "2011-09",
            "price": "19.30",
            "revenue": 189604
        },
        "2011-10": {
            "month": "2011-10",
            "price": "19.06",
            "revenue": 180701
        },
        "2011-11": {
            "month": "2011-11",
            "price": "16.85",
            "revenue": 154135
        },
        "2011-12": {
            "month": "2011-12",
            "price": "15.66",
            "revenue": 164176
        },
        "2012-01": {
            "month": "2012-01",
            "price": "15.80",
            "revenue": 102410
        },
        "2012-02": {
            "month": "2012-02",
            "price": "17.47",
            "revenue": 223566
        },
        "2012-03": {
            "month": "2012-03",
            "price": "17.67",
            "revenue": 226801
        },
        "2012-04": {
            "month": "2012-04",
            "price": "17.37",
            "revenue": 163775
        },
        "2012-05": {
            "month": "2012-05",
            "price": "17.21",
            "revenue": 145996
        },
        "2012-06": {
            "month": "2012-06",
            "price": "17.01",
            "revenue": 120864
        },
        "2012-07": {
            "month": "2012-07",
            "price": "16.42",
            "revenue": 148380
        },
        "2012-08": {
            "month": "2012-08",
            "price": "16.31",
            "revenue": 156669
        },
        "2012-09": {
            "month": "2012-09",
            "price": "16.44",
            "revenue": 113368
        },
        "2012-10": {
            "month": "2012-10",
            "price": "16.20",
            "revenue": 159314
        },
        "2012-11": {
            "month": "2012-11",
            "price": "15.07",
            "revenue": 155687
        },
        "2012-12": {
            "month": "2012-12",
            "price": "15.10",
            "revenue": 114224
        },
        "2013-01": {
            "month": "2013-01",
            "price": "15.49",
            "revenue": 155028
        },
        "2013-02": {
            "month": "2013-02",
            "price": "15.83",
            "revenue": 90655
        },
        "2013-03": {
            "month": "2013-03",
            "price": "16.06",
            "revenue": 145610
        },
        "2013-04": {
            "month": "2013-04",
            "price": "16.00",
            "revenue": 149041
        },
        "2013-05": {
            "month": "2013-05",
            "price": "16.09",
            "revenue": 145565
        },
        "2013-06": {
            "month": "2013-06",
            "price": "19.68",
            "revenue": 127885
        },
        "2013-07": {
            "month": "2013-07",
            "price": "19.81",
            "revenue": 129542
        },
        "2013-08": {
            "month": "2013-08",
            "price": "16.96",
            "revenue": 140961
        },
        "2013-09": {
            "month": "2013-09",
            "price": "16.49",
            "revenue": 142515
        },
        "2013-10": {
            "month": "2013-10",
            "price": "16.49",
            "revenue": 163487
        },
        "2013-11": {
            "month": "2013-11",
            "price": "15.85",
            "revenue": 133525
        },
        "2013-12": {
            "month": "2013-12",
            "price": "15.60",
            "revenue": 130109
        },
        "2014-01": {
            "month": "2014-01",
            "price": "16.09",
            "revenue": 112238
        },
        "2014-02": {
            "month": "2014-02",
            "price": "15.95",
            "revenue": 100245
        },
        "2014-03": {
            "month": "2014-03",
            "price": "16.44",
            "revenue": 148411
        },
        "2014-04": {
            "month": "2014-04",
            "price": "16.72",
            "revenue": 146910
        },
        "2014-05": {
            "month": "2014-05",
            "price": "16.58",
            "revenue": 127753
        },
        "2014-06": {
            "month": "2014-06",
            "price": "16.35",
            "revenue": 120210
        },
        "2014-07": {
            "month": "2014-07",
            "price": "15.70",
            "revenue": 106748
        },
        "2014-08": {
            "month": "2014-08",
            "price": "14.68",
            "revenue": 112231
        },
        "2014-09": {
            "month": "2014-09",
            "price": "14.23",
            "revenue": 119676
        },
        "2014-10": {
            "month": "2014-10",
            "price": "13.87",
            "revenue": 140034
        },
        "2014-11": {
            "month": "2014-11",
            "price": "13.87",
            "revenue": 103046
        },
        "2014-12": {
            "month": "2014-12",
            "price": "13.80",
            "revenue": 112734
        },
        "2015-01": {
            "month": "2015-01",
            "price": "14.10",
            "revenue": 120546
        },
        "2015-02": {
            "month": "2015-02",
            "price": "14.14",
            "revenue": 72851
        },
        "2015-03": {
            "month": "2015-03",
            "price": "14.45",
            "revenue": 110711
        },
        "2015-04": {
            "month": "2015-04",
            "price": "14.79",
            "revenue": 122021
        },
        "2015-05": {
            "month": "2015-05",
            "price": "14.05",
            "revenue": 100927
        },
        "2015-06": {
            "month": "2015-06",
            "price": "13.75",
            "revenue": 100514
        },
        "2015-07": {
            "month": "2015-07",
            "price": "13.18",
            "revenue": 103970
        },
        "2015-08": {
            "month": "2015-08",
            "price": "12.13",
            "revenue": 91111
        },
        "2015-09": {
            "month": "2015-09",
            "price": "11.45",
            "revenue": 91312
        },
        "2015-10": {
            "month": "2015-10",
            "price": "11.95",
            "revenue": 93580
        },
        "2015-11": {
            "month": "2015-11",
            "price": "11.84",
            "revenue": 99388
        },
        "2015-12": {
            "month": "2015-12",
            "price": "12.02",
            "revenue": 92759
        },
        "2016-01": {
            "month": "2016-01",
            "price": "11.87",
            "revenue": 86656
        },
        "2016-02": {
            "month": "2016-02",
            "price": "11.98",
            "revenue": 70121
        },
        "2016-03": {
            "month": "2016-03",
            "price": "12.61",
            "revenue": 104438
        },
        "2016-04": {
            "month": "2016-04",
            "price": "13.03",
            "revenue": 100631
        },
        "2016-05": {
            "month": "2016-05",
            "price": "13.45",
            "revenue": 104259
        },
        "2016-06": {
            "month": "2016-06",
            "price": "14.25",
            "revenue": 103185
        },
        "2016-07": {
            "month": "2016-07",
            "price": "14.40",
            "revenue": 92118
        },
        "2016-08": {
            "month": "2016-08",
            "price": "15.53",
            "revenue": 109317
        },
        "2016-09": {
            "month": "2016-09",
            "price": "22.33",
            "revenue": 90712
        },
        "2016-10": {
            "month": "2016-10",
            "price": "20.90",
            "revenue": 113338
        },
        "2016-11": {
            "month": "2016-11",
            "price": "19.08",
            "revenue": 107288
        },
        "2016-12": {
            "month": "2016-12",
            "price": "20.70",
            "revenue": 112825
        },
        "2017-01": {
            "month": "2017-01",
            "price": "20.93",
            "revenue": 118639
        },
        "2017-02": {
            "month": "2017-02",
            "price": "21.52",
            "revenue": 104059
        },
        "2017-03": {
            "month": "2017-03",
            "price": "21.68",
            "revenue": 115079
        },
        "2017-04": {
            "month": "2017-04",
            "price": "21.21",
            "revenue": 100830
        },
        "2017-05": {
            "month": "2017-05",
            "price": "20.76",
            "revenue": 101512
        },
        "2017-06": {
            "month": "2017-06",
            "price": "20.49",
            "revenue": 114090
        },
        "2017-07": {
            "month": "2017-07",
            "price": "19.38",
            "revenue": 131544
        },
        "2017-08": {
            "month": "2017-08",
            "price": "18.78",
            "revenue": 102231
        },
        "2017-09": {
            "month": "2017-09",
            "price": "18.12",
            "revenue": 95878
        },
        "2017-10": {
            "month": "2017-10",
            "price": "17.54",
            "revenue": 76231
        },
        "2017-11": {
            "month": "2017-11",
            "price": "17.07",
            "revenue": 96601
        },
        "2017-12": {
            "month": "2017-12",
            "price": "16.75",
            "revenue": 83621
        },
        "2018-01": {
            "month": "2018-01",
            "price": "16.75",
            "revenue": 90353
        },
        "2018-02": {
            "month": "2018-02",
            "price": "16.22",
            "revenue": 77854
        },
        "2018-03": {
            "month": "2018-03",
            "price": "16.93",
            "revenue": 99861
        },
        "2018-04": {
            "month": "2018-04",
            "price": "17.45",
            "revenue": 82509
        },
        "2018-05": {
            "month": "2018-05",
            "price": "17.28",
            "revenue": 102304
        },
        "2018-06": {
            "month": "2018-06",
            "price": "17.64",
            "revenue": 93603
        },
        "2018-07": {
            "month": "2018-07",
            "price": "16.37",
            "revenue": 110661
        },
        "2018-08": {
            "month": "2018-08",
            "price": "16.56",
            "revenue": 113221
        },
        "2018-09": {
            "month": "2018-09",
            "price": "16.14",
            "revenue": 87558
        },
        "2018-10": {
            "month": "2018-10",
            "price": "15.61",
            "revenue": 92296
        },
        "2018-11": {
            "month": "2018-11",
            "price": "15.23",
            "revenue": 104398
        },
        "2018-12": {
            "month": "2018-12",
            "price": "15.09",
            "revenue": 113044
        },
        "2019-01": {
            "month": "2019-01",
            "price": "15.62",
            "revenue": 113636
        },
        "2019-02": {
            "month": "2019-02",
            "price": "16.02",
            "revenue": 62872
        },
        "2019-03": {
            "month": "2019-03",
            "price": "15.80",
            "revenue": 80243
        },
        "2019-04": {
            "month": "2019-04",
            "price": "15.63",
            "revenue": 99731
        },
        "2019-05": {
            "month": "2019-05",
            "price": "15.26",
            "revenue": 90435
        },
        "2019-06": {
            "month": "2019-06",
            "price": "15.07",
            "revenue": 79011
        },
        "2019-07": {
            "month": "2019-07",
            "price": "14.56",
            "revenue": 88115
        },
        "2019-08": {
            "month": "2019-08",
            "price": "14.06",
            "revenue": 91380
        },
        "2019-09": {
            "month": "2019-09",
            "price": "13.94",
            "revenue": 90744
        },
        "2019-10": {
            "month": "2019-10",
            "price": "13.88",
            "revenue": 89780
        },
        "2019-11": {
            "month": "2019-11",
            "price": "13.98",
            "revenue": 79942
        },
        "2019-12": {
            "month": "2019-12",
            "price": "14.09",
            "revenue": 80539
        },
        "2020-01": {
            "month": "2020-01",
            "price": "14.18",
            "revenue": 66141
        },
        "2020-02": {
            "month": "2020-02",
            "price": "13.85",
            "revenue": 79630
        },
        "2020-03": {
            "month": "2020-03",
            "price": "12.82",
            "revenue": 92329
        },
        "2020-04": {
            "month": "2020-04",
            "price": "13.22",
            "revenue": 44238
        },
        "2020-05": {
            "month": "2020-05",
            "price": "13.86",
            "revenue": 25746
        },
        "2020-06": {
            "month": "2020-06",
            "price": "14.33",
            "revenue": 39113
        },
        "2020-07": {
            "month": "2020-07",
            "price": "13.34",
            "revenue": 62425
        },
        "2020-08": {
            "month": "2020-08",
            "price": "13.38",
            "revenue": 65287
        },
        "2020-09": {
            "month": "2020-09",
            "price": "13.38",
            "revenue": 74826
        },
        "2020-10": {
            "month": "2020-10",
            "price": "13.45",
            "revenue": 87598
        },
        "2020-11": {
            "month": "2020-11",
            "price": "13.78",
            "revenue": 86223
        },
        "2020-12": {
            "month": "2020-12",
            "price": "14.34",
            "revenue": 86500
        },
        "2021-01": {
            "month": "2021-01",
            "price": "14.26",
            "revenue": 86006
        },
        "2021-02": {
            "month": "2021-02",
            "price": "14.09",
            "revenue": 74177
        },
        "2021-03": {
            "month": "2021-03",
            "price": "15.15",
            "revenue": 141649
        },
        "2021-04": {
            "month": "2021-04",
            "price": "17.61",
            "revenue": 135632
        },
        "2021-05": {
            "month": "2021-05",
            "price": "18.60",
            "revenue": 116574
        },
        "2021-06": {
            "month": "2021-06",
            "price": "19.16",
            "revenue": 73004
        },
        "2021-07": {
            "month": "2021-07",
            "price": "18.35",
            "revenue": 103225
        },
        "2021-08": {
            "month": "2021-08",
            "price": "17.36",
            "revenue": 73454
        },
        "2021-09": {
            "month": "2021-09",
            "price": "19.60",
            "revenue": 65503
        },
        "2021-10": {
            "month": "2021-10",
            "price": "20.11",
            "revenue": 71639
        },
        "2021-11": {
            "month": "2021-11",
            "price": "20.62",
            "revenue": 103603
        },
        "2021-12": {
            "month": "2021-12",
            "price": "19.09",
            "revenue": 104166
        },
        "2022-01": {
            "month": "2022-01",
            "price": "18.49",
            "revenue": 93478
        },
        "2022-02": {
            "month": "2022-02",
            "price": "18.26",
            "revenue": 93691
        },
        "2022-03": {
            "month": "2022-03",
            "price": "18.17",
            "revenue": 145529
        },
        "2022-04": {
            "month": "2022-04",
            "price": "18.41",
            "revenue": 131978
        },
        "2022-05": {
            "month": "2022-05",
            "price": "16.67",
            "revenue": 105321
        },
        "2022-06": {
            "month": "2022-06",
            "price": "16.34",
            "revenue": 99816
        },
        "2022-07": {
            "month": "2022-07",
            "price": "15.03",
            "revenue": 107327
        },
        "2022-08": {
            "month": "2022-08",
            "price": "15.07",
            "revenue": 102618
        },
        "2022-09": {
            "month": "2022-09",
            "price": "14.87",
            "revenue": 62322
        },
        "2022-10": {
            "month": "2022-10",
            "price": "14.16",
            "revenue": 69430
        },
        "2022-11": {
            "month": "2022-11",
            "price": "14.43",
            "revenue": 68722
        },
        "2022-12": {
            "month": "2022-12",
            "price": "14.95",
            "revenue": 54001
        },
        "2023-01": {
            "month": "2023-01",
            "price": "14.90",
            "revenue": 45836
        },
        "2023-02": {
            "month": "2023-02",
            "price": "14.99",
            "revenue": 85187
        },
        "2023-03": {
            "month": "2023-03",
            "price": "14.99",
            "revenue": 84659
        },
        "2023-04": {
            "month": "2023-04",
            "price": "15.33",
            "revenue": 47369
        },
        "2023-05": {
            "month": "2023-05",
            "price": "17.02",
            "revenue": 58936
        },
        "2023-06": {
            "month": "2023-06",
            "price": "17.01",
            "revenue": 55704
        },
        "2023-07": {
            "month": "2023-07",
            "price": "16.48",
            "revenue": 77302
        },
        "2023-08": {
            "month": "2023-08",
            "price": "15.46",
            "revenue": 65813
        },
        "2023-09": {
            "month": "2023-09",
            "price": "15.93",
            "revenue": 58780
        },
        "2023-10": {
            "month": "2023-10",
            "price": "15.77",
            "revenue": 59910
        },
        "2023-11": {
            "month": "2023-11",
            "price": "15.88",
            "revenue": 72180
        },
        "2023-12": {
            "month": "2023-12",
            "price": "16.26",
            "revenue": 57055
        }
    }
}
