{
    "summary": {
        "stock_name": "南璋",
        "stock_id": "4712",
        "category": "食品",
        "main_business": "水產品買賣。<br>電子設備買賣批發。",
        "website_url": "http://www.nantsan.com.tw",
        "ceo": "歐金獅",
        "pe_ratio": -9,
        "report_year_from": 2001,
        "report_year_to": 2023,
        "age": 23,
        "eps_negative_percentage": 70,
        "eps_growth_avg": {
            "last_all": -39.02,
            "last_2y": null,
            "last_4y": null,
            "last_8y": null,
            "last_12y": -60.6,
            "last_16y": -73.73,
            "last_20y": -57.39,
            "at_2006_last_3y": -41.04,
            "at_2007_last_3y": -56.11,
            "at_2008_last_3y": -100,
            "at_2009_last_3y": -100,
            "at_2010_last_3y": -100,
            "at_2011_last_3y": -100,
            "at_2012_last_3y": -21.2,
            "at_2013_last_3y": -60.6,
            "at_2014_last_3y": -60.6,
            "at_2015_last_3y": -60.6,
            "at_2016_last_3y": -100,
            "at_2017_last_3y": null,
            "at_2018_last_3y": null,
            "at_2019_last_3y": null,
            "at_2020_last_3y": null,
            "at_2021_last_3y": null,
            "at_2022_last_3y": null,
            "at_2023_last_3y": null,
            "at_2024_last_3y": null,
            "at_2006_last_all": -12.98,
            "at_2007_last_all": -12.98,
            "at_2008_last_all": -30.39,
            "at_2009_last_all": -30.39,
            "at_2010_last_all": -30.39,
            "at_2011_last_all": -30.39,
            "at_2012_last_all": -28.85,
            "at_2013_last_all": -39.02,
            "at_2014_last_all": -39.02,
            "at_2015_last_all": -39.02,
            "at_2016_last_all": -39.02,
            "at_2017_last_all": -39.02,
            "at_2018_last_all": -39.02,
            "at_2019_last_all": -39.02,
            "at_2020_last_all": -39.02,
            "at_2021_last_all": -39.02,
            "at_2022_last_all": -39.02,
            "at_2023_last_all": -39.02,
            "at_2024_last_all": -39.02
        },
        "latest_eps": -0.37,
        "latest_price": 3.15,
        "latest_roe": -49.95,
        "latest_gross_margin": -559.52,
        "latest_equity": 52065,
        "latest_revenue": 42,
        "latest_gross_profit": -235,
        "latest_net_income": -3368,
        "latest_debt_ratio": 20.37,
        "latest_current_ratio": 828.69,
        "latest_account_receivable_turnover_ratio": 10.5,
        "latest_inventory_turnover_ratio": null,
        "latest_reinvestment_rate": null,
        "latest_research_to_sale_ratio": 0
    },
    "eps_dividends": {
        "1998": {
            "cash": 1,
            "stock": 1,
            "eps": 0
        },
        "1999": {
            "cash": 0,
            "stock": 1,
            "eps": 0
        },
        "2000": {
            "cash": 0.29,
            "stock": 0.32,
            "eps": 0
        },
        "2001": {
            "cash": 0.2,
            "stock": 0.3,
            "eps": 0.59
        },
        "2002": {
            "cash": 0.2,
            "stock": 0.28,
            "eps": 1.01
        },
        "2003": {
            "cash": 0.3,
            "stock": 0.2,
            "eps": 0.9
        },
        "2004": {
            "cash": 0.3,
            "stock": 0.3,
            "eps": 0.79
        },
        "2005": {
            "cash": 0.5,
            "stock": 0,
            "eps": -0.68
        },
        "2006": {
            "cash": 0,
            "stock": 0,
            "eps": -0.61
        },
        "2007": {
            "cash": 0,
            "stock": 0,
            "eps": 0.27
        },
        "2008": {
            "cash": 0.3,
            "stock": 0,
            "eps": -0.7
        },
        "2009": {
            "cash": 0,
            "stock": 0,
            "eps": -0.56
        },
        "2010": {
            "cash": 0,
            "stock": 0,
            "eps": -0.97
        },
        "2011": {
            "cash": 0,
            "stock": 0,
            "eps": 3.16
        },
        "2012": {
            "cash": 0.35,
            "stock": 1.39,
            "eps": 2.49
        },
        "2013": {
            "cash": 1.47,
            "stock": 0,
            "eps": -5.88
        },
        "2014": {
            "cash": 0,
            "stock": 0,
            "eps": -2.18
        },
        "2015": {
            "cash": 0,
            "stock": 0,
            "eps": -1.24
        },
        "2016": {
            "cash": 0,
            "stock": 0,
            "eps": -0.89
        },
        "2017": {
            "cash": 0,
            "stock": 0,
            "eps": -0.7
        },
        "2018": {
            "cash": 0,
            "stock": 0,
            "eps": -1.57
        },
        "2019": {
            "cash": 0,
            "stock": 0,
            "eps": -2.91
        },
        "2020": {
            "cash": 0,
            "stock": 0,
            "eps": -1.5
        },
        "2021": {
            "cash": 0,
            "stock": 0,
            "eps": -1.6
        },
        "2022": {
            "cash": 0,
            "stock": 0,
            "eps": -0.39
        },
        "2023": {
            "cash": 0,
            "stock": 0,
            "eps": -0.31
        }
    },
    "dividends": {
        "1998-06-06": {
            "cash": 1,
            "stock": 1
        },
        "1999-06-16": {
            "cash": 0,
            "stock": 1
        },
        "2000-06-23": {
            "cash": 0.29,
            "stock": 0.32
        },
        "2001-06-21": {
            "cash": 0.2,
            "stock": 0.3
        },
        "2002-06-20": {
            "cash": 0.2,
            "stock": 0.28
        },
        "2003-06-20": {
            "cash": 0.3,
            "stock": 0.2
        },
        "2004-04-06": {
            "cash": 0.3,
            "stock": 0.3
        },
        "2005-03-24": {
            "cash": 0.5,
            "stock": 0
        },
        "2008-03-25": {
            "cash": 0.3,
            "stock": 0
        },
        "2012-06-12": {
            "cash": 0.35,
            "stock": 1.39
        },
        "2013-06-20": {
            "cash": 1.47,
            "stock": 0
        }
    },
    "prices": {
        "200101": "5.16",
        "200102": "6.58",
        "200103": "6.83",
        "200104": "5.92",
        "200105": "4.75",
        "200106": "4.73",
        "200107": "4.24",
        "200108": "4.16",
        "200109": "4.02",
        "200110": "3.99",
        "200111": "4.31",
        "200112": "5.51",
        "200201": "6.40",
        "200202": "6.98",
        "200203": "7.19",
        "200204": "8.60",
        "200205": "8.28",
        "200206": "9.73",
        "200207": "9.31",
        "200208": "8.81",
        "200209": "8.79",
        "200210": "8.71",
        "200211": "13.51",
        "200212": "13.72",
        "200301": "13.53",
        "200302": "12.28",
        "200303": "11.90",
        "200304": "9.97",
        "200305": "8.55",
        "200306": "9.32",
        "200307": "9.23",
        "200308": "9.08",
        "200309": "9.71",
        "200310": "9.41",
        "200311": "9.69",
        "200312": "9.94",
        "200401": "10.59",
        "200402": "11.64",
        "200403": "10.97",
        "200404": "10.16",
        "200405": "9.19",
        "200406": "8.98",
        "200407": "8.74",
        "200408": "8.30",
        "200409": "9.02",
        "200410": "8.90",
        "200411": "8.56",
        "200412": "8.51",
        "200501": "8.50",
        "200502": "8.29",
        "200503": "8.65",
        "200504": "8.02",
        "200505": "6.95",
        "200506": "7.18",
        "200507": "7.05",
        "200508": "6.40",
        "200509": "5.61",
        "200510": "5.19",
        "200511": "4.73",
        "200512": "4.71",
        "200601": "4.87",
        "200602": "4.67",
        "200603": "4.16",
        "200604": "4.16",
        "200605": "4.42",
        "200606": "4.04",
        "200607": "4.06",
        "200608": "4.01",
        "200609": "3.94",
        "200610": "4.24",
        "200611": "4.82",
        "200612": "6.59",
        "200701": "6.32",
        "200702": "5.86",
        "200703": "6.03",
        "200704": "7.14",
        "200705": "7.19",
        "200706": "7.10",
        "200707": "9.10",
        "200708": "8.86",
        "200709": "8.98",
        "200710": "8.83",
        "200711": "8.51",
        "200712": "8.32",
        "200801": "8.16",
        "200802": "8.10",
        "200803": "8.11",
        "200804": "8.39",
        "200805": "8.60",
        "200806": "7.35",
        "200807": "5.91",
        "200808": "5.66",
        "200809": "4.78",
        "200810": "4.82",
        "200811": "4.48",
        "200812": "4.16",
        "200901": "4.10",
        "200902": "4.47",
        "200903": "5.11",
        "200904": "4.97",
        "200905": "4.88",
        "200906": "5.07",
        "200907": "6.48",
        "200908": "6.36",
        "200909": "6.78",
        "200910": "7.05",
        "200911": "7.68",
        "200912": "8.72",
        "201001": "10.89",
        "201002": "14.64",
        "201003": "15.85",
        "201004": "17.82",
        "201005": "17.64",
        "201006": "17.55",
        "201007": "16.92",
        "201008": "17.28",
        "201009": "16.69",
        "201010": "16.28",
        "201011": "17.77",
        "201012": "24.71",
        "201101": "43.08",
        "201102": "61.31",
        "201103": "59.87",
        "201104": "58.43",
        "201105": "51.09",
        "201106": "44.31",
        "201107": "44.45",
        "201108": "38.57",
        "201109": "32.40",
        "201110": "35.82",
        "201111": "33.38",
        "201112": "36.06",
        "201201": "38.84",
        "201202": "47.19",
        "201203": "52.35",
        "201204": "47.93",
        "201205": "44.95",
        "201206": "41.40",
        "201207": "42.78",
        "201208": "40.25",
        "201209": "39.16",
        "201210": "37.86",
        "201211": "37.93",
        "201212": "38.14",
        "201301": "35.80",
        "201302": "39.33",
        "201303": "46.46",
        "201304": "46.48",
        "201305": "35.91",
        "201306": "29.09",
        "201307": "27.52",
        "201308": "31.22",
        "201309": "32.28",
        "201310": "32.59",
        "201311": "33.35",
        "201312": "34.73",
        "201401": "32.85",
        "201402": "32.06",
        "201403": "30.46",
        "201404": "28.34",
        "201405": "28.19",
        "201406": "26.68",
        "201407": "26.78",
        "201408": "27.10",
        "201409": "23.87",
        "201410": "21.60",
        "201411": "18.66",
        "201412": "18.31",
        "201501": "17.93",
        "201502": "14.37",
        "201503": "13.40",
        "201504": "13.18",
        "201505": "10.44",
        "201506": "10.88",
        "201507": "9.10",
        "201508": "7.85",
        "201509": "6.99",
        "201510": "7.97",
        "201511": "7.70",
        "201512": "8.14",
        "201601": "7.68",
        "201602": "8.75",
        "201603": "8.33",
        "201604": "8.14",
        "201605": "8.71",
        "201606": "8.04",
        "201607": "7.76",
        "201608": "7.08",
        "201609": "6.68",
        "201610": "7.47",
        "201611": "8.56",
        "201612": "16.77",
        "201701": "17.63",
        "201702": "16.93",
        "201703": "15.15",
        "201704": "16.29",
        "201705": "15.53",
        "201706": "15.13",
        "201707": "14.58",
        "201708": "13.25",
        "201709": "12.65",
        "201710": "12.59",
        "201711": "10.61",
        "201712": "9.99",
        "201801": "12.84",
        "201802": "13.04",
        "201803": "12.99",
        "201804": "12.84",
        "201805": "14.07",
        "201806": "15.52",
        "201807": "15.94",
        "201808": "17.50",
        "201809": "16.42",
        "201810": "17.30",
        "201811": "15.45",
        "201812": "16.40",
        "201901": "15.96",
        "201902": "15.07",
        "201903": "15.34",
        "201904": "14.22",
        "201905": "11.84",
        "201906": "8.89",
        "201907": "7.98",
        "201908": "7.56",
        "201909": "9.43",
        "201910": "12.55",
        "201911": "12.17",
        "201912": "12.92",
        "202001": "10.14",
        "202002": "9.79",
        "202003": "8.48",
        "202004": "6.40",
        "202005": "7.12",
        "202006": "9.45",
        "202007": "12.10",
        "202008": "10.67",
        "202009": "10.32",
        "202010": "9.96",
        "202011": "9.05",
        "202012": "7.57",
        "202101": "6.59",
        "202102": "6.10",
        "202103": "6.39",
        "202104": "6.92",
        "202105": "6.04",
        "202106": "6.07",
        "202107": "8.13",
        "202108": "7.18",
        "202109": "無",
        "202110": "無",
        "202111": "無",
        "202112": "無",
        "202201": "無",
        "202202": "7.42",
        "202203": "6.38",
        "202204": "5.70",
        "202205": "5.48",
        "202206": "5.24",
        "202207": "4.99",
        "202208": "4.29",
        "202209": "5.08",
        "202210": "4.15",
        "202211": "4.76",
        "202212": "4.75",
        "202301": "5.05",
        "202302": "4.92",
        "202303": "4.79",
        "202304": "4.61",
        "202305": "4.23",
        "202306": "4.03",
        "202307": "3.86",
        "202308": "3.88",
        "202309": "4.08",
        "202310": "3.59",
        "202311": "3.06",
        "202312": "2.89"
    },
    "quarters": {
        "20011": {
            "year_quarter": 20011,
            "year": 2001,
            "quarter": 1,
            "eps": 0.14,
            "eps_growth_year": 0,
            "eps_4q": 0.84,
            "eps_4q_growth_year": -8.35,
            "roe": 1.06,
            "roe_4q": 1.06,
            "gross_profit": 18385,
            "gross_margin": 13.77,
            "gross_margin_4q_avg": 13.77,
            "net_income": 7851,
            "net_income_4q": null,
            "revenue": 133552,
            "revenue_4q": null,
            "common_shares": 576134,
            "book_valuer_per_share": 12.93,
            "book_valuer_per_share_4q_avg": 12.93,
            "equity": 745214,
            "current_ratio": 180.03,
            "debt_ratio": 31.97,
            "inventory_turnover_ratio": 0.47,
            "account_receivable_turnover_ratio": null,
            "reinvestment_rate": null,
            "research_to_sale_ratio": null,
            "price_fair": 0,
            "eps_avg_yearly": 0,
            "eps_latest_yearly": 0,
            "eps_growth_yearly": 0
        },
        "20012": {
            "year_quarter": 20012,
            "year": 2001,
            "quarter": 2,
            "eps": 0.22,
            "eps_growth_year": -18.52,
            "eps_4q": 0.78,
            "eps_4q_growth_year": -22.39,
            "roe": 1.65,
            "roe_4q": 2.71,
            "gross_profit": 22573,
            "gross_margin": 15.1,
            "gross_margin_4q_avg": 14.44,
            "net_income": 12412,
            "net_income_4q": null,
            "revenue": 149497,
            "revenue_4q": null,
            "common_shares": 576134,
            "book_valuer_per_share": 13.17,
            "book_valuer_per_share_4q_avg": 13.05,
            "equity": 758934,
            "current_ratio": 178.45,
            "debt_ratio": 31.86,
            "inventory_turnover_ratio": 0.72,
            "account_receivable_turnover_ratio": null,
            "reinvestment_rate": null,
            "research_to_sale_ratio": null,
            "price_fair": 0,
            "eps_avg_yearly": 0,
            "eps_latest_yearly": 0,
            "eps_growth_yearly": 0
        },
        "20013": {
            "year_quarter": 20013,
            "year": 2001,
            "quarter": 3,
            "eps": 0.16,
            "eps_growth_year": -48.39,
            "eps_4q": 0.61,
            "eps_4q_growth_year": -42.02,
            "roe": 1.24,
            "roe_4q": 3.9499999999999997,
            "gross_profit": 18472,
            "gross_margin": 14.38,
            "gross_margin_4q_avg": 14.42,
            "net_income": 9460,
            "net_income_4q": null,
            "revenue": 128466,
            "revenue_4q": null,
            "common_shares": 593418,
            "book_valuer_per_share": 12.96,
            "book_valuer_per_share_4q_avg": 13.02,
            "equity": 769150,
            "current_ratio": 183.09,
            "debt_ratio": 31.17,
            "inventory_turnover_ratio": 0.63,
            "account_receivable_turnover_ratio": null,
            "reinvestment_rate": null,
            "research_to_sale_ratio": null,
            "price_fair": 0,
            "eps_avg_yearly": 0,
            "eps_latest_yearly": 0,
            "eps_growth_yearly": 0
        },
        "20014": {
            "year_quarter": 20014,
            "year": 2001,
            "quarter": 4,
            "eps": 0.07,
            "eps_growth_year": -36.36,
            "eps_4q": 0.54,
            "eps_4q_growth_year": -33.73,
            "roe": 0.57,
            "roe_4q": 4.52,
            "gross_profit": 18198,
            "gross_margin": 13.92,
            "gross_margin_4q_avg": 14.29,
            "net_income": 4403,
            "net_income_4q": null,
            "revenue": 130769,
            "revenue_4q": null,
            "common_shares": 593418,
            "book_valuer_per_share": 13.12,
            "book_valuer_per_share_4q_avg": 13.05,
            "equity": 778406,
            "current_ratio": 331.4,
            "debt_ratio": 27.36,
            "inventory_turnover_ratio": 0.46,
            "account_receivable_turnover_ratio": null,
            "reinvestment_rate": null,
            "research_to_sale_ratio": null,
            "price_fair": 0,
            "eps_avg_yearly": 0,
            "eps_latest_yearly": 0,
            "eps_growth_yearly": 0
        },
        "20021": {
            "year_quarter": 20021,
            "year": 2002,
            "quarter": 1,
            "eps": 0.24,
            "eps_growth_year": 71.43,
            "eps_4q": 0.69,
            "eps_4q_growth_year": -17.45,
            "roe": 1.79,
            "roe_4q": 5.25,
            "gross_profit": 18610,
            "gross_margin": 14.13,
            "gross_margin_4q_avg": 14.38,
            "net_income": 14025,
            "net_income_4q": null,
            "revenue": 131701,
            "revenue_4q": null,
            "common_shares": 593418,
            "book_valuer_per_share": 13.35,
            "book_valuer_per_share_4q_avg": 13.15,
            "equity": 792353,
            "current_ratio": 284.16,
            "debt_ratio": 24.73,
            "inventory_turnover_ratio": 0.47,
            "account_receivable_turnover_ratio": null,
            "reinvestment_rate": null,
            "research_to_sale_ratio": null,
            "price_fair": 33.6,
            "eps_avg_yearly": 0.96,
            "eps_latest_yearly": 0.96,
            "eps_growth_yearly": 971.43
        },
        "20022": {
            "year_quarter": 20022,
            "year": 2002,
            "quarter": 2,
            "eps": 0.29,
            "eps_growth_year": 31.82,
            "eps_4q": 0.76,
            "eps_4q_growth_year": -3.62,
            "roe": 2.2,
            "roe_4q": 5.800000000000001,
            "gross_profit": 19030,
            "gross_margin": 13.23,
            "gross_margin_4q_avg": 13.92,
            "net_income": 17345,
            "net_income_4q": null,
            "revenue": 143873,
            "revenue_4q": null,
            "common_shares": 593418,
            "book_valuer_per_share": 13.17,
            "book_valuer_per_share_4q_avg": 13.15,
            "equity": 781330,
            "current_ratio": 245.41,
            "debt_ratio": 27.86,
            "inventory_turnover_ratio": 0.7,
            "account_receivable_turnover_ratio": null,
            "reinvestment_rate": null,
            "research_to_sale_ratio": null,
            "price_fair": 37.1,
            "eps_avg_yearly": 1.06,
            "eps_latest_yearly": 1.16,
            "eps_growth_yearly": 527.38
        },
        "20023": {
            "year_quarter": 20023,
            "year": 2002,
            "quarter": 3,
            "eps": 0.41,
            "eps_growth_year": 156.25,
            "eps_4q": 1,
            "eps_4q_growth_year": 64.1,
            "roe": 3.1,
            "roe_4q": 7.660000000000001,
            "gross_profit": 19493,
            "gross_margin": 14.43,
            "gross_margin_4q_avg": 13.93,
            "net_income": 24861,
            "net_income_4q": null,
            "revenue": 135080,
            "revenue_4q": null,
            "common_shares": 610000,
            "book_valuer_per_share": 13.45,
            "book_valuer_per_share_4q_avg": 13.27,
            "equity": 820434,
            "current_ratio": 290.38,
            "debt_ratio": 24.92,
            "inventory_turnover_ratio": 0.62,
            "account_receivable_turnover_ratio": null,
            "reinvestment_rate": null,
            "research_to_sale_ratio": null,
            "price_fair": 43.87,
            "eps_avg_yearly": 1.25,
            "eps_latest_yearly": 1.64,
            "eps_growth_yearly": 406.76
        },
        "20024": {
            "year_quarter": 20024,
            "year": 2002,
            "quarter": 4,
            "eps": 0.07,
            "eps_growth_year": 0,
            "eps_4q": 0.95,
            "eps_4q_growth_year": 74.92,
            "roe": 0.54,
            "roe_4q": 7.63,
            "gross_profit": 16826,
            "gross_margin": 12.56,
            "gross_margin_4q_avg": 13.59,
            "net_income": 4478,
            "net_income_4q": null,
            "revenue": 134000,
            "revenue_4q": null,
            "common_shares": 610000,
            "book_valuer_per_share": 13.49,
            "book_valuer_per_share_4q_avg": 13.37,
            "equity": 823087,
            "current_ratio": 366.64,
            "debt_ratio": 27.65,
            "inventory_turnover_ratio": 0.44,
            "account_receivable_turnover_ratio": null,
            "reinvestment_rate": -65.38,
            "research_to_sale_ratio": null,
            "price_fair": 35.35,
            "eps_avg_yearly": 1.01,
            "eps_latest_yearly": 0.28,
            "eps_growth_yearly": 222.14
        },
        "20031": {
            "year_quarter": 20031,
            "year": 2003,
            "quarter": 1,
            "eps": 0.23,
            "eps_growth_year": -4.17,
            "eps_4q": 0.99,
            "eps_4q_growth_year": 43.08,
            "roe": 1.71,
            "roe_4q": 7.55,
            "gross_profit": 19989,
            "gross_margin": 15.35,
            "gross_margin_4q_avg": 13.89,
            "net_income": 14189,
            "net_income_4q": null,
            "revenue": 130209,
            "revenue_4q": null,
            "common_shares": 610000,
            "book_valuer_per_share": 13.72,
            "book_valuer_per_share_4q_avg": 13.46,
            "equity": 836958,
            "current_ratio": 334.33,
            "debt_ratio": 24.15,
            "inventory_turnover_ratio": 0.43,
            "account_receivable_turnover_ratio": null,
            "reinvestment_rate": -82.97,
            "research_to_sale_ratio": null,
            "price_fair": 34.72,
            "eps_avg_yearly": 0.99,
            "eps_latest_yearly": 0.92,
            "eps_growth_yearly": 360.57
        },
        "20032": {
            "year_quarter": 20032,
            "year": 2003,
            "quarter": 2,
            "eps": 0.32,
            "eps_growth_year": 10.34,
            "eps_4q": 1.03,
            "eps_4q_growth_year": 35.99,
            "roe": 2.35,
            "roe_4q": 7.700000000000001,
            "gross_profit": 17354,
            "gross_margin": 12.41,
            "gross_margin_4q_avg": 13.69,
            "net_income": 19661,
            "net_income_4q": null,
            "revenue": 139811,
            "revenue_4q": null,
            "common_shares": 610000,
            "book_valuer_per_share": 13.67,
            "book_valuer_per_share_4q_avg": 13.58,
            "equity": 833813,
            "current_ratio": 284.6,
            "debt_ratio": 26.22,
            "inventory_turnover_ratio": 0.7,
            "account_receivable_turnover_ratio": null,
            "reinvestment_rate": -77.12,
            "research_to_sale_ratio": null,
            "price_fair": 36.4,
            "eps_avg_yearly": 1.04,
            "eps_latest_yearly": 1.28,
            "eps_growth_yearly": 326.56
        },
        "20033": {
            "year_quarter": 20033,
            "year": 2003,
            "quarter": 3,
            "eps": 0.21,
            "eps_growth_year": -48.78,
            "eps_4q": 0.82,
            "eps_4q_growth_year": -17.63,
            "roe": 1.57,
            "roe_4q": 6.17,
            "gross_profit": 15567,
            "gross_margin": 13.08,
            "gross_margin_4q_avg": 13.35,
            "net_income": 13117,
            "net_income_4q": null,
            "revenue": 119040,
            "revenue_4q": null,
            "common_shares": 622200,
            "book_valuer_per_share": 13.49,
            "book_valuer_per_share_4q_avg": 13.59,
            "equity": 839091,
            "current_ratio": 283.87,
            "debt_ratio": 26.74,
            "inventory_turnover_ratio": 0.54,
            "account_receivable_turnover_ratio": null,
            "reinvestment_rate": -76.02,
            "research_to_sale_ratio": null,
            "price_fair": 35.4,
            "eps_avg_yearly": 1.01,
            "eps_latest_yearly": 0.84,
            "eps_growth_yearly": 260.27
        },
        "20034": {
            "year_quarter": 20034,
            "year": 2003,
            "quarter": 4,
            "eps": 0.14,
            "eps_growth_year": 100,
            "eps_4q": 0.92,
            "eps_4q_growth_year": -3.03,
            "roe": 1,
            "roe_4q": 6.63,
            "gross_profit": 12734,
            "gross_margin": 7.66,
            "gross_margin_4q_avg": 12.13,
            "net_income": 8427,
            "net_income_4q": null,
            "revenue": 166247,
            "revenue_4q": null,
            "common_shares": 622200,
            "book_valuer_per_share": 13.65,
            "book_valuer_per_share_4q_avg": 13.63,
            "equity": 849140,
            "current_ratio": 358.32,
            "debt_ratio": 29.23,
            "inventory_turnover_ratio": 0.58,
            "account_receivable_turnover_ratio": null,
            "reinvestment_rate": -21.06,
            "research_to_sale_ratio": null,
            "price_fair": 33.43,
            "eps_avg_yearly": 0.96,
            "eps_latest_yearly": 0.56,
            "eps_growth_yearly": 211.07
        },
        "20041": {
            "year_quarter": 20041,
            "year": 2004,
            "quarter": 1,
            "eps": 0.28,
            "eps_growth_year": 21.74,
            "eps_4q": 0.94,
            "eps_4q_growth_year": -4.59,
            "roe": 2.05,
            "roe_4q": 6.970000000000001,
            "gross_profit": 16043,
            "gross_margin": 11.98,
            "gross_margin_4q_avg": 11.28,
            "net_income": 17444,
            "net_income_4q": null,
            "revenue": 133905,
            "revenue_4q": null,
            "common_shares": 622200,
            "book_valuer_per_share": 13.7,
            "book_valuer_per_share_4q_avg": 13.63,
            "equity": 852647,
            "current_ratio": 259.7,
            "debt_ratio": 27.57,
            "inventory_turnover_ratio": 0.44,
            "account_receivable_turnover_ratio": null,
            "reinvestment_rate": 7.91,
            "research_to_sale_ratio": null,
            "price_fair": 34.07,
            "eps_avg_yearly": 0.97,
            "eps_latest_yearly": 1.12,
            "eps_growth_yearly": 232.06
        },
        "20042": {
            "year_quarter": 20042,
            "year": 2004,
            "quarter": 2,
            "eps": 0.35,
            "eps_growth_year": 9.38,
            "eps_4q": 0.95,
            "eps_4q_growth_year": -7.39,
            "roe": 2.64,
            "roe_4q": 7.26,
            "gross_profit": 16293,
            "gross_margin": 12.08,
            "gross_margin_4q_avg": 11.2,
            "net_income": 22649,
            "net_income_4q": null,
            "revenue": 134905,
            "revenue_4q": null,
            "common_shares": 640866,
            "book_valuer_per_share": 13.47,
            "book_valuer_per_share_4q_avg": 13.58,
            "equity": 863333,
            "current_ratio": 220.97,
            "debt_ratio": 31.25,
            "inventory_turnover_ratio": 0.54,
            "account_receivable_turnover_ratio": null,
            "reinvestment_rate": 4.54,
            "research_to_sale_ratio": null,
            "price_fair": 35.56,
            "eps_avg_yearly": 1.02,
            "eps_latest_yearly": 1.4,
            "eps_growth_yearly": 218.85
        },
        "20043": {
            "year_quarter": 20043,
            "year": 2004,
            "quarter": 3,
            "eps": 0.17,
            "eps_growth_year": -19.05,
            "eps_4q": 0.93,
            "eps_4q_growth_year": 12.53,
            "roe": 1.25,
            "roe_4q": 6.9399999999999995,
            "gross_profit": 11720,
            "gross_margin": 10.54,
            "gross_margin_4q_avg": 10.57,
            "net_income": 10899,
            "net_income_4q": null,
            "revenue": 111234,
            "revenue_4q": null,
            "common_shares": 640866,
            "book_valuer_per_share": 13.69,
            "book_valuer_per_share_4q_avg": 13.63,
            "equity": 877192,
            "current_ratio": 242.92,
            "debt_ratio": 29.06,
            "inventory_turnover_ratio": 0.42,
            "account_receivable_turnover_ratio": null,
            "reinvestment_rate": 3.55,
            "research_to_sale_ratio": null,
            "price_fair": 34.49,
            "eps_avg_yearly": 0.99,
            "eps_latest_yearly": 0.68,
            "eps_growth_yearly": 180.26
        },
        "20044": {
            "year_quarter": 20044,
            "year": 2004,
            "quarter": 4,
            "eps": -0.01,
            "eps_growth_year": -107.14,
            "eps_4q": 0.79,
            "eps_4q_growth_year": -14.16,
            "roe": -0.06,
            "roe_4q": 5.88,
            "gross_profit": 12046,
            "gross_margin": 9.63,
            "gross_margin_4q_avg": 11.06,
            "net_income": -502,
            "net_income_4q": null,
            "revenue": 125033,
            "revenue_4q": null,
            "common_shares": 640866,
            "book_valuer_per_share": 13.2,
            "book_valuer_per_share_4q_avg": 13.52,
            "equity": 845900,
            "current_ratio": 373.43,
            "debt_ratio": 29.98,
            "inventory_turnover_ratio": 0.41,
            "account_receivable_turnover_ratio": null,
            "reinvestment_rate": -3.82,
            "research_to_sale_ratio": null,
            "price_fair": 34.49,
            "eps_avg_yearly": 0.99,
            "eps_latest_yearly": 0.68,
            "eps_growth_yearly": 180.26
        },
        "20051": {
            "year_quarter": 20051,
            "year": 2005,
            "quarter": 1,
            "eps": -0.05,
            "eps_growth_year": -117.86,
            "eps_4q": 0.45,
            "eps_4q_growth_year": -51.69,
            "roe": -0.39,
            "roe_4q": 3.4400000000000004,
            "gross_profit": -695,
            "gross_margin": -0.65,
            "gross_margin_4q_avg": 7.9,
            "net_income": -3273,
            "net_income_4q": null,
            "revenue": 107017,
            "revenue_4q": null,
            "common_shares": 640866,
            "book_valuer_per_share": 13.15,
            "book_valuer_per_share_4q_avg": 13.38,
            "equity": 842763,
            "current_ratio": 256.03,
            "debt_ratio": 28.02,
            "inventory_turnover_ratio": 0.42,
            "account_receivable_turnover_ratio": null,
            "reinvestment_rate": -20.78,
            "research_to_sale_ratio": null,
            "price_fair": 34.49,
            "eps_avg_yearly": 0.99,
            "eps_latest_yearly": 0.68,
            "eps_growth_yearly": 180.26
        },
        "20052": {
            "year_quarter": 20052,
            "year": 2005,
            "quarter": 2,
            "eps": -0.14,
            "eps_growth_year": -140,
            "eps_4q": -0.03,
            "eps_4q_growth_year": -102.85,
            "roe": -1.08,
            "roe_4q": -0.28000000000000025,
            "gross_profit": 9368,
            "gross_margin": 8.84,
            "gross_margin_4q_avg": 7.09,
            "net_income": -8861,
            "net_income_4q": null,
            "revenue": 106028,
            "revenue_4q": null,
            "common_shares": 640866,
            "book_valuer_per_share": 12.45,
            "book_valuer_per_share_4q_avg": 13.12,
            "equity": 798120,
            "current_ratio": 203.44,
            "debt_ratio": 32.6,
            "inventory_turnover_ratio": 0.47,
            "account_receivable_turnover_ratio": null,
            "reinvestment_rate": -23.9,
            "research_to_sale_ratio": null,
            "price_fair": 34.49,
            "eps_avg_yearly": 0.99,
            "eps_latest_yearly": 0.68,
            "eps_growth_yearly": 180.26
        },
        "20053": {
            "year_quarter": 20053,
            "year": 2005,
            "quarter": 3,
            "eps": -0.22,
            "eps_growth_year": -229.41,
            "eps_4q": -0.42,
            "eps_4q_growth_year": -145.47,
            "roe": -1.79,
            "roe_4q": -3.3200000000000003,
            "gross_profit": 9309,
            "gross_margin": 7.4,
            "gross_margin_4q_avg": 6.31,
            "net_income": -14374,
            "net_income_4q": null,
            "revenue": 125839,
            "revenue_4q": null,
            "common_shares": 640866,
            "book_valuer_per_share": 12.59,
            "book_valuer_per_share_4q_avg": 12.85,
            "equity": 806854,
            "current_ratio": 228.48,
            "debt_ratio": 31.14,
            "inventory_turnover_ratio": 0.58,
            "account_receivable_turnover_ratio": null,
            "reinvestment_rate": -35.94,
            "research_to_sale_ratio": null,
            "price_fair": 34.49,
            "eps_avg_yearly": 0.99,
            "eps_latest_yearly": 0.68,
            "eps_growth_yearly": 180.26
        },
        "20054": {
            "year_quarter": 20054,
            "year": 2005,
            "quarter": 4,
            "eps": -0.27,
            "eps_growth_year": null,
            "eps_4q": -0.68,
            "eps_4q_growth_year": -186.08,
            "roe": -2.16,
            "roe_4q": -5.42,
            "gross_profit": 903,
            "gross_margin": 0.87,
            "gross_margin_4q_avg": 4.12,
            "net_income": -17308,
            "net_income_4q": null,
            "revenue": 103704,
            "revenue_4q": null,
            "common_shares": 640866,
            "book_valuer_per_share": 12.36,
            "book_valuer_per_share_4q_avg": 12.64,
            "equity": 792276,
            "current_ratio": 437.07,
            "debt_ratio": 30.12,
            "inventory_turnover_ratio": 0.36,
            "account_receivable_turnover_ratio": null,
            "reinvestment_rate": -91.08,
            "research_to_sale_ratio": null,
            "price_fair": 34.49,
            "eps_avg_yearly": 0.99,
            "eps_latest_yearly": 0.68,
            "eps_growth_yearly": 180.26
        },
        "20061": {
            "year_quarter": 20061,
            "year": 2006,
            "quarter": 1,
            "eps": -0.15,
            "eps_growth_year": null,
            "eps_4q": -0.79,
            "eps_4q_growth_year": -272.61,
            "roe": -1.22,
            "roe_4q": -6.25,
            "gross_profit": -121,
            "gross_margin": -0.16,
            "gross_margin_4q_avg": 4.24,
            "net_income": -9576,
            "net_income_4q": null,
            "revenue": 75067,
            "revenue_4q": null,
            "common_shares": 640866,
            "book_valuer_per_share": 12.15,
            "book_valuer_per_share_4q_avg": 12.39,
            "equity": 778795,
            "current_ratio": 242.67,
            "debt_ratio": 28.39,
            "inventory_turnover_ratio": 0.27,
            "account_receivable_turnover_ratio": null,
            "reinvestment_rate": -89.65,
            "research_to_sale_ratio": null,
            "price_fair": 34.58,
            "eps_avg_yearly": 0.99,
            "eps_latest_yearly": 0.68,
            "eps_growth_yearly": 101.14
        },
        "20062": {
            "year_quarter": 20062,
            "year": 2006,
            "quarter": 2,
            "eps": -0.65,
            "eps_growth_year": null,
            "eps_4q": -1.3,
            "eps_4q_growth_year": null,
            "roe": -5.51,
            "roe_4q": -10.68,
            "gross_profit": 3332,
            "gross_margin": 4.31,
            "gross_margin_4q_avg": 3.11,
            "net_income": -41809,
            "net_income_4q": null,
            "revenue": 77322,
            "revenue_4q": null,
            "common_shares": 640866,
            "book_valuer_per_share": 11.52,
            "book_valuer_per_share_4q_avg": 12.16,
            "equity": 738515,
            "current_ratio": 217.89,
            "debt_ratio": 28.45,
            "inventory_turnover_ratio": 0.46,
            "account_receivable_turnover_ratio": null,
            "reinvestment_rate": -234.72,
            "research_to_sale_ratio": null,
            "price_fair": 33.91,
            "eps_avg_yearly": 0.97,
            "eps_latest_yearly": 0.68,
            "eps_growth_yearly": 103.12
        },
        "20063": {
            "year_quarter": 20063,
            "year": 2006,
            "quarter": 3,
            "eps": 0.08,
            "eps_growth_year": null,
            "eps_4q": -0.97,
            "eps_4q_growth_year": null,
            "roe": 0.7,
            "roe_4q": -8.19,
            "gross_profit": 2347,
            "gross_margin": 3.63,
            "gross_margin_4q_avg": 2.16,
            "net_income": 5235,
            "net_income_4q": null,
            "revenue": 64628,
            "revenue_4q": null,
            "common_shares": 640866,
            "book_valuer_per_share": 11.7,
            "book_valuer_per_share_4q_avg": 11.93,
            "equity": 750022,
            "current_ratio": 224.6,
            "debt_ratio": 27.4,
            "inventory_turnover_ratio": 0.45,
            "account_receivable_turnover_ratio": null,
            "reinvestment_rate": -484.15,
            "research_to_sale_ratio": null,
            "price_fair": 30.98,
            "eps_avg_yearly": 0.89,
            "eps_latest_yearly": 0.68,
            "eps_growth_yearly": 95.32
        },
        "20064": {
            "year_quarter": 20064,
            "year": 2006,
            "quarter": 4,
            "eps": 0.11,
            "eps_growth_year": null,
            "eps_4q": -0.6,
            "eps_4q_growth_year": null,
            "roe": 0.95,
            "roe_4q": -5.08,
            "gross_profit": 1486,
            "gross_margin": 2.29,
            "gross_margin_4q_avg": 2.52,
            "net_income": 7163,
            "net_income_4q": null,
            "revenue": 64812,
            "revenue_4q": null,
            "common_shares": 640866,
            "book_valuer_per_share": 11.89,
            "book_valuer_per_share_4q_avg": 11.82,
            "equity": 762002,
            "current_ratio": 374.49,
            "debt_ratio": 32.08,
            "inventory_turnover_ratio": 0.29,
            "account_receivable_turnover_ratio": null,
            "reinvestment_rate": -551.09,
            "research_to_sale_ratio": null,
            "price_fair": 31.68,
            "eps_avg_yearly": 0.91,
            "eps_latest_yearly": 0.44,
            "eps_growth_yearly": 155.53
        },
        "20071": {
            "year_quarter": 20071,
            "year": 2007,
            "quarter": 1,
            "eps": 0.03,
            "eps_growth_year": null,
            "eps_4q": -0.43,
            "eps_4q_growth_year": null,
            "roe": 0.25,
            "roe_4q": -3.61,
            "gross_profit": 1024,
            "gross_margin": 1.6,
            "gross_margin_4q_avg": 2.96,
            "net_income": 1925,
            "net_income_4q": null,
            "revenue": 63906,
            "revenue_4q": null,
            "common_shares": 640866,
            "book_valuer_per_share": 12.01,
            "book_valuer_per_share_4q_avg": 11.78,
            "equity": 769644,
            "current_ratio": 230.38,
            "debt_ratio": 25.03,
            "inventory_turnover_ratio": 0.31,
            "account_receivable_turnover_ratio": null,
            "reinvestment_rate": -971.67,
            "research_to_sale_ratio": null,
            "price_fair": 11.98,
            "eps_avg_yearly": 0.81,
            "eps_latest_yearly": 0.12,
            "eps_growth_yearly": 4.88
        },
        "20072": {
            "year_quarter": 20072,
            "year": 2007,
            "quarter": 2,
            "eps": 0.01,
            "eps_growth_year": null,
            "eps_4q": 0.23,
            "eps_4q_growth_year": null,
            "roe": 0.07,
            "roe_4q": 1.97,
            "gross_profit": -3773,
            "gross_margin": -5.07,
            "gross_margin_4q_avg": 0.61,
            "net_income": 564,
            "net_income_4q": null,
            "revenue": 74414,
            "revenue_4q": null,
            "common_shares": 640866,
            "book_valuer_per_share": 12.1,
            "book_valuer_per_share_4q_avg": 11.93,
            "equity": 775660,
            "current_ratio": 290.24,
            "debt_ratio": 21.83,
            "inventory_turnover_ratio": 0.74,
            "account_receivable_turnover_ratio": null,
            "reinvestment_rate": null,
            "research_to_sale_ratio": null,
            "price_fair": 1.95,
            "eps_avg_yearly": 0.65,
            "eps_latest_yearly": 0.04,
            "eps_growth_yearly": -48.02
        },
        "20073": {
            "year_quarter": 20073,
            "year": 2007,
            "quarter": 3,
            "eps": 0.24,
            "eps_growth_year": 200,
            "eps_4q": 0.39,
            "eps_4q_growth_year": null,
            "roe": 1.95,
            "roe_4q": 3.2199999999999998,
            "gross_profit": 3551,
            "gross_margin": 5.61,
            "gross_margin_4q_avg": 1.11,
            "net_income": 15200,
            "net_income_4q": null,
            "revenue": 63284,
            "revenue_4q": null,
            "common_shares": 640866,
            "book_valuer_per_share": 12.23,
            "book_valuer_per_share_4q_avg": 12.06,
            "equity": 783480,
            "current_ratio": 280.63,
            "debt_ratio": 21.19,
            "inventory_turnover_ratio": 0.6,
            "account_receivable_turnover_ratio": null,
            "reinvestment_rate": null,
            "research_to_sale_ratio": null,
            "price_fair": 23.28,
            "eps_avg_yearly": 0.67,
            "eps_latest_yearly": 0.96,
            "eps_growth_yearly": 1119.17
        },
        "20074": {
            "year_quarter": 20074,
            "year": 2007,
            "quarter": 4,
            "eps": -0.01,
            "eps_growth_year": -109.09,
            "eps_4q": 0.26,
            "eps_4q_growth_year": null,
            "roe": -0.1,
            "roe_4q": 2.17,
            "gross_profit": 10147,
            "gross_margin": 17.73,
            "gross_margin_4q_avg": 4.97,
            "net_income": -775,
            "net_income_4q": null,
            "revenue": 57241,
            "revenue_4q": null,
            "common_shares": 640866,
            "book_valuer_per_share": 12.51,
            "book_valuer_per_share_4q_avg": 12.21,
            "equity": 801952,
            "current_ratio": 399.43,
            "debt_ratio": 26.92,
            "inventory_turnover_ratio": 0.26,
            "account_receivable_turnover_ratio": null,
            "reinvestment_rate": null,
            "research_to_sale_ratio": null,
            "price_fair": 23.8,
            "eps_avg_yearly": 0.68,
            "eps_latest_yearly": 0.96,
            "eps_growth_yearly": 1298.1
        },
        "20081": {
            "year_quarter": 20081,
            "year": 2008,
            "quarter": 1,
            "eps": -0.02,
            "eps_growth_year": -166.67,
            "eps_4q": 0.25,
            "eps_4q_growth_year": null,
            "roe": -0.14,
            "roe_4q": 1.78,
            "gross_profit": 25422,
            "gross_margin": 16.63,
            "gross_margin_4q_avg": 8.73,
            "net_income": -1097,
            "net_income_4q": null,
            "revenue": 152829,
            "revenue_4q": null,
            "common_shares": 640866,
            "book_valuer_per_share": 12.22,
            "book_valuer_per_share_4q_avg": 12.27,
            "equity": 783088,
            "current_ratio": 395.08,
            "debt_ratio": 26.8,
            "inventory_turnover_ratio": 0.49,
            "account_receivable_turnover_ratio": null,
            "reinvestment_rate": null,
            "research_to_sale_ratio": null,
            "price_fair": 21.23,
            "eps_avg_yearly": 0.61,
            "eps_latest_yearly": 0.96,
            "eps_growth_yearly": 1447.78
        },
        "20082": {
            "year_quarter": 20082,
            "year": 2008,
            "quarter": 2,
            "eps": -0.28,
            "eps_growth_year": -2900,
            "eps_4q": -0.07,
            "eps_4q_growth_year": -129.48,
            "roe": -2.31,
            "roe_4q": -0.6000000000000003,
            "gross_profit": 19372,
            "gross_margin": 11.09,
            "gross_margin_4q_avg": 12.77,
            "net_income": -17716,
            "net_income_4q": null,
            "revenue": 174704,
            "revenue_4q": null,
            "common_shares": 640866,
            "book_valuer_per_share": 11.76,
            "book_valuer_per_share_4q_avg": 12.18,
            "equity": 753703,
            "current_ratio": 361.36,
            "debt_ratio": 28.37,
            "inventory_turnover_ratio": 0.6,
            "account_receivable_turnover_ratio": null,
            "reinvestment_rate": null,
            "research_to_sale_ratio": null,
            "price_fair": 15.68,
            "eps_avg_yearly": 0.45,
            "eps_latest_yearly": 0.96,
            "eps_growth_yearly": 1717.34
        },
        "20083": {
            "year_quarter": 20083,
            "year": 2008,
            "quarter": 3,
            "eps": 0.02,
            "eps_growth_year": -91.67,
            "eps_4q": -0.34,
            "eps_4q_growth_year": -187.09,
            "roe": 0.14,
            "roe_4q": -2.41,
            "gross_profit": 21763,
            "gross_margin": 16.3,
            "gross_margin_4q_avg": 15.44,
            "net_income": 1083,
            "net_income_4q": null,
            "revenue": 133492,
            "revenue_4q": null,
            "common_shares": 640866,
            "book_valuer_per_share": 12.29,
            "book_valuer_per_share_4q_avg": 12.2,
            "equity": 787310,
            "current_ratio": 346.7,
            "debt_ratio": 29.32,
            "inventory_turnover_ratio": 0.41,
            "account_receivable_turnover_ratio": null,
            "reinvestment_rate": null,
            "research_to_sale_ratio": null,
            "price_fair": 13.65,
            "eps_avg_yearly": 0.39,
            "eps_latest_yearly": 0.96,
            "eps_growth_yearly": 2198.11
        },
        "20084": {
            "year_quarter": 20084,
            "year": 2008,
            "quarter": 4,
            "eps": -0.42,
            "eps_growth_year": null,
            "eps_4q": -0.7,
            "eps_4q_growth_year": -369.23,
            "roe": -3.44,
            "roe_4q": -5.749999999999999,
            "gross_profit": 8215,
            "gross_margin": 5.86,
            "gross_margin_4q_avg": 12.47,
            "net_income": -26824,
            "net_income_4q": null,
            "revenue": 140270,
            "revenue_4q": null,
            "common_shares": 640866,
            "book_valuer_per_share": 12.08,
            "book_valuer_per_share_4q_avg": 12.09,
            "equity": 774482,
            "current_ratio": 459.28,
            "debt_ratio": 23.51,
            "inventory_turnover_ratio": 0.49,
            "account_receivable_turnover_ratio": 1.62,
            "reinvestment_rate": null,
            "research_to_sale_ratio": null,
            "price_fair": 13.65,
            "eps_avg_yearly": 0.39,
            "eps_latest_yearly": 0.96,
            "eps_growth_yearly": 2198.11
        },
        "20091": {
            "year_quarter": 20091,
            "year": 2009,
            "quarter": 1,
            "eps": -0.09,
            "eps_growth_year": null,
            "eps_4q": -0.76,
            "eps_4q_growth_year": -401.64,
            "roe": -0.71,
            "roe_4q": -6.32,
            "gross_profit": 18376,
            "gross_margin": 15.02,
            "gross_margin_4q_avg": 12.07,
            "net_income": -5503,
            "net_income_4q": null,
            "revenue": 122383,
            "revenue_4q": null,
            "common_shares": 640866,
            "book_valuer_per_share": 12.27,
            "book_valuer_per_share_4q_avg": 12.1,
            "equity": 786481,
            "current_ratio": 445.68,
            "debt_ratio": 23.42,
            "inventory_turnover_ratio": 0.44,
            "account_receivable_turnover_ratio": 0.67,
            "reinvestment_rate": null,
            "research_to_sale_ratio": null,
            "price_fair": 13.65,
            "eps_avg_yearly": 0.39,
            "eps_latest_yearly": 0.96,
            "eps_growth_yearly": 2198.11
        },
        "20092": {
            "year_quarter": 20092,
            "year": 2009,
            "quarter": 2,
            "eps": -0.16,
            "eps_growth_year": null,
            "eps_4q": -0.65,
            "eps_4q_growth_year": null,
            "roe": -1.32,
            "roe_4q": -5.330000000000001,
            "gross_profit": 16500,
            "gross_margin": 10.86,
            "gross_margin_4q_avg": 12.01,
            "net_income": -10125,
            "net_income_4q": null,
            "revenue": 151935,
            "revenue_4q": null,
            "common_shares": 640866,
            "book_valuer_per_share": 11.63,
            "book_valuer_per_share_4q_avg": 12.07,
            "equity": 745275,
            "current_ratio": 397.47,
            "debt_ratio": 24.98,
            "inventory_turnover_ratio": 0.66,
            "account_receivable_turnover_ratio": 0.78,
            "reinvestment_rate": null,
            "research_to_sale_ratio": null,
            "price_fair": 13.65,
            "eps_avg_yearly": 0.39,
            "eps_latest_yearly": 0.96,
            "eps_growth_yearly": 2198.11
        },
        "20093": {
            "year_quarter": 20093,
            "year": 2009,
            "quarter": 3,
            "eps": -0.16,
            "eps_growth_year": -900,
            "eps_4q": -0.88,
            "eps_4q_growth_year": null,
            "roe": -1.41,
            "roe_4q": -6.88,
            "gross_profit": 22177,
            "gross_margin": 15.37,
            "gross_margin_4q_avg": 11.78,
            "net_income": -10246,
            "net_income_4q": null,
            "revenue": 144264,
            "revenue_4q": null,
            "common_shares": 600866,
            "book_valuer_per_share": 11.84,
            "book_valuer_per_share_4q_avg": 11.96,
            "equity": 711657,
            "current_ratio": 438.43,
            "debt_ratio": 24.85,
            "inventory_turnover_ratio": 0.69,
            "account_receivable_turnover_ratio": 0.74,
            "reinvestment_rate": null,
            "research_to_sale_ratio": null,
            "price_fair": 13.65,
            "eps_avg_yearly": 0.39,
            "eps_latest_yearly": 0.96,
            "eps_growth_yearly": 2198.11
        },
        "20094": {
            "year_quarter": 20094,
            "year": 2009,
            "quarter": 4,
            "eps": -0.15,
            "eps_growth_year": null,
            "eps_4q": null,
            "eps_4q_growth_year": null,
            "roe": -1.3,
            "roe_4q": -4.74,
            "gross_profit": 15164,
            "gross_margin": 10.1,
            "gross_margin_4q_avg": 12.84,
            "net_income": -9156,
            "net_income_4q": null,
            "revenue": 150073,
            "revenue_4q": null,
            "common_shares": 600866,
            "book_valuer_per_share": 11.64,
            "book_valuer_per_share_4q_avg": 11.85,
            "equity": 699303,
            "current_ratio": 402.69,
            "debt_ratio": 25.68,
            "inventory_turnover_ratio": 0.88,
            "account_receivable_turnover_ratio": 1.52,
            "reinvestment_rate": null,
            "research_to_sale_ratio": null,
            "price_fair": 13.65,
            "eps_avg_yearly": 0.39,
            "eps_latest_yearly": 0.96,
            "eps_growth_yearly": 2198.11
        },
        "20101": {
            "year_quarter": 20101,
            "year": 2010,
            "quarter": 1,
            "eps": null,
            "eps_growth_year": null,
            "eps_4q": null,
            "eps_4q_growth_year": null,
            "roe": -1.88,
            "roe_4q": -5.91,
            "gross_profit": 18753,
            "gross_margin": 14.96,
            "gross_margin_4q_avg": 12.82,
            "net_income": -12987,
            "net_income_4q": null,
            "revenue": 125327,
            "revenue_4q": null,
            "common_shares": 600866,
            "book_valuer_per_share": 11.38,
            "book_valuer_per_share_4q_avg": 11.62,
            "equity": 683497,
            "current_ratio": 383.27,
            "debt_ratio": 26.73,
            "inventory_turnover_ratio": 0.8,
            "account_receivable_turnover_ratio": 0.62,
            "reinvestment_rate": null,
            "research_to_sale_ratio": 0.45,
            "price_fair": 13.65,
            "eps_avg_yearly": 0.39,
            "eps_latest_yearly": 0.96,
            "eps_growth_yearly": 2198.11
        },
        "20102": {
            "year_quarter": 20102,
            "year": 2010,
            "quarter": 2,
            "eps": -0.41,
            "eps_growth_year": null,
            "eps_4q": -0.94,
            "eps_4q_growth_year": null,
            "roe": -3.61,
            "roe_4q": -8.2,
            "gross_profit": 30333,
            "gross_margin": 23.82,
            "gross_margin_4q_avg": 16.06,
            "net_income": -24391,
            "net_income_4q": null,
            "revenue": 127330,
            "revenue_4q": null,
            "common_shares": 600866,
            "book_valuer_per_share": 11.09,
            "book_valuer_per_share_4q_avg": 11.49,
            "equity": 666174,
            "current_ratio": 596.75,
            "debt_ratio": 26.65,
            "inventory_turnover_ratio": 0.77,
            "account_receivable_turnover_ratio": 0.64,
            "reinvestment_rate": null,
            "research_to_sale_ratio": 1.1,
            "price_fair": 13.65,
            "eps_avg_yearly": 0.39,
            "eps_latest_yearly": 0.96,
            "eps_growth_yearly": 2198.11
        },
        "20103": {
            "year_quarter": 20103,
            "year": 2010,
            "quarter": 3,
            "eps": -0.35,
            "eps_growth_year": null,
            "eps_4q": -1.12,
            "eps_4q_growth_year": null,
            "roe": -3.18,
            "roe_4q": -9.97,
            "gross_profit": 23007,
            "gross_margin": 21.27,
            "gross_margin_4q_avg": 17.54,
            "net_income": -20731,
            "net_income_4q": null,
            "revenue": 108186,
            "revenue_4q": null,
            "common_shares": 600866,
            "book_valuer_per_share": 10.61,
            "book_valuer_per_share_4q_avg": 11.18,
            "equity": 637557,
            "current_ratio": 889.3,
            "debt_ratio": 45.6,
            "inventory_turnover_ratio": 0.64,
            "account_receivable_turnover_ratio": 0.58,
            "reinvestment_rate": null,
            "research_to_sale_ratio": -0.45,
            "price_fair": 13.65,
            "eps_avg_yearly": 0.39,
            "eps_latest_yearly": 0.96,
            "eps_growth_yearly": 2198.11
        },
        "20104": {
            "year_quarter": 20104,
            "year": 2010,
            "quarter": 4,
            "eps": -0.21,
            "eps_growth_year": null,
            "eps_4q": -1.17,
            "eps_4q_growth_year": null,
            "roe": -2.01,
            "roe_4q": -10.68,
            "gross_profit": 17471,
            "gross_margin": 12.91,
            "gross_margin_4q_avg": 18.24,
            "net_income": -12458,
            "net_income_4q": null,
            "revenue": 135345,
            "revenue_4q": null,
            "common_shares": 600866,
            "book_valuer_per_share": 9.99,
            "book_valuer_per_share_4q_avg": 10.77,
            "equity": 599985,
            "current_ratio": 872.17,
            "debt_ratio": 45.67,
            "inventory_turnover_ratio": 0.91,
            "account_receivable_turnover_ratio": 0.75,
            "reinvestment_rate": null,
            "research_to_sale_ratio": 1.48,
            "price_fair": 13.07,
            "eps_avg_yearly": 0.37,
            "eps_latest_yearly": 0.96,
            "eps_growth_yearly": 2880.81
        },
        "20111": {
            "year_quarter": 20111,
            "year": 2011,
            "quarter": 1,
            "eps": 0.9,
            "eps_growth_year": null,
            "eps_4q": -0.05,
            "eps_4q_growth_year": null,
            "roe": 8.64,
            "roe_4q": -0.15999999999999925,
            "gross_profit": 23784,
            "gross_margin": 7.99,
            "gross_margin_4q_avg": 16.5,
            "net_income": 54368,
            "net_income_4q": null,
            "revenue": 297727,
            "revenue_4q": null,
            "common_shares": 600866,
            "book_valuer_per_share": 10.96,
            "book_valuer_per_share_4q_avg": 10.66,
            "equity": 658753,
            "current_ratio": 744.05,
            "debt_ratio": 45.02,
            "inventory_turnover_ratio": 1.91,
            "account_receivable_turnover_ratio": 1.52,
            "reinvestment_rate": null,
            "research_to_sale_ratio": 0.19,
            "price_fair": 17.5,
            "eps_avg_yearly": 0.5,
            "eps_latest_yearly": 0.96,
            "eps_growth_yearly": 4466.67
        },
        "20112": {
            "year_quarter": 20112,
            "year": 2011,
            "quarter": 2,
            "eps": -0.25,
            "eps_growth_year": null,
            "eps_4q": 0.1,
            "eps_4q_growth_year": null,
            "roe": -2.34,
            "roe_4q": 1.1100000000000008,
            "gross_profit": 62501,
            "gross_margin": 9.87,
            "gross_margin_4q_avg": 13.01,
            "net_income": -15189,
            "net_income_4q": null,
            "revenue": 633397,
            "revenue_4q": null,
            "common_shares": 600866,
            "book_valuer_per_share": 10.66,
            "book_valuer_per_share_4q_avg": 10.56,
            "equity": 640306,
            "current_ratio": 844.48,
            "debt_ratio": 44.91,
            "inventory_turnover_ratio": 3.18,
            "account_receivable_turnover_ratio": 2.45,
            "reinvestment_rate": null,
            "research_to_sale_ratio": 0.06,
            "price_fair": 33.6,
            "eps_avg_yearly": 0.96,
            "eps_latest_yearly": 0.96,
            "eps_growth_yearly": 9200
        },
        "20113": {
            "year_quarter": 20113,
            "year": 2011,
            "quarter": 3,
            "eps": 0.16,
            "eps_growth_year": null,
            "eps_4q": 0.6,
            "eps_4q_growth_year": null,
            "roe": 1.46,
            "roe_4q": 5.750000000000001,
            "gross_profit": 45295,
            "gross_margin": 9.68,
            "gross_margin_4q_avg": 10.11,
            "net_income": 9616,
            "net_income_4q": null,
            "revenue": 467791,
            "revenue_4q": null,
            "common_shares": 600866,
            "book_valuer_per_share": 11.32,
            "book_valuer_per_share_4q_avg": 10.73,
            "equity": 680224,
            "current_ratio": 311.57,
            "debt_ratio": 52.14,
            "inventory_turnover_ratio": 2.2,
            "account_receivable_turnover_ratio": 1.45,
            "reinvestment_rate": null,
            "research_to_sale_ratio": 0.06,
            "price_fair": 0,
            "eps_avg_yearly": 0,
            "eps_latest_yearly": 0,
            "eps_growth_yearly": 0
        },
        "20114": {
            "year_quarter": 20114,
            "year": 2011,
            "quarter": 4,
            "eps": 2.35,
            "eps_growth_year": null,
            "eps_4q": 3.16,
            "eps_4q_growth_year": null,
            "roe": 18.9,
            "roe_4q": 26.66,
            "gross_profit": 39022,
            "gross_margin": 7.89,
            "gross_margin_4q_avg": 8.86,
            "net_income": 141370,
            "net_income_4q": null,
            "revenue": 494322,
            "revenue_4q": null,
            "common_shares": 600866,
            "book_valuer_per_share": 13.58,
            "book_valuer_per_share_4q_avg": 11.63,
            "equity": 815868,
            "current_ratio": 547.31,
            "debt_ratio": 42.13,
            "inventory_turnover_ratio": 2.32,
            "account_receivable_turnover_ratio": 1.41,
            "reinvestment_rate": 785.94,
            "research_to_sale_ratio": -0,
            "price_fair": 329,
            "eps_avg_yearly": 9.4,
            "eps_latest_yearly": 9.4,
            "eps_growth_yearly": 5475
        },
        "20121": {
            "year_quarter": 20121,
            "year": 2012,
            "quarter": 1,
            "eps": 0.7,
            "eps_growth_year": -22.22,
            "eps_4q": 2.96,
            "eps_4q_growth_year": null,
            "roe": 5.03,
            "roe_4q": 23.05,
            "gross_profit": 78402,
            "gross_margin": 10.36,
            "gross_margin_4q_avg": 9.45,
            "net_income": 41786,
            "net_income_4q": null,
            "revenue": 756542,
            "revenue_4q": null,
            "common_shares": 600866,
            "book_valuer_per_share": 14.07,
            "book_valuer_per_share_4q_avg": 12.41,
            "equity": 845338,
            "current_ratio": 515.05,
            "debt_ratio": 39.91,
            "inventory_turnover_ratio": 3.55,
            "account_receivable_turnover_ratio": 2.16,
            "reinvestment_rate": 255.26,
            "research_to_sale_ratio": 0,
            "price_fair": 213.5,
            "eps_avg_yearly": 6.1,
            "eps_latest_yearly": 2.8,
            "eps_growth_yearly": 2597.07
        },
        "20122": {
            "year_quarter": 20122,
            "year": 2012,
            "quarter": 2,
            "eps": 2.32,
            "eps_growth_year": null,
            "eps_4q": 5.14,
            "eps_4q_growth_year": 5053.98,
            "roe": 17.41,
            "roe_4q": 42.800000000000004,
            "gross_profit": 21442,
            "gross_margin": 5.41,
            "gross_margin_4q_avg": 8.34,
            "net_income": 158863,
            "net_income_4q": null,
            "revenue": 396697,
            "revenue_4q": null,
            "common_shares": 600866,
            "book_valuer_per_share": 16.31,
            "book_valuer_per_share_4q_avg": 13.82,
            "equity": 979922,
            "current_ratio": 387.53,
            "debt_ratio": 39.73,
            "inventory_turnover_ratio": 2.06,
            "account_receivable_turnover_ratio": 1.35,
            "reinvestment_rate": 100.13,
            "research_to_sale_ratio": 0,
            "price_fair": 250.6,
            "eps_avg_yearly": 7.16,
            "eps_latest_yearly": 9.28,
            "eps_growth_yearly": 2039.95
        },
        "20123": {
            "year_quarter": 20123,
            "year": 2012,
            "quarter": 3,
            "eps": -0.43,
            "eps_growth_year": -366.26,
            "eps_4q": 4.57,
            "eps_4q_growth_year": 655.91,
            "roe": -3.04,
            "roe_4q": 38.3,
            "gross_profit": -1274,
            "gross_margin": -0.32,
            "gross_margin_4q_avg": 5.84,
            "net_income": -29163,
            "net_income_4q": null,
            "revenue": 399027,
            "revenue_4q": null,
            "common_shares": 684387,
            "book_valuer_per_share": 13.76,
            "book_valuer_per_share_4q_avg": 14.43,
            "equity": 941822,
            "current_ratio": 420.11,
            "debt_ratio": 38.48,
            "inventory_turnover_ratio": 2.2,
            "account_receivable_turnover_ratio": 1.73,
            "reinvestment_rate": 101.78,
            "research_to_sale_ratio": 0,
            "price_fair": 250.6,
            "eps_avg_yearly": 7.16,
            "eps_latest_yearly": 9.28,
            "eps_growth_yearly": 2039.95
        },
        "20124": {
            "year_quarter": 20124,
            "year": 2012,
            "quarter": 4,
            "eps": -0.1,
            "eps_growth_year": -104.14,
            "eps_4q": 2.48,
            "eps_4q_growth_year": -21.56,
            "roe": -0.72,
            "roe_4q": 18.68,
            "gross_profit": 9485,
            "gross_margin": 2.14,
            "gross_margin_4q_avg": 4.4,
            "net_income": -6477,
            "net_income_4q": null,
            "revenue": 444067,
            "revenue_4q": null,
            "common_shares": 684387,
            "book_valuer_per_share": 12.93,
            "book_valuer_per_share_4q_avg": 14.27,
            "equity": 861605,
            "current_ratio": 327.22,
            "debt_ratio": 42.34,
            "inventory_turnover_ratio": 2.38,
            "account_receivable_turnover_ratio": 1.95,
            "reinvestment_rate": 95.4,
            "research_to_sale_ratio": 0,
            "price_fair": 250.6,
            "eps_avg_yearly": 7.16,
            "eps_latest_yearly": 9.28,
            "eps_growth_yearly": 2039.95
        },
        "20131": {
            "year_quarter": 20131,
            "year": 2013,
            "quarter": 1,
            "eps": -7.63,
            "eps_growth_year": -1190,
            "eps_4q": -2.14,
            "eps_4q_growth_year": -172.42,
            "roe": -57.88,
            "roe_4q": -44.230000000000004,
            "gross_profit": 19030,
            "gross_margin": 3.62,
            "gross_margin_4q_avg": 2.71,
            "net_income": -505498,
            "net_income_4q": null,
            "revenue": 526231,
            "revenue_4q": null,
            "common_shares": 661277,
            "book_valuer_per_share": 9.78,
            "book_valuer_per_share_4q_avg": 13.2,
            "equity": 885018,
            "current_ratio": 173.43,
            "debt_ratio": 42.9,
            "inventory_turnover_ratio": 3.64,
            "account_receivable_turnover_ratio": 2.3,
            "reinvestment_rate": null,
            "research_to_sale_ratio": null,
            "price_fair": 250.6,
            "eps_avg_yearly": 7.16,
            "eps_latest_yearly": 9.28,
            "eps_growth_yearly": 2039.95
        },
        "20132": {
            "year_quarter": 20132,
            "year": 2013,
            "quarter": 2,
            "eps": 2.63,
            "eps_growth_year": 13.3,
            "eps_4q": -3.63,
            "eps_4q_growth_year": -170.63,
            "roe": 21.95,
            "roe_4q": -39.690000000000005,
            "gross_profit": -36394,
            "gross_margin": -9.83,
            "gross_margin_4q_avg": -1.1,
            "net_income": 202677,
            "net_income_4q": null,
            "revenue": 370391,
            "revenue_4q": null,
            "common_shares": 932653,
            "book_valuer_per_share": 10.29,
            "book_valuer_per_share_4q_avg": 11.69,
            "equity": 961865,
            "current_ratio": 388.81,
            "debt_ratio": 23.58,
            "inventory_turnover_ratio": 5.74,
            "account_receivable_turnover_ratio": 1.65,
            "reinvestment_rate": null,
            "research_to_sale_ratio": null,
            "price_fair": 250.6,
            "eps_avg_yearly": 7.16,
            "eps_latest_yearly": 9.28,
            "eps_growth_yearly": 2039.95
        },
        "20133": {
            "year_quarter": 20133,
            "year": 2013,
            "quarter": 3,
            "eps": -0.34,
            "eps_growth_year": null,
            "eps_4q": -3.66,
            "eps_4q_growth_year": -180.05,
            "roe": -3.41,
            "roe_4q": -40.06,
            "gross_profit": -2725,
            "gross_margin": -0.63,
            "gross_margin_4q_avg": -1.18,
            "net_income": -32145,
            "net_income_4q": null,
            "revenue": 433410,
            "revenue_4q": null,
            "common_shares": 932653,
            "book_valuer_per_share": 9.88,
            "book_valuer_per_share_4q_avg": 10.72,
            "equity": 923441,
            "current_ratio": 558.41,
            "debt_ratio": 14.99,
            "inventory_turnover_ratio": 9.69,
            "account_receivable_turnover_ratio": 1.95,
            "reinvestment_rate": null,
            "research_to_sale_ratio": null,
            "price_fair": 250.6,
            "eps_avg_yearly": 7.16,
            "eps_latest_yearly": 9.28,
            "eps_growth_yearly": 2039.95
        },
        "20134": {
            "year_quarter": 20134,
            "year": 2013,
            "quarter": 4,
            "eps": -0.54,
            "eps_growth_year": null,
            "eps_4q": -4.13,
            "eps_4q_growth_year": -266.19,
            "roe": -5.78,
            "roe_4q": -45.120000000000005,
            "gross_profit": -32691,
            "gross_margin": -9.4,
            "gross_margin_4q_avg": -4.06,
            "net_income": -52019,
            "net_income_4q": null,
            "revenue": 347759,
            "revenue_4q": null,
            "common_shares": 932653,
            "book_valuer_per_share": 9.38,
            "book_valuer_per_share_4q_avg": 9.83,
            "equity": 877047,
            "current_ratio": 523.7,
            "debt_ratio": 15.24,
            "inventory_turnover_ratio": 7.78,
            "account_receivable_turnover_ratio": 1.84,
            "reinvestment_rate": null,
            "research_to_sale_ratio": null,
            "price_fair": 250.6,
            "eps_avg_yearly": 7.16,
            "eps_latest_yearly": 9.28,
            "eps_growth_yearly": 2039.95
        },
        "20141": {
            "year_quarter": 20141,
            "year": 2014,
            "quarter": 1,
            "eps": -0.23,
            "eps_growth_year": null,
            "eps_4q": 1.06,
            "eps_4q_growth_year": null,
            "roe": -2.48,
            "roe_4q": 10.28,
            "gross_profit": 10276,
            "gross_margin": 1.83,
            "gross_margin_4q_avg": -4.51,
            "net_income": -21560,
            "net_income_4q": null,
            "revenue": 561245,
            "revenue_4q": null,
            "common_shares": 932653,
            "book_valuer_per_share": 9.24,
            "book_valuer_per_share_4q_avg": 9.7,
            "equity": 863798,
            "current_ratio": 429.71,
            "debt_ratio": 18.19,
            "inventory_turnover_ratio": 9.75,
            "account_receivable_turnover_ratio": 2.89,
            "reinvestment_rate": null,
            "research_to_sale_ratio": null,
            "price_fair": 250.6,
            "eps_avg_yearly": 7.16,
            "eps_latest_yearly": 9.28,
            "eps_growth_yearly": 2039.95
        },
        "20142": {
            "year_quarter": 20142,
            "year": 2014,
            "quarter": 2,
            "eps": -0.18,
            "eps_growth_year": -106.84,
            "eps_4q": -1.3,
            "eps_4q_growth_year": null,
            "roe": -1.46,
            "roe_4q": -13.13,
            "gross_profit": -2731,
            "gross_margin": -0.69,
            "gross_margin_4q_avg": -2.22,
            "net_income": -12620,
            "net_income_4q": null,
            "revenue": 395576,
            "revenue_4q": null,
            "common_shares": 932653,
            "book_valuer_per_share": 9.17,
            "book_valuer_per_share_4q_avg": 9.42,
            "equity": 861527,
            "current_ratio": 665.42,
            "debt_ratio": 10.42,
            "inventory_turnover_ratio": 6.56,
            "account_receivable_turnover_ratio": 2.06,
            "reinvestment_rate": null,
            "research_to_sale_ratio": null,
            "price_fair": 250.6,
            "eps_avg_yearly": 7.16,
            "eps_latest_yearly": 9.28,
            "eps_growth_yearly": 2039.95
        },
        "20143": {
            "year_quarter": 20143,
            "year": 2014,
            "quarter": 3,
            "eps": -1.15,
            "eps_growth_year": null,
            "eps_4q": -2.07,
            "eps_4q_growth_year": null,
            "roe": -13.75,
            "roe_4q": -23.470000000000002,
            "gross_profit": -11194,
            "gross_margin": -2.44,
            "gross_margin_4q_avg": -2.68,
            "net_income": -114930,
            "net_income_4q": null,
            "revenue": 459650,
            "revenue_4q": null,
            "common_shares": 962806,
            "book_valuer_per_share": 8.41,
            "book_valuer_per_share_4q_avg": 9.05,
            "equity": 810045,
            "current_ratio": 1242.35,
            "debt_ratio": 6.63,
            "inventory_turnover_ratio": 8.34,
            "account_receivable_turnover_ratio": 2.62,
            "reinvestment_rate": null,
            "research_to_sale_ratio": null,
            "price_fair": 250.6,
            "eps_avg_yearly": 7.16,
            "eps_latest_yearly": 9.28,
            "eps_growth_yearly": 2039.95
        },
        "20144": {
            "year_quarter": 20144,
            "year": 2014,
            "quarter": 4,
            "eps": -0.62,
            "eps_growth_year": null,
            "eps_4q": -2.17,
            "eps_4q_growth_year": null,
            "roe": -7.62,
            "roe_4q": -25.310000000000002,
            "gross_profit": -21803,
            "gross_margin": -5.74,
            "gross_margin_4q_avg": -1.76,
            "net_income": -59581,
            "net_income_4q": null,
            "revenue": 379877,
            "revenue_4q": null,
            "common_shares": 962806,
            "book_valuer_per_share": 7.84,
            "book_valuer_per_share_4q_avg": 8.67,
            "equity": 754730,
            "current_ratio": 2904.78,
            "debt_ratio": 2.91,
            "inventory_turnover_ratio": 8.78,
            "account_receivable_turnover_ratio": 2.07,
            "reinvestment_rate": null,
            "research_to_sale_ratio": null,
            "price_fair": 250.6,
            "eps_avg_yearly": 7.16,
            "eps_latest_yearly": 9.28,
            "eps_growth_yearly": 2039.95
        },
        "20151": {
            "year_quarter": 20151,
            "year": 2015,
            "quarter": 1,
            "eps": -0.08,
            "eps_growth_year": null,
            "eps_4q": -2.02,
            "eps_4q_growth_year": -290.83,
            "roe": -1.05,
            "roe_4q": -23.880000000000003,
            "gross_profit": 9033,
            "gross_margin": 2.12,
            "gross_margin_4q_avg": -1.69,
            "net_income": -7902,
            "net_income_4q": null,
            "revenue": 425814,
            "revenue_4q": null,
            "common_shares": 962806,
            "book_valuer_per_share": 7.74,
            "book_valuer_per_share_4q_avg": 8.29,
            "equity": 745651,
            "current_ratio": 804.11,
            "debt_ratio": 10.61,
            "inventory_turnover_ratio": 10.67,
            "account_receivable_turnover_ratio": 2.72,
            "reinvestment_rate": null,
            "research_to_sale_ratio": null,
            "price_fair": 250.6,
            "eps_avg_yearly": 7.16,
            "eps_latest_yearly": 9.28,
            "eps_growth_yearly": 2039.95
        },
        "20152": {
            "year_quarter": 20152,
            "year": 2015,
            "quarter": 2,
            "eps": -0.12,
            "eps_growth_year": null,
            "eps_4q": -1.96,
            "eps_4q_growth_year": null,
            "roe": -1.58,
            "roe_4q": -24,
            "gross_profit": -23188,
            "gross_margin": -9.33,
            "gross_margin_4q_avg": -3.85,
            "net_income": -11421,
            "net_income_4q": null,
            "revenue": 248436,
            "revenue_4q": null,
            "common_shares": 962806,
            "book_valuer_per_share": 7.24,
            "book_valuer_per_share_4q_avg": 7.81,
            "equity": 697504,
            "current_ratio": 3550.12,
            "debt_ratio": 2.4,
            "inventory_turnover_ratio": 6.8,
            "account_receivable_turnover_ratio": 2.14,
            "reinvestment_rate": null,
            "research_to_sale_ratio": null,
            "price_fair": 250.6,
            "eps_avg_yearly": 7.16,
            "eps_latest_yearly": 9.28,
            "eps_growth_yearly": 2039.95
        },
        "20153": {
            "year_quarter": 20153,
            "year": 2015,
            "quarter": 3,
            "eps": -0.07,
            "eps_growth_year": null,
            "eps_4q": -0.89,
            "eps_4q_growth_year": null,
            "roe": -1.03,
            "roe_4q": -11.280000000000001,
            "gross_profit": -156,
            "gross_margin": -0.08,
            "gross_margin_4q_avg": -3.26,
            "net_income": -7194,
            "net_income_4q": null,
            "revenue": 195648,
            "revenue_4q": null,
            "common_shares": 962806,
            "book_valuer_per_share": 7.24,
            "book_valuer_per_share_4q_avg": 7.52,
            "equity": 697440,
            "current_ratio": 2827.76,
            "debt_ratio": 3.09,
            "inventory_turnover_ratio": 4.93,
            "account_receivable_turnover_ratio": 2.29,
            "reinvestment_rate": null,
            "research_to_sale_ratio": null,
            "price_fair": 250.6,
            "eps_avg_yearly": 7.16,
            "eps_latest_yearly": 9.28,
            "eps_growth_yearly": 2039.95
        },
        "20154": {
            "year_quarter": 20154,
            "year": 2015,
            "quarter": 4,
            "eps": -0.97,
            "eps_growth_year": null,
            "eps_4q": -1.24,
            "eps_4q_growth_year": null,
            "roe": -14.23,
            "roe_4q": -17.89,
            "gross_profit": -16870,
            "gross_margin": -9.34,
            "gross_margin_4q_avg": -4.16,
            "net_income": -93042,
            "net_income_4q": null,
            "revenue": 180672,
            "revenue_4q": null,
            "common_shares": 962806,
            "book_valuer_per_share": 6.34,
            "book_valuer_per_share_4q_avg": 7.14,
            "equity": 610414,
            "current_ratio": 4846.6,
            "debt_ratio": 2.03,
            "inventory_turnover_ratio": 6.22,
            "account_receivable_turnover_ratio": 2.37,
            "reinvestment_rate": null,
            "research_to_sale_ratio": null,
            "price_fair": 211.4,
            "eps_avg_yearly": 6.04,
            "eps_latest_yearly": 9.28,
            "eps_growth_yearly": 322.43
        },
        "20161": {
            "year_quarter": 20161,
            "year": 2016,
            "quarter": 1,
            "eps": -0.18,
            "eps_growth_year": null,
            "eps_4q": -1.34,
            "eps_4q_growth_year": null,
            "roe": -2.93,
            "roe_4q": -19.770000000000003,
            "gross_profit": 1970,
            "gross_margin": 1.45,
            "gross_margin_4q_avg": -4.33,
            "net_income": -17578,
            "net_income_4q": null,
            "revenue": 136107,
            "revenue_4q": null,
            "common_shares": 962806,
            "book_valuer_per_share": 6.13,
            "book_valuer_per_share_4q_avg": 6.74,
            "equity": 590144,
            "current_ratio": 6723.88,
            "debt_ratio": 1.5,
            "inventory_turnover_ratio": 5.83,
            "account_receivable_turnover_ratio": 2.26,
            "reinvestment_rate": null,
            "research_to_sale_ratio": null,
            "price_fair": 324.8,
            "eps_avg_yearly": 9.28,
            "eps_latest_yearly": 9.28,
            "eps_growth_yearly": 925.71
        },
        "20162": {
            "year_quarter": 20162,
            "year": 2016,
            "quarter": 2,
            "eps": -0.27,
            "eps_growth_year": null,
            "eps_4q": -1.49,
            "eps_4q_growth_year": null,
            "roe": -3.78,
            "roe_4q": -21.970000000000002,
            "gross_profit": -721,
            "gross_margin": -0.49,
            "gross_margin_4q_avg": -2.12,
            "net_income": -25550,
            "net_income_4q": null,
            "revenue": 147035,
            "revenue_4q": null,
            "common_shares": 962806,
            "book_valuer_per_share": 5.78,
            "book_valuer_per_share_4q_avg": 6.37,
            "equity": 763085,
            "current_ratio": 2052.77,
            "debt_ratio": 1.71,
            "inventory_turnover_ratio": 6.87,
            "account_receivable_turnover_ratio": 2.8,
            "reinvestment_rate": null,
            "research_to_sale_ratio": null,
            "price_fair": 0,
            "eps_avg_yearly": 0,
            "eps_latest_yearly": 0,
            "eps_growth_yearly": 0
        },
        "20163": {
            "year_quarter": 20163,
            "year": 2016,
            "quarter": 3,
            "eps": -0.11,
            "eps_growth_year": null,
            "eps_4q": -2.37,
            "eps_4q_growth_year": null,
            "roe": -0.94,
            "roe_4q": -21.880000000000003,
            "gross_profit": 1242,
            "gross_margin": 0.95,
            "gross_margin_4q_avg": -1.86,
            "net_income": -7024,
            "net_income_4q": null,
            "revenue": 131151,
            "revenue_4q": null,
            "common_shares": 605244,
            "book_valuer_per_share": 8.9,
            "book_valuer_per_share_4q_avg": 6.79,
            "equity": 736443,
            "current_ratio": 1257.95,
            "debt_ratio": 2.82,
            "inventory_turnover_ratio": 5.83,
            "account_receivable_turnover_ratio": 2.11,
            "reinvestment_rate": null,
            "research_to_sale_ratio": null,
            "price_fair": 0,
            "eps_avg_yearly": 0,
            "eps_latest_yearly": 0,
            "eps_growth_yearly": 0
        },
        "20164": {
            "year_quarter": 20164,
            "year": 2016,
            "quarter": 4,
            "eps": -0.33,
            "eps_growth_year": null,
            "eps_4q": -1.16,
            "eps_4q_growth_year": null,
            "roe": -2.76,
            "roe_4q": -10.41,
            "gross_profit": -282,
            "gross_margin": -0.17,
            "gross_margin_4q_avg": 0.44,
            "net_income": -19946,
            "net_income_4q": null,
            "revenue": 164664,
            "revenue_4q": null,
            "common_shares": 605244,
            "book_valuer_per_share": 8.49,
            "book_valuer_per_share_4q_avg": 7.33,
            "equity": 708869,
            "current_ratio": 1314.06,
            "debt_ratio": 2.61,
            "inventory_turnover_ratio": 7.78,
            "account_receivable_turnover_ratio": 2.78,
            "reinvestment_rate": null,
            "research_to_sale_ratio": null,
            "price_fair": 0,
            "eps_avg_yearly": 0,
            "eps_latest_yearly": 0,
            "eps_growth_yearly": 0
        },
        "20171": {
            "year_quarter": 20171,
            "year": 2017,
            "quarter": 1,
            "eps": -0.13,
            "eps_growth_year": null,
            "eps_4q": -1,
            "eps_4q_growth_year": null,
            "roe": -1.11,
            "roe_4q": -8.59,
            "gross_profit": 462,
            "gross_margin": 0.79,
            "gross_margin_4q_avg": 0.27,
            "net_income": -7708,
            "net_income_4q": null,
            "revenue": 58539,
            "revenue_4q": null,
            "common_shares": 605244,
            "book_valuer_per_share": 8.16,
            "book_valuer_per_share_4q_avg": 7.83,
            "equity": 679812,
            "current_ratio": 2830.76,
            "debt_ratio": 3.46,
            "inventory_turnover_ratio": 3.17,
            "account_receivable_turnover_ratio": 1.55,
            "reinvestment_rate": null,
            "research_to_sale_ratio": null,
            "price_fair": 0,
            "eps_avg_yearly": 0,
            "eps_latest_yearly": 0,
            "eps_growth_yearly": 0
        },
        "20172": {
            "year_quarter": 20172,
            "year": 2017,
            "quarter": 2,
            "eps": -0.24,
            "eps_growth_year": null,
            "eps_4q": -0.82,
            "eps_4q_growth_year": null,
            "roe": -2.39,
            "roe_4q": -7.199999999999999,
            "gross_profit": -2196,
            "gross_margin": -5.38,
            "gross_margin_4q_avg": -0.95,
            "net_income": -16157,
            "net_income_4q": null,
            "revenue": 40828,
            "revenue_4q": null,
            "common_shares": 605244,
            "book_valuer_per_share": 7.99,
            "book_valuer_per_share_4q_avg": 8.39,
            "equity": 671695,
            "current_ratio": 2125.28,
            "debt_ratio": 4.62,
            "inventory_turnover_ratio": 2.63,
            "account_receivable_turnover_ratio": 1.25,
            "reinvestment_rate": null,
            "research_to_sale_ratio": null,
            "price_fair": 0,
            "eps_avg_yearly": 0,
            "eps_latest_yearly": 0,
            "eps_growth_yearly": 0
        },
        "20173": {
            "year_quarter": 20173,
            "year": 2017,
            "quarter": 3,
            "eps": -0.13,
            "eps_growth_year": null,
            "eps_4q": -0.83,
            "eps_4q_growth_year": null,
            "roe": -1.38,
            "roe_4q": -7.64,
            "gross_profit": 455,
            "gross_margin": 0.48,
            "gross_margin_4q_avg": -1.07,
            "net_income": -8012,
            "net_income_4q": null,
            "revenue": 94807,
            "revenue_4q": null,
            "common_shares": 605244,
            "book_valuer_per_share": 8,
            "book_valuer_per_share_4q_avg": 8.16,
            "equity": 486123,
            "current_ratio": 1859,
            "debt_ratio": 5.26,
            "inventory_turnover_ratio": 5.68,
            "account_receivable_turnover_ratio": 2.31,
            "reinvestment_rate": null,
            "research_to_sale_ratio": null,
            "price_fair": 0,
            "eps_avg_yearly": 0,
            "eps_latest_yearly": 0,
            "eps_growth_yearly": 0
        },
        "20174": {
            "year_quarter": 20174,
            "year": 2017,
            "quarter": 4,
            "eps": -0.2,
            "eps_growth_year": null,
            "eps_4q": -0.7,
            "eps_4q_growth_year": null,
            "roe": -2.5,
            "roe_4q": -7.38,
            "gross_profit": 2225,
            "gross_margin": 3.23,
            "gross_margin_4q_avg": -0.22,
            "net_income": -11929,
            "net_income_4q": null,
            "revenue": 68834,
            "revenue_4q": null,
            "common_shares": 605244,
            "book_valuer_per_share": 7.74,
            "book_valuer_per_share_4q_avg": 7.97,
            "equity": 468881,
            "current_ratio": 1609.9,
            "debt_ratio": 6.04,
            "inventory_turnover_ratio": 3.91,
            "account_receivable_turnover_ratio": 1.81,
            "reinvestment_rate": null,
            "research_to_sale_ratio": null,
            "price_fair": 0,
            "eps_avg_yearly": 0,
            "eps_latest_yearly": 0,
            "eps_growth_yearly": 0
        },
        "20181": {
            "year_quarter": 20181,
            "year": 2018,
            "quarter": 1,
            "eps": -0.03,
            "eps_growth_year": null,
            "eps_4q": -0.6,
            "eps_4q_growth_year": null,
            "roe": -0.37,
            "roe_4q": -6.640000000000001,
            "gross_profit": 278,
            "gross_margin": 0.8,
            "gross_margin_4q_avg": -0.22,
            "net_income": -1742,
            "net_income_4q": null,
            "revenue": 34666,
            "revenue_4q": null,
            "common_shares": 605244,
            "book_valuer_per_share": 7.63,
            "book_valuer_per_share_4q_avg": 7.84,
            "equity": 461911,
            "current_ratio": 826.32,
            "debt_ratio": 6.82,
            "inventory_turnover_ratio": 2.12,
            "account_receivable_turnover_ratio": 1.38,
            "reinvestment_rate": null,
            "research_to_sale_ratio": null,
            "price_fair": 0,
            "eps_avg_yearly": 0,
            "eps_latest_yearly": 0,
            "eps_growth_yearly": 0
        },
        "20182": {
            "year_quarter": 20182,
            "year": 2018,
            "quarter": 2,
            "eps": -0.24,
            "eps_growth_year": null,
            "eps_4q": -0.59,
            "eps_4q_growth_year": null,
            "roe": -3.1,
            "roe_4q": -7.3500000000000005,
            "gross_profit": -2970,
            "gross_margin": -7.12,
            "gross_margin_4q_avg": -0.65,
            "net_income": -14236,
            "net_income_4q": null,
            "revenue": 41728,
            "revenue_4q": null,
            "common_shares": 605244,
            "book_valuer_per_share": 7.56,
            "book_valuer_per_share_4q_avg": 7.73,
            "equity": 457763,
            "current_ratio": 559.02,
            "debt_ratio": 8.4,
            "inventory_turnover_ratio": 2.76,
            "account_receivable_turnover_ratio": 2.16,
            "reinvestment_rate": null,
            "research_to_sale_ratio": null,
            "price_fair": 0,
            "eps_avg_yearly": 0,
            "eps_latest_yearly": 0,
            "eps_growth_yearly": 0
        },
        "20183": {
            "year_quarter": 20183,
            "year": 2018,
            "quarter": 3,
            "eps": -0.45,
            "eps_growth_year": null,
            "eps_4q": -0.9,
            "eps_4q_growth_year": null,
            "roe": -6.04,
            "roe_4q": -12.01,
            "gross_profit": -12587,
            "gross_margin": -94.1,
            "gross_margin_4q_avg": -24.3,
            "net_income": -27068,
            "net_income_4q": null,
            "revenue": 13376,
            "revenue_4q": null,
            "common_shares": 605244,
            "book_valuer_per_share": 7.17,
            "book_valuer_per_share_4q_avg": 7.53,
            "equity": 438213,
            "current_ratio": 380.79,
            "debt_ratio": 10.79,
            "inventory_turnover_ratio": 1.47,
            "account_receivable_turnover_ratio": 0.98,
            "reinvestment_rate": null,
            "research_to_sale_ratio": null,
            "price_fair": 0,
            "eps_avg_yearly": 0,
            "eps_latest_yearly": 0,
            "eps_growth_yearly": 0
        },
        "20184": {
            "year_quarter": 20184,
            "year": 2018,
            "quarter": 4,
            "eps": -0.85,
            "eps_growth_year": null,
            "eps_4q": -1.51,
            "eps_4q_growth_year": null,
            "roe": -12.63,
            "roe_4q": -22.140000000000004,
            "gross_profit": -35979,
            "gross_margin": -285.28,
            "gross_margin_4q_avg": -96.43,
            "net_income": -55917,
            "net_income_4q": null,
            "revenue": 12612,
            "revenue_4q": null,
            "common_shares": 656714,
            "book_valuer_per_share": 6.81,
            "book_valuer_per_share_4q_avg": 7.29,
            "equity": 447366,
            "current_ratio": 478.28,
            "debt_ratio": 7.58,
            "inventory_turnover_ratio": 1.92,
            "account_receivable_turnover_ratio": 2.86,
            "reinvestment_rate": null,
            "research_to_sale_ratio": null,
            "price_fair": 0,
            "eps_avg_yearly": 0,
            "eps_latest_yearly": 0,
            "eps_growth_yearly": 0
        },
        "20191": {
            "year_quarter": 20191,
            "year": 2019,
            "quarter": 1,
            "eps": -0.68,
            "eps_growth_year": null,
            "eps_4q": -2.16,
            "eps_4q_growth_year": null,
            "roe": -10.44,
            "roe_4q": -32.21,
            "gross_profit": -39080,
            "gross_margin": -931.59,
            "gross_margin_4q_avg": -329.52,
            "net_income": -44503,
            "net_income_4q": null,
            "revenue": 4195,
            "revenue_4q": null,
            "common_shares": 656714,
            "book_valuer_per_share": 6.17,
            "book_valuer_per_share_4q_avg": 6.93,
            "equity": 405537,
            "current_ratio": 241.62,
            "debt_ratio": 42.81,
            "inventory_turnover_ratio": 1.51,
            "account_receivable_turnover_ratio": 0.93,
            "reinvestment_rate": null,
            "research_to_sale_ratio": null,
            "price_fair": 0,
            "eps_avg_yearly": 0,
            "eps_latest_yearly": 0,
            "eps_growth_yearly": 0
        },
        "20192": {
            "year_quarter": 20192,
            "year": 2019,
            "quarter": 2,
            "eps": -0.37,
            "eps_growth_year": null,
            "eps_4q": -2.31,
            "eps_4q_growth_year": null,
            "roe": -6.15,
            "roe_4q": -35.26,
            "gross_profit": -13599,
            "gross_margin": -100.94,
            "gross_margin_4q_avg": -352.98,
            "net_income": -24259,
            "net_income_4q": null,
            "revenue": 13473,
            "revenue_4q": null,
            "common_shares": 656714,
            "book_valuer_per_share": 5.83,
            "book_valuer_per_share_4q_avg": 6.5,
            "equity": 382741,
            "current_ratio": 270.96,
            "debt_ratio": 43.82,
            "inventory_turnover_ratio": 1.3,
            "account_receivable_turnover_ratio": 6.71,
            "reinvestment_rate": null,
            "research_to_sale_ratio": null,
            "price_fair": 0,
            "eps_avg_yearly": 0,
            "eps_latest_yearly": 0,
            "eps_growth_yearly": 0
        },
        "20193": {
            "year_quarter": 20193,
            "year": 2019,
            "quarter": 3,
            "eps": -0.77,
            "eps_growth_year": null,
            "eps_4q": -2.67,
            "eps_4q_growth_year": null,
            "roe": -14.21,
            "roe_4q": -43.43,
            "gross_profit": -33212,
            "gross_margin": -4268.89,
            "gross_margin_4q_avg": -1396.68,
            "net_income": -50744,
            "net_income_4q": null,
            "revenue": 778,
            "revenue_4q": null,
            "common_shares": 656714,
            "book_valuer_per_share": 5.04,
            "book_valuer_per_share_4q_avg": 5.96,
            "equity": 331271,
            "current_ratio": 149.34,
            "debt_ratio": 47.71,
            "inventory_turnover_ratio": 2.18,
            "account_receivable_turnover_ratio": 0.69,
            "reinvestment_rate": null,
            "research_to_sale_ratio": null,
            "price_fair": 0,
            "eps_avg_yearly": 0,
            "eps_latest_yearly": 0,
            "eps_growth_yearly": 0
        },
        "20194": {
            "year_quarter": 20194,
            "year": 2019,
            "quarter": 4,
            "eps": -1.09,
            "eps_growth_year": null,
            "eps_4q": -2.91,
            "eps_4q_growth_year": null,
            "roe": -24.58,
            "roe_4q": -55.379999999999995,
            "gross_profit": -31072,
            "gross_margin": -711.68,
            "gross_margin_4q_avg": -1503.28,
            "net_income": -71768,
            "net_income_4q": null,
            "revenue": 4366,
            "revenue_4q": null,
            "common_shares": 656714,
            "book_valuer_per_share": 3.85,
            "book_valuer_per_share_4q_avg": 5.22,
            "equity": 252740,
            "current_ratio": 764.16,
            "debt_ratio": 12.44,
            "inventory_turnover_ratio": 2.31,
            "account_receivable_turnover_ratio": 4.65,
            "reinvestment_rate": null,
            "research_to_sale_ratio": null,
            "price_fair": 0,
            "eps_avg_yearly": 0,
            "eps_latest_yearly": 0,
            "eps_growth_yearly": 0
        },
        "20201": {
            "year_quarter": 20201,
            "year": 2020,
            "quarter": 1,
            "eps": -0.17,
            "eps_growth_year": null,
            "eps_4q": -2.36,
            "eps_4q_growth_year": null,
            "roe": -4.39,
            "roe_4q": -49.33,
            "gross_profit": -1657,
            "gross_margin": -119.29,
            "gross_margin_4q_avg": -1300.2,
            "net_income": -10995,
            "net_income_4q": null,
            "revenue": 1389,
            "revenue_4q": null,
            "common_shares": 669889,
            "book_valuer_per_share": 3.7,
            "book_valuer_per_share_4q_avg": 4.61,
            "equity": 247796,
            "current_ratio": 832.85,
            "debt_ratio": 11.31,
            "inventory_turnover_ratio": 0.2,
            "account_receivable_turnover_ratio": 0.91,
            "reinvestment_rate": null,
            "research_to_sale_ratio": null,
            "price_fair": 0,
            "eps_avg_yearly": 0,
            "eps_latest_yearly": 0,
            "eps_growth_yearly": 0
        },
        "20202": {
            "year_quarter": 20202,
            "year": 2020,
            "quarter": 2,
            "eps": -0.17,
            "eps_growth_year": null,
            "eps_4q": -2.03,
            "eps_4q_growth_year": null,
            "roe": -4.55,
            "roe_4q": -47.73,
            "gross_profit": -3197,
            "gross_margin": -259.92,
            "gross_margin_4q_avg": -1339.95,
            "net_income": -11626,
            "net_income_4q": null,
            "revenue": 1230,
            "revenue_4q": null,
            "common_shares": 715168,
            "book_valuer_per_share": 3.68,
            "book_valuer_per_share_4q_avg": 4.07,
            "equity": 263507,
            "current_ratio": 672.12,
            "debt_ratio": 13.86,
            "inventory_turnover_ratio": 0.29,
            "account_receivable_turnover_ratio": 0.88,
            "reinvestment_rate": null,
            "research_to_sale_ratio": 43.25,
            "price_fair": 0,
            "eps_avg_yearly": 0,
            "eps_latest_yearly": 0,
            "eps_growth_yearly": 0
        },
        "20203": {
            "year_quarter": 20203,
            "year": 2020,
            "quarter": 3,
            "eps": -0.12,
            "eps_growth_year": null,
            "eps_4q": -1.4,
            "eps_4q_growth_year": null,
            "roe": -3.21,
            "roe_4q": -36.73,
            "gross_profit": 1082,
            "gross_margin": 8.93,
            "gross_margin_4q_avg": -270.49,
            "net_income": -8592,
            "net_income_4q": null,
            "revenue": 12120,
            "revenue_4q": null,
            "common_shares": 736907,
            "book_valuer_per_share": 3.69,
            "book_valuer_per_share_4q_avg": 3.73,
            "equity": 271976,
            "current_ratio": 812.23,
            "debt_ratio": 11.94,
            "inventory_turnover_ratio": 0.45,
            "account_receivable_turnover_ratio": 2.82,
            "reinvestment_rate": null,
            "research_to_sale_ratio": 10.18,
            "price_fair": 0,
            "eps_avg_yearly": 0,
            "eps_latest_yearly": 0,
            "eps_growth_yearly": 0
        },
        "20204": {
            "year_quarter": 20204,
            "year": 2020,
            "quarter": 4,
            "eps": -1.04,
            "eps_growth_year": null,
            "eps_4q": -1.46,
            "eps_4q_growth_year": null,
            "roe": -32.63,
            "roe_4q": -44.78,
            "gross_profit": -14750,
            "gross_margin": -352.45,
            "gross_margin_4q_avg": -180.68,
            "net_income": -76614,
            "net_income_4q": null,
            "revenue": 4185,
            "revenue_4q": null,
            "common_shares": 736907,
            "book_valuer_per_share": 2.68,
            "book_valuer_per_share_4q_avg": 3.44,
            "equity": 197564,
            "current_ratio": 497.77,
            "debt_ratio": 19.3,
            "inventory_turnover_ratio": 0.66,
            "account_receivable_turnover_ratio": 0.61,
            "reinvestment_rate": null,
            "research_to_sale_ratio": 67.19,
            "price_fair": 0,
            "eps_avg_yearly": 0,
            "eps_latest_yearly": 0,
            "eps_growth_yearly": 0
        },
        "20211": {
            "year_quarter": 20211,
            "year": 2021,
            "quarter": 1,
            "eps": -0.21,
            "eps_growth_year": null,
            "eps_4q": -1.53,
            "eps_4q_growth_year": null,
            "roe": -8.3,
            "roe_4q": -48.690000000000005,
            "gross_profit": 174,
            "gross_margin": 2.52,
            "gross_margin_4q_avg": -150.23,
            "net_income": -15755,
            "net_income_4q": null,
            "revenue": 6915,
            "revenue_4q": null,
            "common_shares": 736907,
            "book_valuer_per_share": 2.47,
            "book_valuer_per_share_4q_avg": 3.13,
            "equity": 182055,
            "current_ratio": 372.61,
            "debt_ratio": 25.86,
            "inventory_turnover_ratio": 0.28,
            "account_receivable_turnover_ratio": 0.74,
            "reinvestment_rate": null,
            "research_to_sale_ratio": 27.45,
            "price_fair": 0,
            "eps_avg_yearly": 0,
            "eps_latest_yearly": 0,
            "eps_growth_yearly": 0
        },
        "20212": {
            "year_quarter": 20212,
            "year": 2021,
            "quarter": 2,
            "eps": -0.86,
            "eps_growth_year": null,
            "eps_4q": -2.23,
            "eps_4q_growth_year": null,
            "roe": -42.62,
            "roe_4q": -86.76,
            "gross_profit": -26735,
            "gross_margin": -841.25,
            "gross_margin_4q_avg": -295.56,
            "net_income": -63436,
            "net_income_4q": null,
            "revenue": 3178,
            "revenue_4q": null,
            "common_shares": 736907,
            "book_valuer_per_share": 1.57,
            "book_valuer_per_share_4q_avg": 2.6,
            "equity": 115660,
            "current_ratio": 260.58,
            "debt_ratio": 39.09,
            "inventory_turnover_ratio": 1.48,
            "account_receivable_turnover_ratio": 0.44,
            "reinvestment_rate": null,
            "research_to_sale_ratio": 40.06,
            "price_fair": 0,
            "eps_avg_yearly": 0,
            "eps_latest_yearly": 0,
            "eps_growth_yearly": 0
        },
        "20213": {
            "year_quarter": 20213,
            "year": 2021,
            "quarter": 3,
            "eps": -0.28,
            "eps_growth_year": null,
            "eps_4q": -2.4,
            "eps_4q_growth_year": null,
            "roe": -19.96,
            "roe_4q": -103.50999999999999,
            "gross_profit": -6878,
            "gross_margin": -126.13,
            "gross_margin_4q_avg": -329.33,
            "net_income": -20758,
            "net_income_4q": null,
            "revenue": 5453,
            "revenue_4q": null,
            "common_shares": 736907,
            "book_valuer_per_share": 1.25,
            "book_valuer_per_share_4q_avg": 1.99,
            "equity": 92347,
            "current_ratio": 228.79,
            "debt_ratio": 43.97,
            "inventory_turnover_ratio": 1,
            "account_receivable_turnover_ratio": 2.46,
            "reinvestment_rate": null,
            "research_to_sale_ratio": 14.23,
            "price_fair": 0,
            "eps_avg_yearly": 0,
            "eps_latest_yearly": 0,
            "eps_growth_yearly": 0
        },
        "20214": {
            "year_quarter": 20214,
            "year": 2021,
            "quarter": 4,
            "eps": -0.25,
            "eps_growth_year": null,
            "eps_4q": -1.61,
            "eps_4q_growth_year": null,
            "roe": -22.2,
            "roe_4q": -93.08,
            "gross_profit": -2868,
            "gross_margin": -98.08,
            "gross_margin_4q_avg": -265.74,
            "net_income": -18636,
            "net_income_4q": null,
            "revenue": 2924,
            "revenue_4q": null,
            "common_shares": 736907,
            "book_valuer_per_share": 1.03,
            "book_valuer_per_share_4q_avg": 1.58,
            "equity": 75537,
            "current_ratio": 184.96,
            "debt_ratio": 53.54,
            "inventory_turnover_ratio": 0.88,
            "account_receivable_turnover_ratio": 0.98,
            "reinvestment_rate": null,
            "research_to_sale_ratio": 23.7,
            "price_fair": 0,
            "eps_avg_yearly": 0,
            "eps_latest_yearly": 0,
            "eps_growth_yearly": 0
        },
        "20221": {
            "year_quarter": 20221,
            "year": 2022,
            "quarter": 1,
            "eps": -0.06,
            "eps_growth_year": null,
            "eps_4q": -1.45,
            "eps_4q_growth_year": null,
            "roe": -5.55,
            "roe_4q": -90.33,
            "gross_profit": 246,
            "gross_margin": 69.49,
            "gross_margin_4q_avg": -248.99,
            "net_income": -4165,
            "net_income_4q": null,
            "revenue": 354,
            "revenue_4q": null,
            "common_shares": 736907,
            "book_valuer_per_share": 1.01,
            "book_valuer_per_share_4q_avg": 1.22,
            "equity": 74625,
            "current_ratio": 190.48,
            "debt_ratio": 53.89,
            "inventory_turnover_ratio": 0.02,
            "account_receivable_turnover_ratio": 0.18,
            "reinvestment_rate": null,
            "research_to_sale_ratio": 181.92,
            "price_fair": 0,
            "eps_avg_yearly": 0,
            "eps_latest_yearly": 0,
            "eps_growth_yearly": 0
        },
        "20222": {
            "year_quarter": 20222,
            "year": 2022,
            "quarter": 2,
            "eps": -0.16,
            "eps_growth_year": null,
            "eps_4q": -0.75,
            "eps_4q_growth_year": null,
            "roe": -16.92,
            "roe_4q": -64.63,
            "gross_profit": -4728,
            "gross_margin": -2918.52,
            "gross_margin_4q_avg": -768.31,
            "net_income": -11891,
            "net_income_4q": null,
            "revenue": 162,
            "revenue_4q": null,
            "common_shares": 736907,
            "book_valuer_per_share": 0.89,
            "book_valuer_per_share_4q_avg": 1.05,
            "equity": 65905,
            "current_ratio": 237.41,
            "debt_ratio": 45.35,
            "inventory_turnover_ratio": 1.7,
            "account_receivable_turnover_ratio": 0.42,
            "reinvestment_rate": null,
            "research_to_sale_ratio": 387.04,
            "price_fair": 0,
            "eps_avg_yearly": 0,
            "eps_latest_yearly": 0,
            "eps_growth_yearly": 0
        },
        "20223": {
            "year_quarter": 20223,
            "year": 2022,
            "quarter": 3,
            "eps": -0.1,
            "eps_growth_year": null,
            "eps_4q": -0.58,
            "eps_4q_growth_year": null,
            "roe": -12.42,
            "roe_4q": -57.09,
            "gross_profit": -1190,
            "gross_margin": -1307.69,
            "gross_margin_4q_avg": -1063.7,
            "net_income": -7729,
            "net_income_4q": null,
            "revenue": 91,
            "revenue_4q": null,
            "common_shares": 736907,
            "book_valuer_per_share": 0.79,
            "book_valuer_per_share_4q_avg": 0.93,
            "equity": 58552,
            "current_ratio": 243.87,
            "debt_ratio": 44.1,
            "inventory_turnover_ratio": 1.01,
            "account_receivable_turnover_ratio": 0.42,
            "reinvestment_rate": null,
            "research_to_sale_ratio": 0,
            "price_fair": 0,
            "eps_avg_yearly": 0,
            "eps_latest_yearly": 0,
            "eps_growth_yearly": 0
        },
        "20224": {
            "year_quarter": 20224,
            "year": 2022,
            "quarter": 4,
            "eps": -0.07,
            "eps_growth_year": null,
            "eps_4q": -0.39,
            "eps_4q_growth_year": null,
            "roe": -8.66,
            "roe_4q": -43.55,
            "gross_profit": 8428,
            "gross_margin": 68.6,
            "gross_margin_4q_avg": -1022.03,
            "net_income": -4851,
            "net_income_4q": null,
            "revenue": 12285,
            "revenue_4q": null,
            "common_shares": 736907,
            "book_valuer_per_share": 0.73,
            "book_valuer_per_share_4q_avg": 0.86,
            "equity": 53486,
            "current_ratio": 217.19,
            "debt_ratio": 47.88,
            "inventory_turnover_ratio": 4.27,
            "account_receivable_turnover_ratio": 13.4,
            "reinvestment_rate": null,
            "research_to_sale_ratio": 0,
            "price_fair": 0,
            "eps_avg_yearly": 0,
            "eps_latest_yearly": 0,
            "eps_growth_yearly": 0
        },
        "20231": {
            "year_quarter": 20231,
            "year": 2023,
            "quarter": 1,
            "eps": -0.18,
            "eps_growth_year": null,
            "eps_4q": -0.51,
            "eps_4q_growth_year": null,
            "roe": -28.34,
            "roe_4q": -66.34,
            "gross_profit": -283,
            "gross_margin": null,
            "gross_margin_4q_avg": -1039.4,
            "net_income": -13273,
            "net_income_4q": null,
            "revenue": 0,
            "revenue_4q": null,
            "common_shares": 736907,
            "book_valuer_per_share": 0.55,
            "book_valuer_per_share_4q_avg": 0.74,
            "equity": 40179,
            "current_ratio": 201.34,
            "debt_ratio": 49.38,
            "inventory_turnover_ratio": null,
            "account_receivable_turnover_ratio": 0,
            "reinvestment_rate": null,
            "research_to_sale_ratio": null,
            "price_fair": 0,
            "eps_avg_yearly": 0,
            "eps_latest_yearly": 0,
            "eps_growth_yearly": 0
        },
        "20232": {
            "year_quarter": 20232,
            "year": 2023,
            "quarter": 2,
            "eps": -0.08,
            "eps_growth_year": null,
            "eps_4q": -0.43,
            "eps_4q_growth_year": null,
            "roe": -12.85,
            "roe_4q": -62.269999999999996,
            "gross_profit": -254,
            "gross_margin": -1058.33,
            "gross_margin_4q_avg": -574.36,
            "net_income": -6137,
            "net_income_4q": null,
            "revenue": 24,
            "revenue_4q": null,
            "common_shares": 736907,
            "book_valuer_per_share": 0.75,
            "book_valuer_per_share_4q_avg": 0.71,
            "equity": 55318,
            "current_ratio": 904.41,
            "debt_ratio": 19.49,
            "inventory_turnover_ratio": null,
            "account_receivable_turnover_ratio": 6.86,
            "reinvestment_rate": null,
            "research_to_sale_ratio": 0,
            "price_fair": 0,
            "eps_avg_yearly": 0,
            "eps_latest_yearly": 0,
            "eps_growth_yearly": 0
        },
        "20233": {
            "year_quarter": 20233,
            "year": 2023,
            "quarter": 3,
            "eps": -0.05,
            "eps_growth_year": null,
            "eps_4q": -0.37,
            "eps_4q_growth_year": null,
            "roe": -6.27,
            "roe_4q": -56.11999999999999,
            "gross_profit": -235,
            "gross_margin": -559.52,
            "gross_margin_4q_avg": -387.31,
            "net_income": -3368,
            "net_income_4q": null,
            "revenue": 42,
            "revenue_4q": null,
            "common_shares": 736907,
            "book_valuer_per_share": 0.71,
            "book_valuer_per_share_4q_avg": 0.69,
            "equity": 52065,
            "current_ratio": 828.69,
            "debt_ratio": 20.37,
            "inventory_turnover_ratio": null,
            "account_receivable_turnover_ratio": 10.5,
            "reinvestment_rate": null,
            "research_to_sale_ratio": 0,
            "price_fair": 0,
            "eps_avg_yearly": 0,
            "eps_latest_yearly": 0,
            "eps_growth_yearly": 0
        }
    },
    "months": {
        "2001-06": {
            "month": "2001-06",
            "price": "4.73",
            "revenue": 48032
        },
        "2001-07": {
            "month": "2001-07",
            "price": "4.24",
            "revenue": 45350
        },
        "2001-08": {
            "month": "2001-08",
            "price": "4.16",
            "revenue": 44984
        },
        "2001-09": {
            "month": "2001-09",
            "price": "4.02",
            "revenue": 38133
        },
        "2001-10": {
            "month": "2001-10",
            "price": "3.99",
            "revenue": 45585
        },
        "2001-11": {
            "month": "2001-11",
            "price": "4.31",
            "revenue": 46404
        },
        "2001-12": {
            "month": "2001-12",
            "price": "5.51",
            "revenue": 38781
        },
        "2002-01": {
            "month": "2002-01",
            "price": "6.40",
            "revenue": 40679
        },
        "2002-02": {
            "month": "2002-02",
            "price": "6.98",
            "revenue": 33433
        },
        "2002-03": {
            "month": "2002-03",
            "price": "7.19",
            "revenue": 57589
        },
        "2002-04": {
            "month": "2002-04",
            "price": "8.60",
            "revenue": 52203
        },
        "2002-05": {
            "month": "2002-05",
            "price": "8.28",
            "revenue": 59747
        },
        "2002-06": {
            "month": "2002-06",
            "price": "9.73",
            "revenue": 31922
        },
        "2002-07": {
            "month": "2002-07",
            "price": "9.31",
            "revenue": 46879
        },
        "2002-08": {
            "month": "2002-08",
            "price": "8.81",
            "revenue": 39104
        },
        "2002-09": {
            "month": "2002-09",
            "price": "8.79",
            "revenue": 49096
        },
        "2002-10": {
            "month": "2002-10",
            "price": "8.71",
            "revenue": 52672
        },
        "2002-11": {
            "month": "2002-11",
            "price": "13.51",
            "revenue": 40386
        },
        "2002-12": {
            "month": "2002-12",
            "price": "13.72",
            "revenue": 40943
        },
        "2003-01": {
            "month": "2003-01",
            "price": "13.53",
            "revenue": 45597
        },
        "2003-02": {
            "month": "2003-02",
            "price": "12.28",
            "revenue": 33540
        },
        "2003-03": {
            "month": "2003-03",
            "price": "11.90",
            "revenue": 51072
        },
        "2003-04": {
            "month": "2003-04",
            "price": "9.97",
            "revenue": 48397
        },
        "2003-05": {
            "month": "2003-05",
            "price": "8.55",
            "revenue": 55157
        },
        "2003-06": {
            "month": "2003-06",
            "price": "9.32",
            "revenue": 36254
        },
        "2003-07": {
            "month": "2003-07",
            "price": "9.23",
            "revenue": 40664
        },
        "2003-08": {
            "month": "2003-08",
            "price": "9.08",
            "revenue": 42060
        },
        "2003-09": {
            "month": "2003-09",
            "price": "9.71",
            "revenue": 36317
        },
        "2003-10": {
            "month": "2003-10",
            "price": "9.41",
            "revenue": 54515
        },
        "2003-11": {
            "month": "2003-11",
            "price": "9.69",
            "revenue": 61492
        },
        "2003-12": {
            "month": "2003-12",
            "price": "9.94",
            "revenue": 50239
        },
        "2004-01": {
            "month": "2004-01",
            "price": "10.59",
            "revenue": 20146
        },
        "2004-02": {
            "month": "2004-02",
            "price": "11.64",
            "revenue": 55168
        },
        "2004-03": {
            "month": "2004-03",
            "price": "10.97",
            "revenue": 58591
        },
        "2004-04": {
            "month": "2004-04",
            "price": "10.16",
            "revenue": 45197
        },
        "2004-05": {
            "month": "2004-05",
            "price": "9.19",
            "revenue": 49731
        },
        "2004-06": {
            "month": "2004-06",
            "price": "8.98",
            "revenue": 39976
        },
        "2004-07": {
            "month": "2004-07",
            "price": "8.74",
            "revenue": 36342
        },
        "2004-08": {
            "month": "2004-08",
            "price": "8.30",
            "revenue": 39150
        },
        "2004-09": {
            "month": "2004-09",
            "price": "9.02",
            "revenue": 35741
        },
        "2004-10": {
            "month": "2004-10",
            "price": "8.90",
            "revenue": 46163
        },
        "2004-11": {
            "month": "2004-11",
            "price": "8.56",
            "revenue": 36007
        },
        "2004-12": {
            "month": "2004-12",
            "price": "8.51",
            "revenue": 42864
        },
        "2005-01": {
            "month": "2005-01",
            "price": "8.50",
            "revenue": 34553
        },
        "2005-02": {
            "month": "2005-02",
            "price": "8.29",
            "revenue": 28192
        },
        "2005-03": {
            "month": "2005-03",
            "price": "8.65",
            "revenue": 44272
        },
        "2005-04": {
            "month": "2005-04",
            "price": "8.02",
            "revenue": 24417
        },
        "2005-05": {
            "month": "2005-05",
            "price": "6.95",
            "revenue": 54174
        },
        "2005-06": {
            "month": "2005-06",
            "price": "7.18",
            "revenue": 27437
        },
        "2005-07": {
            "month": "2005-07",
            "price": "7.05",
            "revenue": 47748
        },
        "2005-08": {
            "month": "2005-08",
            "price": "6.40",
            "revenue": 48810
        },
        "2005-09": {
            "month": "2005-09",
            "price": "5.61",
            "revenue": 29280
        },
        "2005-10": {
            "month": "2005-10",
            "price": "5.19",
            "revenue": 55053
        },
        "2005-11": {
            "month": "2005-11",
            "price": "4.73",
            "revenue": 27177
        },
        "2005-12": {
            "month": "2005-12",
            "price": "4.71",
            "revenue": 21474
        },
        "2006-01": {
            "month": "2006-01",
            "price": "4.87",
            "revenue": 22163
        },
        "2006-02": {
            "month": "2006-02",
            "price": "4.67",
            "revenue": 26287
        },
        "2006-03": {
            "month": "2006-03",
            "price": "4.16",
            "revenue": 26617
        },
        "2006-04": {
            "month": "2006-04",
            "price": "4.16",
            "revenue": 26097
        },
        "2006-05": {
            "month": "2006-05",
            "price": "4.42",
            "revenue": 28554
        },
        "2006-06": {
            "month": "2006-06",
            "price": "4.04",
            "revenue": 26143
        },
        "2006-07": {
            "month": "2006-07",
            "price": "4.06",
            "revenue": 21313
        },
        "2006-08": {
            "month": "2006-08",
            "price": "4.01",
            "revenue": 26753
        },
        "2006-09": {
            "month": "2006-09",
            "price": "3.94",
            "revenue": 18173
        },
        "2006-10": {
            "month": "2006-10",
            "price": "4.24",
            "revenue": 21679
        },
        "2006-11": {
            "month": "2006-11",
            "price": "4.82",
            "revenue": 22741
        },
        "2006-12": {
            "month": "2006-12",
            "price": "6.59",
            "revenue": 20647
        },
        "2007-01": {
            "month": "2007-01",
            "price": "6.32",
            "revenue": 24172
        },
        "2007-02": {
            "month": "2007-02",
            "price": "5.86",
            "revenue": 8824
        },
        "2007-03": {
            "month": "2007-03",
            "price": "6.03",
            "revenue": 30911
        },
        "2007-04": {
            "month": "2007-04",
            "price": "7.14",
            "revenue": 29778
        },
        "2007-05": {
            "month": "2007-05",
            "price": "7.19",
            "revenue": 23760
        },
        "2007-06": {
            "month": "2007-06",
            "price": "7.10",
            "revenue": 20875
        },
        "2007-07": {
            "month": "2007-07",
            "price": "9.10",
            "revenue": 27949
        },
        "2007-08": {
            "month": "2007-08",
            "price": "8.86",
            "revenue": 20515
        },
        "2007-09": {
            "month": "2007-09",
            "price": "8.98",
            "revenue": 14820
        },
        "2007-10": {
            "month": "2007-10",
            "price": "8.83",
            "revenue": 26222
        },
        "2007-11": {
            "month": "2007-11",
            "price": "8.51",
            "revenue": 14953
        },
        "2007-12": {
            "month": "2007-12",
            "price": "8.32",
            "revenue": 16066
        },
        "2008-01": {
            "month": "2008-01",
            "price": "8.16",
            "revenue": 17441
        },
        "2008-02": {
            "month": "2008-02",
            "price": "8.10",
            "revenue": 18953
        },
        "2008-03": {
            "month": "2008-03",
            "price": "8.11",
            "revenue": 24383
        },
        "2008-04": {
            "month": "2008-04",
            "price": "8.39",
            "revenue": 23612
        },
        "2008-05": {
            "month": "2008-05",
            "price": "8.60",
            "revenue": 22083
        },
        "2008-06": {
            "month": "2008-06",
            "price": "7.35",
            "revenue": 20946
        },
        "2008-07": {
            "month": "2008-07",
            "price": "5.91",
            "revenue": 19607
        },
        "2008-08": {
            "month": "2008-08",
            "price": "5.66",
            "revenue": 19812
        },
        "2008-09": {
            "month": "2008-09",
            "price": "4.78",
            "revenue": 14478
        },
        "2008-10": {
            "month": "2008-10",
            "price": "4.82",
            "revenue": 16902
        },
        "2008-11": {
            "month": "2008-11",
            "price": "4.48",
            "revenue": 13217
        },
        "2008-12": {
            "month": "2008-12",
            "price": "4.16",
            "revenue": 13328
        },
        "2009-01": {
            "month": "2009-01",
            "price": "4.10",
            "revenue": 6475
        },
        "2009-02": {
            "month": "2009-02",
            "price": "4.47",
            "revenue": 16530
        },
        "2009-03": {
            "month": "2009-03",
            "price": "5.11",
            "revenue": 20920
        },
        "2009-04": {
            "month": "2009-04",
            "price": "4.97",
            "revenue": 16633
        },
        "2009-05": {
            "month": "2009-05",
            "price": "4.88",
            "revenue": 14773
        },
        "2009-06": {
            "month": "2009-06",
            "price": "5.07",
            "revenue": 19452
        },
        "2009-07": {
            "month": "2009-07",
            "price": "6.48",
            "revenue": 16147
        },
        "2009-08": {
            "month": "2009-08",
            "price": "6.36",
            "revenue": 14613
        },
        "2009-09": {
            "month": "2009-09",
            "price": "6.78",
            "revenue": 21301
        },
        "2009-10": {
            "month": "2009-10",
            "price": "7.05",
            "revenue": 17458
        },
        "2009-11": {
            "month": "2009-11",
            "price": "7.68",
            "revenue": 18599
        },
        "2009-12": {
            "month": "2009-12",
            "price": "8.72",
            "revenue": 14024
        },
        "2010-01": {
            "month": "2010-01",
            "price": "10.89",
            "revenue": 14496
        },
        "2010-02": {
            "month": "2010-02",
            "price": "14.64",
            "revenue": 12631
        },
        "2010-03": {
            "month": "2010-03",
            "price": "15.85",
            "revenue": 23373
        },
        "2010-04": {
            "month": "2010-04",
            "price": "17.82",
            "revenue": 18004
        },
        "2010-05": {
            "month": "2010-05",
            "price": "17.64",
            "revenue": 15928
        },
        "2010-06": {
            "month": "2010-06",
            "price": "17.55",
            "revenue": 15663
        },
        "2010-07": {
            "month": "2010-07",
            "price": "16.92",
            "revenue": 21971
        },
        "2010-08": {
            "month": "2010-08",
            "price": "17.28",
            "revenue": 15858
        },
        "2010-09": {
            "month": "2010-09",
            "price": "16.69",
            "revenue": 25746
        },
        "2010-10": {
            "month": "2010-10",
            "price": "16.28",
            "revenue": 25577
        },
        "2010-11": {
            "month": "2010-11",
            "price": "17.77",
            "revenue": 24968
        },
        "2010-12": {
            "month": "2010-12",
            "price": "24.71",
            "revenue": 31725
        },
        "2011-01": {
            "month": "2011-01",
            "price": "43.08",
            "revenue": 55868
        },
        "2011-02": {
            "month": "2011-02",
            "price": "61.31",
            "revenue": 74993
        },
        "2011-03": {
            "month": "2011-03",
            "price": "59.87",
            "revenue": 123136
        },
        "2011-04": {
            "month": "2011-04",
            "price": "58.43",
            "revenue": 183951
        },
        "2011-05": {
            "month": "2011-05",
            "price": "51.09",
            "revenue": 225791
        },
        "2011-06": {
            "month": "2011-06",
            "price": "44.31",
            "revenue": 179668
        },
        "2011-07": {
            "month": "2011-07",
            "price": "44.45",
            "revenue": 133959
        },
        "2011-08": {
            "month": "2011-08",
            "price": "38.57",
            "revenue": 135497
        },
        "2011-09": {
            "month": "2011-09",
            "price": "32.40",
            "revenue": 168198
        },
        "2011-10": {
            "month": "2011-10",
            "price": "35.82",
            "revenue": 122665
        },
        "2011-11": {
            "month": "2011-11",
            "price": "33.38",
            "revenue": 163947
        },
        "2011-12": {
            "month": "2011-12",
            "price": "36.06",
            "revenue": 172916
        },
        "2012-01": {
            "month": "2012-01",
            "price": "38.84",
            "revenue": 334608
        },
        "2012-02": {
            "month": "2012-02",
            "price": "47.19",
            "revenue": 212562
        },
        "2012-03": {
            "month": "2012-03",
            "price": "52.35",
            "revenue": 183734
        },
        "2012-04": {
            "month": "2012-04",
            "price": "47.93",
            "revenue": 126141
        },
        "2012-05": {
            "month": "2012-05",
            "price": "44.95",
            "revenue": 112130
        },
        "2012-06": {
            "month": "2012-06",
            "price": "41.40",
            "revenue": 132123
        },
        "2012-07": {
            "month": "2012-07",
            "price": "42.78",
            "revenue": 142222
        },
        "2012-08": {
            "month": "2012-08",
            "price": "40.25",
            "revenue": 109037
        },
        "2012-09": {
            "month": "2012-09",
            "price": "39.16",
            "revenue": 126480
        },
        "2012-10": {
            "month": "2012-10",
            "price": "37.86",
            "revenue": 130097
        },
        "2012-11": {
            "month": "2012-11",
            "price": "37.93",
            "revenue": 132284
        },
        "2012-12": {
            "month": "2012-12",
            "price": "38.14",
            "revenue": 164010
        },
        "2013-01": {
            "month": "2013-01",
            "price": "35.80",
            "revenue": 204902
        },
        "2013-02": {
            "month": "2013-02",
            "price": "39.33",
            "revenue": 196907
        },
        "2013-03": {
            "month": "2013-03",
            "price": "46.46",
            "revenue": 124393
        },
        "2013-04": {
            "month": "2013-04",
            "price": "46.48",
            "revenue": 121756
        },
        "2013-05": {
            "month": "2013-05",
            "price": "35.91",
            "revenue": 113362
        },
        "2013-06": {
            "month": "2013-06",
            "price": "29.09",
            "revenue": 135302
        },
        "2013-07": {
            "month": "2013-07",
            "price": "27.52",
            "revenue": 135988
        },
        "2013-08": {
            "month": "2013-08",
            "price": "31.22",
            "revenue": 144850
        },
        "2013-09": {
            "month": "2013-09",
            "price": "32.28",
            "revenue": 152572
        },
        "2013-10": {
            "month": "2013-10",
            "price": "32.59",
            "revenue": 110856
        },
        "2013-11": {
            "month": "2013-11",
            "price": "33.35",
            "revenue": 105806
        },
        "2013-12": {
            "month": "2013-12",
            "price": "34.73",
            "revenue": 131097
        },
        "2014-01": {
            "month": "2014-01",
            "price": "32.85",
            "revenue": 219434
        },
        "2014-02": {
            "month": "2014-02",
            "price": "32.06",
            "revenue": 161561
        },
        "2014-03": {
            "month": "2014-03",
            "price": "30.46",
            "revenue": 180249
        },
        "2014-04": {
            "month": "2014-04",
            "price": "28.34",
            "revenue": 130359
        },
        "2014-05": {
            "month": "2014-05",
            "price": "28.19",
            "revenue": 145878
        },
        "2014-06": {
            "month": "2014-06",
            "price": "26.68",
            "revenue": 119338
        },
        "2014-07": {
            "month": "2014-07",
            "price": "26.78",
            "revenue": 160410
        },
        "2014-08": {
            "month": "2014-08",
            "price": "27.10",
            "revenue": 152971
        },
        "2014-09": {
            "month": "2014-09",
            "price": "23.87",
            "revenue": 146269
        },
        "2014-10": {
            "month": "2014-10",
            "price": "21.60",
            "revenue": 125692
        },
        "2014-11": {
            "month": "2014-11",
            "price": "18.66",
            "revenue": 120237
        },
        "2014-12": {
            "month": "2014-12",
            "price": "18.31",
            "revenue": 133948
        },
        "2015-01": {
            "month": "2015-01",
            "price": "17.93",
            "revenue": 141521
        },
        "2015-02": {
            "month": "2015-02",
            "price": "14.37",
            "revenue": 169353
        },
        "2015-03": {
            "month": "2015-03",
            "price": "13.40",
            "revenue": 114940
        },
        "2015-04": {
            "month": "2015-04",
            "price": "13.18",
            "revenue": 95885
        },
        "2015-05": {
            "month": "2015-05",
            "price": "10.44",
            "revenue": 85916
        },
        "2015-06": {
            "month": "2015-06",
            "price": "10.88",
            "revenue": 66635
        },
        "2015-07": {
            "month": "2015-07",
            "price": "9.10",
            "revenue": 64332
        },
        "2015-08": {
            "month": "2015-08",
            "price": "7.85",
            "revenue": 60538
        },
        "2015-09": {
            "month": "2015-09",
            "price": "6.99",
            "revenue": 70778
        },
        "2015-10": {
            "month": "2015-10",
            "price": "7.97",
            "revenue": 61362
        },
        "2015-11": {
            "month": "2015-11",
            "price": "7.70",
            "revenue": 58038
        },
        "2015-12": {
            "month": "2015-12",
            "price": "8.14",
            "revenue": 61272
        },
        "2016-01": {
            "month": "2016-01",
            "price": "7.68",
            "revenue": 52010
        },
        "2016-02": {
            "month": "2016-02",
            "price": "8.75",
            "revenue": 43607
        },
        "2016-03": {
            "month": "2016-03",
            "price": "8.33",
            "revenue": 40490
        },
        "2016-04": {
            "month": "2016-04",
            "price": "8.14",
            "revenue": 41773
        },
        "2016-05": {
            "month": "2016-05",
            "price": "8.71",
            "revenue": 42645
        },
        "2016-06": {
            "month": "2016-06",
            "price": "8.04",
            "revenue": 62617
        },
        "2016-07": {
            "month": "2016-07",
            "price": "7.76",
            "revenue": 40590
        },
        "2016-08": {
            "month": "2016-08",
            "price": "7.08",
            "revenue": 41697
        },
        "2016-09": {
            "month": "2016-09",
            "price": "6.68",
            "revenue": 48864
        },
        "2016-10": {
            "month": "2016-10",
            "price": "7.47",
            "revenue": 35038
        },
        "2016-11": {
            "month": "2016-11",
            "price": "8.56",
            "revenue": 62646
        },
        "2016-12": {
            "month": "2016-12",
            "price": "16.77",
            "revenue": 66980
        },
        "2017-01": {
            "month": "2017-01",
            "price": "17.63",
            "revenue": 41408
        },
        "2017-02": {
            "month": "2017-02",
            "price": "16.93",
            "revenue": 10642
        },
        "2017-03": {
            "month": "2017-03",
            "price": "15.15",
            "revenue": 6489
        },
        "2017-04": {
            "month": "2017-04",
            "price": "16.29",
            "revenue": 8645
        },
        "2017-05": {
            "month": "2017-05",
            "price": "15.53",
            "revenue": 10041
        },
        "2017-06": {
            "month": "2017-06",
            "price": "15.13",
            "revenue": 22142
        },
        "2017-07": {
            "month": "2017-07",
            "price": "14.58",
            "revenue": 26159
        },
        "2017-08": {
            "month": "2017-08",
            "price": "13.25",
            "revenue": 36262
        },
        "2017-09": {
            "month": "2017-09",
            "price": "12.65",
            "revenue": 32386
        },
        "2017-10": {
            "month": "2017-10",
            "price": "12.59",
            "revenue": 15474
        },
        "2017-11": {
            "month": "2017-11",
            "price": "10.61",
            "revenue": 29537
        },
        "2017-12": {
            "month": "2017-12",
            "price": "9.99",
            "revenue": 23823
        },
        "2018-01": {
            "month": "2018-01",
            "price": "12.84",
            "revenue": 15874
        },
        "2018-02": {
            "month": "2018-02",
            "price": "13.04",
            "revenue": 13475
        },
        "2018-03": {
            "month": "2018-03",
            "price": "12.99",
            "revenue": 5318
        },
        "2018-04": {
            "month": "2018-04",
            "price": "12.84",
            "revenue": 10839
        },
        "2018-05": {
            "month": "2018-05",
            "price": "14.07",
            "revenue": 3032
        },
        "2018-06": {
            "month": "2018-06",
            "price": "15.52",
            "revenue": 27857
        },
        "2018-07": {
            "month": "2018-07",
            "price": "15.94",
            "revenue": 5171
        },
        "2018-08": {
            "month": "2018-08",
            "price": "17.50",
            "revenue": 2880
        },
        "2018-09": {
            "month": "2018-09",
            "price": "16.42",
            "revenue": 5326
        },
        "2018-10": {
            "month": "2018-10",
            "price": "17.30",
            "revenue": 5724
        },
        "2018-11": {
            "month": "2018-11",
            "price": "15.45",
            "revenue": 4842
        },
        "2018-12": {
            "month": "2018-12",
            "price": "16.40",
            "revenue": 2045
        },
        "2019-01": {
            "month": "2019-01",
            "price": "15.96",
            "revenue": 2026
        },
        "2019-02": {
            "month": "2019-02",
            "price": "15.07",
            "revenue": 83
        },
        "2019-03": {
            "month": "2019-03",
            "price": "15.34",
            "revenue": 1775
        },
        "2019-04": {
            "month": "2019-04",
            "price": "14.22",
            "revenue": 6133
        },
        "2019-05": {
            "month": "2019-05",
            "price": "11.84",
            "revenue": 6009
        },
        "2019-06": {
            "month": "2019-06",
            "price": "8.89",
            "revenue": 1642
        },
        "2019-07": {
            "month": "2019-07",
            "price": "7.98",
            "revenue": 411
        },
        "2019-08": {
            "month": "2019-08",
            "price": "7.56",
            "revenue": 299
        },
        "2019-09": {
            "month": "2019-09",
            "price": "9.43",
            "revenue": 78
        },
        "2019-10": {
            "month": "2019-10",
            "price": "12.55",
            "revenue": 2042
        },
        "2019-11": {
            "month": "2019-11",
            "price": "12.17",
            "revenue": 1646
        },
        "2019-12": {
            "month": "2019-12",
            "price": "12.92",
            "revenue": 693
        },
        "2020-01": {
            "month": "2020-01",
            "price": "10.14",
            "revenue": 27
        },
        "2020-02": {
            "month": "2020-02",
            "price": "9.79",
            "revenue": 44
        },
        "2020-03": {
            "month": "2020-03",
            "price": "8.48",
            "revenue": 1318
        },
        "2020-04": {
            "month": "2020-04",
            "price": "6.40",
            "revenue": 46
        },
        "2020-05": {
            "month": "2020-05",
            "price": "7.12",
            "revenue": 626
        },
        "2020-06": {
            "month": "2020-06",
            "price": "9.45",
            "revenue": 558
        },
        "2020-07": {
            "month": "2020-07",
            "price": "12.10",
            "revenue": 642
        },
        "2020-08": {
            "month": "2020-08",
            "price": "10.67",
            "revenue": 3730
        },
        "2020-09": {
            "month": "2020-09",
            "price": "10.32",
            "revenue": 7782
        },
        "2020-10": {
            "month": "2020-10",
            "price": "9.96",
            "revenue": 3996
        },
        "2020-11": {
            "month": "2020-11",
            "price": "9.05",
            "revenue": 4113
        },
        "2020-12": {
            "month": "2020-12",
            "price": "7.57",
            "revenue": -2508
        },
        "2021-01": {
            "month": "2021-01",
            "price": "6.59",
            "revenue": 1281
        },
        "2021-02": {
            "month": "2021-02",
            "price": "6.10",
            "revenue": 1281
        },
        "2021-03": {
            "month": "2021-03",
            "price": "6.39",
            "revenue": 6891
        },
        "2021-04": {
            "month": "2021-04",
            "price": "6.92",
            "revenue": 899
        },
        "2021-05": {
            "month": "2021-05",
            "price": "6.04",
            "revenue": -1465
        },
        "2021-06": {
            "month": "2021-06",
            "price": "6.07",
            "revenue": 696
        },
        "2021-07": {
            "month": "2021-07",
            "price": "8.13",
            "revenue": 7022
        },
        "2021-08": {
            "month": "2021-08",
            "price": "7.18",
            "revenue": 87
        },
        "2022-02": {
            "month": "2022-02",
            "price": "7.42",
            "revenue": 43
        },
        "2022-03": {
            "month": "2022-03",
            "price": "6.38",
            "revenue": 61
        },
        "2022-04": {
            "month": "2022-04",
            "price": "5.70",
            "revenue": 178
        },
        "2022-05": {
            "month": "2022-05",
            "price": "5.48",
            "revenue": -46
        },
        "2022-06": {
            "month": "2022-06",
            "price": "5.24",
            "revenue": 30
        },
        "2022-07": {
            "month": "2022-07",
            "price": "4.99",
            "revenue": 30
        },
        "2022-08": {
            "month": "2022-08",
            "price": "4.29",
            "revenue": 30
        },
        "2022-09": {
            "month": "2022-09",
            "price": "5.08",
            "revenue": 30
        },
        "2022-10": {
            "month": "2022-10",
            "price": "4.15",
            "revenue": 11972
        },
        "2022-11": {
            "month": "2022-11",
            "price": "4.76",
            "revenue": 325
        },
        "2022-12": {
            "month": "2022-12",
            "price": "4.75",
            "revenue": 11036
        },
        "2023-01": {
            "month": "2023-01",
            "price": "5.05",
            "revenue": 0
        },
        "2023-02": {
            "month": "2023-02",
            "price": "4.92",
            "revenue": 0
        },
        "2023-03": {
            "month": "2023-03",
            "price": "4.79",
            "revenue": 0
        },
        "2023-04": {
            "month": "2023-04",
            "price": "4.61",
            "revenue": 0
        },
        "2023-05": {
            "month": "2023-05",
            "price": "4.23",
            "revenue": 3
        },
        "2023-06": {
            "month": "2023-06",
            "price": "4.03",
            "revenue": 19
        },
        "2023-07": {
            "month": "2023-07",
            "price": "3.86",
            "revenue": 11
        },
        "2023-08": {
            "month": "2023-08",
            "price": "3.88",
            "revenue": 20
        },
        "2023-09": {
            "month": "2023-09",
            "price": "4.08",
            "revenue": 11
        },
        "2023-10": {
            "month": "2023-10",
            "price": "3.59",
            "revenue": 20
        },
        "2023-11": {
            "month": "2023-11",
            "price": "3.06",
            "revenue": 7
        },
        "2023-12": {
            "month": "2023-12",
            "price": "2.89",
            "revenue": 0
        }
    }
}
