{
    "summary": {
        "stock_name": "永捷",
        "stock_id": "4714",
        "category": "化工",
        "main_business": "PU樹脂<br>住宅及大樓開發租售",
        "website_url": "http://www.u-best-inno.com/",
        "ceo": "黃南豪",
        "pe_ratio": -2045,
        "report_year_from": 2001,
        "report_year_to": 2023,
        "age": 23,
        "eps_negative_percentage": 13,
        "eps_growth_avg": {
            "last_all": -15.3,
            "last_2y": -77.12,
            "last_4y": -48.56,
            "last_8y": -36.22,
            "last_12y": -29.98,
            "last_16y": -19.09,
            "last_20y": -21.7,
            "at_2006_last_3y": -34.78,
            "at_2007_last_3y": -56.46,
            "at_2008_last_3y": -51.3,
            "at_2009_last_3y": 15.36,
            "at_2010_last_3y": 10.85,
            "at_2011_last_3y": 13.37,
            "at_2012_last_3y": -5.15,
            "at_2013_last_3y": -5.15,
            "at_2014_last_3y": -19.05,
            "at_2015_last_3y": -17.98,
            "at_2016_last_3y": 20.6,
            "at_2017_last_3y": -29.4,
            "at_2018_last_3y": -19.76,
            "at_2019_last_3y": -12.76,
            "at_2020_last_3y": -46.66,
            "at_2021_last_3y": -31.41,
            "at_2022_last_3y": -48.56,
            "at_2023_last_3y": -65.08,
            "at_2024_last_3y": -65.08,
            "at_2006_last_all": -1.08,
            "at_2007_last_all": -7.75,
            "at_2008_last_all": -9.71,
            "at_2009_last_all": 5.96,
            "at_2010_last_all": 4.88,
            "at_2011_last_all": 1.64,
            "at_2012_last_all": -7.88,
            "at_2013_last_all": 1.92,
            "at_2014_last_all": -3.1,
            "at_2015_last_all": -4.4,
            "at_2016_last_all": 0.25,
            "at_2017_last_all": -6.43,
            "at_2018_last_all": -6.43,
            "at_2019_last_all": -5.97,
            "at_2020_last_all": -8.03,
            "at_2021_last_all": -10.59,
            "at_2022_last_all": -15.3,
            "at_2023_last_all": -15.3,
            "at_2024_last_all": -15.3
        },
        "latest_eps": -0.01,
        "latest_price": 20.45,
        "latest_roe": -0.98,
        "latest_gross_margin": 17.8,
        "latest_equity": 3747992,
        "latest_revenue": 118613,
        "latest_gross_profit": 21116,
        "latest_net_income": -27414,
        "latest_debt_ratio": 38.68,
        "latest_current_ratio": 183.45,
        "latest_account_receivable_turnover_ratio": 1.07,
        "latest_inventory_turnover_ratio": 0.05,
        "latest_reinvestment_rate": 1952.44,
        "latest_research_to_sale_ratio": 8.82
    },
    "eps_dividends": {
        "1999": {
            "cash": 0,
            "stock": 4.3,
            "eps": 0
        },
        "2000": {
            "cash": 0,
            "stock": 2,
            "eps": 0
        },
        "2001": {
            "cash": 0.01,
            "stock": 1,
            "eps": 0.5
        },
        "2002": {
            "cash": 0,
            "stock": 0.5,
            "eps": 1.86
        },
        "2003": {
            "cash": 1.5,
            "stock": 0,
            "eps": 2.43
        },
        "2004": {
            "cash": 2,
            "stock": 0,
            "eps": 1.58
        },
        "2005": {
            "cash": 1,
            "stock": 0,
            "eps": -0.45
        },
        "2006": {
            "cash": 0,
            "stock": 0,
            "eps": 1.25
        },
        "2007": {
            "cash": 1,
            "stock": 0,
            "eps": 0.82
        },
        "2008": {
            "cash": 0.5,
            "stock": 0,
            "eps": 0.66
        },
        "2009": {
            "cash": 0.5,
            "stock": 0,
            "eps": 1.48
        },
        "2010": {
            "cash": 1,
            "stock": 0,
            "eps": 1.44
        },
        "2011": {
            "cash": 1,
            "stock": 0,
            "eps": 1.09
        },
        "2012": {
            "cash": 0.5,
            "stock": 0,
            "eps": 0.07
        },
        "2013": {
            "cash": 0,
            "stock": 0,
            "eps": 0.84
        },
        "2014": {
            "cash": 0.4,
            "stock": 0.4,
            "eps": 0.35
        },
        "2015": {
            "cash": 0.3,
            "stock": 0,
            "eps": 0.28
        },
        "2016": {
            "cash": 0.5,
            "stock": 0,
            "eps": 0.45
        },
        "2017": {
            "cash": 0.2,
            "stock": 0.2,
            "eps": -0.1
        },
        "2018": {
            "cash": 0.48,
            "stock": 0,
            "eps": 0.99
        },
        "2019": {
            "cash": 1.59,
            "stock": 0,
            "eps": 1
        },
        "2020": {
            "cash": 0.1,
            "stock": 0.9,
            "eps": 0.59
        },
        "2021": {
            "cash": 0.1,
            "stock": 0.4,
            "eps": 0.27
        },
        "2022": {
            "cash": 0.4,
            "stock": 0,
            "eps": -0.39
        },
        "2023": {
            "cash": 0,
            "stock": 0,
            "eps": 0.06
        }
    },
    "dividends": {
        "1999-05-02": {
            "cash": 0,
            "stock": 4.3
        },
        "2000-03-12": {
            "cash": 0,
            "stock": 2
        },
        "2001-05-06": {
            "cash": 0.01,
            "stock": 1
        },
        "2002-06-09": {
            "cash": 0,
            "stock": 0.5
        },
        "2003-06-07": {
            "cash": 1.5,
            "stock": 0
        },
        "2004-03-01": {
            "cash": 2,
            "stock": 0
        },
        "2005-03-14": {
            "cash": 1,
            "stock": 0
        },
        "2007-03-28": {
            "cash": 1,
            "stock": 0
        },
        "2008-03-25": {
            "cash": 0.5,
            "stock": 0
        },
        "2009-03-19": {
            "cash": 0.5,
            "stock": 0
        },
        "2010-03-24": {
            "cash": 1,
            "stock": 0
        },
        "2011-03-15": {
            "cash": 1,
            "stock": 0
        },
        "2012-04-18": {
            "cash": 0.5,
            "stock": 0
        },
        "2014-09-24": {
            "cash": 0.4,
            "stock": 0.4
        },
        "2015-09-01": {
            "cash": 0.3,
            "stock": 0
        },
        "2016-08-26": {
            "cash": 0.5,
            "stock": 0
        },
        "2017-09-29": {
            "cash": 0.2,
            "stock": 0.2
        },
        "2018-08-15": {
            "cash": 0.48,
            "stock": 0
        },
        "2019-08-08": {
            "cash": 1.59,
            "stock": 0
        },
        "2020-08-17": {
            "cash": 0.1,
            "stock": 0.9
        },
        "2021-12-24": {
            "cash": 0.1,
            "stock": 0.4
        },
        "2022-07-22": {
            "cash": 0.4,
            "stock": 0
        }
    },
    "prices": {
        "200101": "8.81",
        "200102": "9.66",
        "200103": "9.34",
        "200104": "8.41",
        "200105": "7.12",
        "200106": "6.65",
        "200107": "4.83",
        "200108": "4.52",
        "200109": "4.04",
        "200110": "3.53",
        "200111": "3.92",
        "200112": "4.97",
        "200201": "6.35",
        "200202": "7.12",
        "200203": "7.19",
        "200204": "11.84",
        "200205": "16.14",
        "200206": "15.35",
        "200207": "14.20",
        "200208": "13.15",
        "200209": "13.73",
        "200210": "13.67",
        "200211": "16.84",
        "200212": "17.06",
        "200301": "16.80",
        "200302": "15.46",
        "200303": "15.25",
        "200304": "16.27",
        "200305": "15.91",
        "200306": "16.42",
        "200307": "14.75",
        "200308": "14.85",
        "200309": "14.99",
        "200310": "15.48",
        "200311": "18.00",
        "200312": "18.10",
        "200401": "18.27",
        "200402": "19.09",
        "200403": "20.72",
        "200404": "20.59",
        "200405": "19.02",
        "200406": "19.02",
        "200407": "16.47",
        "200408": "14.89",
        "200409": "15.45",
        "200410": "15.11",
        "200411": "13.23",
        "200412": "12.88",
        "200501": "13.17",
        "200502": "12.93",
        "200503": "12.69",
        "200504": "12.21",
        "200505": "11.56",
        "200506": "10.74",
        "200507": "9.73",
        "200508": "7.94",
        "200509": "6.98",
        "200510": "6.87",
        "200511": "6.01",
        "200512": "6.03",
        "200601": "6.56",
        "200602": "6.27",
        "200603": "5.92",
        "200604": "6.48",
        "200605": "8.01",
        "200606": "7.46",
        "200607": "7.56",
        "200608": "7.81",
        "200609": "9.37",
        "200610": "10.76",
        "200611": "12.47",
        "200612": "17.20",
        "200701": "16.58",
        "200702": "17.28",
        "200703": "17.60",
        "200704": "17.99",
        "200705": "16.33",
        "200706": "15.98",
        "200707": "16.69",
        "200708": "14.43",
        "200709": "13.68",
        "200710": "11.78",
        "200711": "9.81",
        "200712": "9.38",
        "200801": "8.93",
        "200802": "9.25",
        "200803": "9.77",
        "200804": "11.48",
        "200805": "13.02",
        "200806": "11.27",
        "200807": "9.73",
        "200808": "9.95",
        "200809": "8.67",
        "200810": "7.13",
        "200811": "6.09",
        "200812": "6.33",
        "200901": "6.10",
        "200902": "5.97",
        "200903": "6.91",
        "200904": "8.29",
        "200905": "8.79",
        "200906": "8.77",
        "200907": "8.79",
        "200908": "9.33",
        "200909": "9.80",
        "200910": "10.84",
        "200911": "14.88",
        "200912": "14.40",
        "201001": "14.96",
        "201002": "13.79",
        "201003": "14.85",
        "201004": "18.22",
        "201005": "17.17",
        "201006": "16.38",
        "201007": "16.82",
        "201008": "18.08",
        "201009": "17.31",
        "201010": "16.60",
        "201011": "15.91",
        "201012": "16.73",
        "201101": "17.77",
        "201102": "22.98",
        "201103": "22.10",
        "201104": "22.45",
        "201105": "18.22",
        "201106": "21.60",
        "201107": "21.31",
        "201108": "19.69",
        "201109": "18.38",
        "201110": "15.86",
        "201111": "14.18",
        "201112": "11.93",
        "201201": "11.77",
        "201202": "14.63",
        "201203": "14.78",
        "201204": "14.43",
        "201205": "15.82",
        "201206": "14.82",
        "201207": "15.02",
        "201208": "13.21",
        "201209": "12.78",
        "201210": "11.49",
        "201211": "9.89",
        "201212": "10.60",
        "201301": "11.12",
        "201302": "11.12",
        "201303": "10.98",
        "201304": "10.68",
        "201305": "11.05",
        "201306": "11.79",
        "201307": "12.03",
        "201308": "11.67",
        "201309": "11.82",
        "201310": "11.91",
        "201311": "11.73",
        "201312": "11.91",
        "201401": "13.07",
        "201402": "15.26",
        "201403": "16.48",
        "201404": "15.05",
        "201405": "13.96",
        "201406": "14.36",
        "201407": "13.98",
        "201408": "12.76",
        "201409": "12.10",
        "201410": "13.08",
        "201411": "11.32",
        "201412": "11.16",
        "201501": "11.01",
        "201502": "11.18",
        "201503": "12.18",
        "201504": "12.78",
        "201505": "13.32",
        "201506": "13.04",
        "201507": "11.55",
        "201508": "9.28",
        "201509": "8.60",
        "201510": "9.03",
        "201511": "8.71",
        "201512": "8.22",
        "201601": "8.03",
        "201602": "8.19",
        "201603": "8.78",
        "201604": "8.59",
        "201605": "8.27",
        "201606": "8.95",
        "201607": "9.48",
        "201608": "9.17",
        "201609": "9.54",
        "201610": "9.54",
        "201611": "9.82",
        "201612": "14.42",
        "201701": "14.08",
        "201702": "14.66",
        "201703": "15.46",
        "201704": "13.71",
        "201705": "12.44",
        "201706": "13.01",
        "201707": "13.85",
        "201708": "14.04",
        "201709": "14.78",
        "201710": "15.14",
        "201711": "16.19",
        "201712": "15.60",
        "201801": "16.28",
        "201802": "14.42",
        "201803": "14.83",
        "201804": "15.71",
        "201805": "14.82",
        "201806": "15.52",
        "201807": "14.72",
        "201808": "13.52",
        "201809": "13.20",
        "201810": "11.82",
        "201811": "12.31",
        "201812": "12.04",
        "201901": "12.81",
        "201902": "13.66",
        "201903": "14.60",
        "201904": "16.84",
        "201905": "16.34",
        "201906": "16.39",
        "201907": "15.93",
        "201908": "14.11",
        "201909": "14.16",
        "201910": "14.16",
        "201911": "14.40",
        "201912": "14.50",
        "202001": "15.74",
        "202002": "15.41",
        "202003": "12.55",
        "202004": "13.74",
        "202005": "14.62",
        "202006": "14.86",
        "202007": "16.09",
        "202008": "14.92",
        "202009": "14.23",
        "202010": "12.72",
        "202011": "12.44",
        "202012": "12.43",
        "202101": "11.84",
        "202102": "11.68",
        "202103": "12.04",
        "202104": "12.67",
        "202105": "12.42",
        "202106": "13.53",
        "202107": "14.15",
        "202108": "12.82",
        "202109": "13.57",
        "202110": "13.75",
        "202111": "14.51",
        "202112": "14.54",
        "202201": "14.03",
        "202202": "14.03",
        "202203": "13.56",
        "202204": "13.42",
        "202205": "13.67",
        "202206": "13.62",
        "202207": "11.98",
        "202208": "12.43",
        "202209": "11.97",
        "202210": "10.66",
        "202211": "10.69",
        "202212": "10.82",
        "202301": "10.43",
        "202302": "10.77",
        "202303": "11.00",
        "202304": "11.73",
        "202305": "12.16",
        "202306": "12.52",
        "202307": "12.73",
        "202308": "12.80",
        "202309": "13.01",
        "202310": "13.67",
        "202311": "13.75",
        "202312": "13.70"
    },
    "quarters": {
        "20011": {
            "year_quarter": 20011,
            "year": 2001,
            "quarter": 1,
            "eps": -0.36,
            "eps_growth_year": -150.7,
            "eps_4q": -0.05,
            "eps_4q_growth_year": -101.72,
            "roe": -2.93,
            "roe_4q": -2.93,
            "gross_profit": 32277,
            "gross_margin": 17.31,
            "gross_margin_4q_avg": 17.31,
            "net_income": -13843,
            "net_income_4q": null,
            "revenue": 186516,
            "revenue_4q": null,
            "common_shares": 380702,
            "book_valuer_per_share": 12.24,
            "book_valuer_per_share_4q_avg": 12.24,
            "equity": 465903,
            "current_ratio": 178.1,
            "debt_ratio": 27.94,
            "inventory_turnover_ratio": 2.74,
            "account_receivable_turnover_ratio": null,
            "reinvestment_rate": null,
            "research_to_sale_ratio": null,
            "price_fair": 0,
            "eps_avg_yearly": 0,
            "eps_latest_yearly": 0,
            "eps_growth_yearly": 0
        },
        "20012": {
            "year_quarter": 20012,
            "year": 2001,
            "quarter": 2,
            "eps": 0.32,
            "eps_growth_year": -21.95,
            "eps_4q": -0.13,
            "eps_4q_growth_year": -105.63,
            "roe": 2.61,
            "roe_4q": -0.3200000000000003,
            "gross_profit": 42535,
            "gross_margin": 18.42,
            "gross_margin_4q_avg": 17.87,
            "net_income": 12311,
            "net_income_4q": null,
            "revenue": 230975,
            "revenue_4q": null,
            "common_shares": 380702,
            "book_valuer_per_share": 12.5,
            "book_valuer_per_share_4q_avg": 12.37,
            "equity": 475769,
            "current_ratio": 181.66,
            "debt_ratio": 29.09,
            "inventory_turnover_ratio": 3.49,
            "account_receivable_turnover_ratio": null,
            "reinvestment_rate": null,
            "research_to_sale_ratio": null,
            "price_fair": 0,
            "eps_avg_yearly": 0,
            "eps_latest_yearly": 0,
            "eps_growth_yearly": 0
        },
        "20013": {
            "year_quarter": 20013,
            "year": 2001,
            "quarter": 3,
            "eps": 0.28,
            "eps_growth_year": null,
            "eps_4q": 0.46,
            "eps_4q_growth_year": -68,
            "roe": 2.39,
            "roe_4q": 2.07,
            "gross_profit": 34538,
            "gross_margin": 18.98,
            "gross_margin_4q_avg": 18.24,
            "net_income": 11522,
            "net_income_4q": null,
            "revenue": 181933,
            "revenue_4q": null,
            "common_shares": 418773,
            "book_valuer_per_share": 11.64,
            "book_valuer_per_share_4q_avg": 12.13,
            "equity": 487292,
            "current_ratio": 196.37,
            "debt_ratio": 24.81,
            "inventory_turnover_ratio": 2.68,
            "account_receivable_turnover_ratio": null,
            "reinvestment_rate": null,
            "research_to_sale_ratio": null,
            "price_fair": 0,
            "eps_avg_yearly": 0,
            "eps_latest_yearly": 0,
            "eps_growth_yearly": 0
        },
        "20014": {
            "year_quarter": 20014,
            "year": 2001,
            "quarter": 4,
            "eps": 0.26,
            "eps_growth_year": 8.33,
            "eps_4q": 0.49,
            "eps_4q_growth_year": -52.93,
            "roe": 2.25,
            "roe_4q": 4.32,
            "gross_profit": 30312,
            "gross_margin": 18.46,
            "gross_margin_4q_avg": 18.29,
            "net_income": 11077,
            "net_income_4q": null,
            "revenue": 164245,
            "revenue_4q": null,
            "common_shares": 418773,
            "book_valuer_per_share": 11.9,
            "book_valuer_per_share_4q_avg": 12.07,
            "equity": 498369,
            "current_ratio": 241.42,
            "debt_ratio": 17.57,
            "inventory_turnover_ratio": 2.49,
            "account_receivable_turnover_ratio": null,
            "reinvestment_rate": null,
            "research_to_sale_ratio": null,
            "price_fair": 0,
            "eps_avg_yearly": 0,
            "eps_latest_yearly": 0,
            "eps_growth_yearly": 0
        },
        "20021": {
            "year_quarter": 20021,
            "year": 2002,
            "quarter": 1,
            "eps": 0.61,
            "eps_growth_year": null,
            "eps_4q": 1.47,
            "eps_4q_growth_year": null,
            "roe": 4.86,
            "roe_4q": 12.11,
            "gross_profit": 44195,
            "gross_margin": 24.1,
            "gross_margin_4q_avg": 19.99,
            "net_income": 24666,
            "net_income_4q": null,
            "revenue": 183351,
            "revenue_4q": null,
            "common_shares": 418773,
            "book_valuer_per_share": 12.32,
            "book_valuer_per_share_4q_avg": 12.09,
            "equity": 515810,
            "current_ratio": 217.6,
            "debt_ratio": 21.32,
            "inventory_turnover_ratio": 2.43,
            "account_receivable_turnover_ratio": null,
            "reinvestment_rate": null,
            "research_to_sale_ratio": null,
            "price_fair": 85.4,
            "eps_avg_yearly": 2.44,
            "eps_latest_yearly": 2.44,
            "eps_growth_yearly": 538.46
        },
        "20022": {
            "year_quarter": 20022,
            "year": 2002,
            "quarter": 2,
            "eps": 0.33,
            "eps_growth_year": 3.12,
            "eps_4q": 1.46,
            "eps_4q_growth_year": null,
            "roe": 2.65,
            "roe_4q": 12.15,
            "gross_profit": 57021,
            "gross_margin": 24.54,
            "gross_margin_4q_avg": 21.52,
            "net_income": 13861,
            "net_income_4q": null,
            "revenue": 232315,
            "revenue_4q": null,
            "common_shares": 418773,
            "book_valuer_per_share": 12.62,
            "book_valuer_per_share_4q_avg": 12.12,
            "equity": 528569,
            "current_ratio": 222.74,
            "debt_ratio": 23.73,
            "inventory_turnover_ratio": 2.63,
            "account_receivable_turnover_ratio": null,
            "reinvestment_rate": null,
            "research_to_sale_ratio": null,
            "price_fair": 65.8,
            "eps_avg_yearly": 1.88,
            "eps_latest_yearly": 1.32,
            "eps_growth_yearly": 177.43
        },
        "20023": {
            "year_quarter": 20023,
            "year": 2002,
            "quarter": 3,
            "eps": 0.45,
            "eps_growth_year": 60.71,
            "eps_4q": 1.62,
            "eps_4q_growth_year": 252.23,
            "roe": 3.54,
            "roe_4q": 13.3,
            "gross_profit": 48306,
            "gross_margin": 23.93,
            "gross_margin_4q_avg": 22.76,
            "net_income": 19045,
            "net_income_4q": null,
            "revenue": 201827,
            "revenue_4q": null,
            "common_shares": 439711,
            "book_valuer_per_share": 12.45,
            "book_valuer_per_share_4q_avg": 12.32,
            "equity": 547614,
            "current_ratio": 247.78,
            "debt_ratio": 21.25,
            "inventory_turnover_ratio": 2.08,
            "account_receivable_turnover_ratio": null,
            "reinvestment_rate": null,
            "research_to_sale_ratio": null,
            "price_fair": 64.87,
            "eps_avg_yearly": 1.85,
            "eps_latest_yearly": 1.8,
            "eps_growth_yearly": 166.77
        },
        "20024": {
            "year_quarter": 20024,
            "year": 2002,
            "quarter": 4,
            "eps": 0.47,
            "eps_growth_year": 80.77,
            "eps_4q": 1.84,
            "eps_4q_growth_year": 271.61,
            "roe": 3.55,
            "roe_4q": 14.600000000000001,
            "gross_profit": 41142,
            "gross_margin": 22.87,
            "gross_margin_4q_avg": 23.86,
            "net_income": 19786,
            "net_income_4q": null,
            "revenue": 179915,
            "revenue_4q": null,
            "common_shares": 439711,
            "book_valuer_per_share": 12.9,
            "book_valuer_per_share_4q_avg": 12.57,
            "equity": 567400,
            "current_ratio": 289.26,
            "debt_ratio": 18.31,
            "inventory_turnover_ratio": 1.94,
            "account_receivable_turnover_ratio": null,
            "reinvestment_rate": 68.78,
            "research_to_sale_ratio": null,
            "price_fair": 65.1,
            "eps_avg_yearly": 1.86,
            "eps_latest_yearly": 1.88,
            "eps_growth_yearly": 129.52
        },
        "20031": {
            "year_quarter": 20031,
            "year": 2003,
            "quarter": 1,
            "eps": 0.59,
            "eps_growth_year": -3.28,
            "eps_4q": 1.83,
            "eps_4q_growth_year": 23.91,
            "roe": 4.34,
            "roe_4q": 14.08,
            "gross_profit": 48758,
            "gross_margin": 23.49,
            "gross_margin_4q_avg": 23.71,
            "net_income": 25161,
            "net_income_4q": null,
            "revenue": 207604,
            "revenue_4q": null,
            "common_shares": 439711,
            "book_valuer_per_share": 13.48,
            "book_valuer_per_share_4q_avg": 12.86,
            "equity": 592561,
            "current_ratio": 264.93,
            "debt_ratio": 21.58,
            "inventory_turnover_ratio": 2.25,
            "account_receivable_turnover_ratio": null,
            "reinvestment_rate": 65.67,
            "research_to_sale_ratio": null,
            "price_fair": 68.6,
            "eps_avg_yearly": 1.96,
            "eps_latest_yearly": 2.36,
            "eps_growth_yearly": 124.04
        },
        "20032": {
            "year_quarter": 20032,
            "year": 2003,
            "quarter": 2,
            "eps": 0.49,
            "eps_growth_year": 48.48,
            "eps_4q": 2,
            "eps_4q_growth_year": 37.58,
            "roe": 3.65,
            "roe_4q": 15.079999999999998,
            "gross_profit": 44717,
            "gross_margin": 21.24,
            "gross_margin_4q_avg": 22.88,
            "net_income": 20735,
            "net_income_4q": null,
            "revenue": 210543,
            "revenue_4q": null,
            "common_shares": 439711,
            "book_valuer_per_share": 12.37,
            "book_valuer_per_share_4q_avg": 12.8,
            "equity": 543867,
            "current_ratio": 191.69,
            "debt_ratio": 30.45,
            "inventory_turnover_ratio": 2.14,
            "account_receivable_turnover_ratio": null,
            "reinvestment_rate": 66.45,
            "research_to_sale_ratio": null,
            "price_fair": 68.6,
            "eps_avg_yearly": 1.96,
            "eps_latest_yearly": 1.96,
            "eps_growth_yearly": 92.07
        },
        "20033": {
            "year_quarter": 20033,
            "year": 2003,
            "quarter": 3,
            "eps": 0.77,
            "eps_growth_year": 71.11,
            "eps_4q": 2.31,
            "eps_4q_growth_year": 42.64,
            "roe": 5.85,
            "roe_4q": 17.39,
            "gross_profit": 51216,
            "gross_margin": 23.91,
            "gross_margin_4q_avg": 22.88,
            "net_income": 32762,
            "net_income_4q": null,
            "revenue": 214164,
            "revenue_4q": null,
            "common_shares": 439711,
            "book_valuer_per_share": 13.1,
            "book_valuer_per_share_4q_avg": 12.96,
            "equity": 575841,
            "current_ratio": 310.07,
            "debt_ratio": 18.41,
            "inventory_turnover_ratio": 2.23,
            "account_receivable_turnover_ratio": null,
            "reinvestment_rate": 62.95,
            "research_to_sale_ratio": null,
            "price_fair": 74.2,
            "eps_avg_yearly": 2.12,
            "eps_latest_yearly": 3.08,
            "eps_growth_yearly": 111.57
        },
        "20034": {
            "year_quarter": 20034,
            "year": 2003,
            "quarter": 4,
            "eps": 0.58,
            "eps_growth_year": 23.4,
            "eps_4q": 2.45,
            "eps_4q_growth_year": 33.23,
            "roe": 4.15,
            "roe_4q": 17.990000000000002,
            "gross_profit": 42412,
            "gross_margin": 20.72,
            "gross_margin_4q_avg": 22.34,
            "net_income": 24421,
            "net_income_4q": null,
            "revenue": 204718,
            "revenue_4q": null,
            "common_shares": 439711,
            "book_valuer_per_share": 13.65,
            "book_valuer_per_share_4q_avg": 13.15,
            "equity": 600345,
            "current_ratio": 251.62,
            "debt_ratio": 24.15,
            "inventory_turnover_ratio": 2,
            "account_receivable_turnover_ratio": null,
            "reinvestment_rate": 71.98,
            "research_to_sale_ratio": null,
            "price_fair": 75.08,
            "eps_avg_yearly": 2.15,
            "eps_latest_yearly": 2.32,
            "eps_growth_yearly": 85.29
        },
        "20041": {
            "year_quarter": 20041,
            "year": 2004,
            "quarter": 1,
            "eps": 0.57,
            "eps_growth_year": -3.39,
            "eps_4q": 2.4,
            "eps_4q_growth_year": 31.42,
            "roe": 3.96,
            "roe_4q": 17.61,
            "gross_profit": 40275,
            "gross_margin": 21.12,
            "gross_margin_4q_avg": 21.75,
            "net_income": 24280,
            "net_income_4q": null,
            "revenue": 190737,
            "revenue_4q": null,
            "common_shares": 439711,
            "book_valuer_per_share": 14.2,
            "book_valuer_per_share_4q_avg": 13.33,
            "equity": 624565,
            "current_ratio": 356.7,
            "debt_ratio": 17.14,
            "inventory_turnover_ratio": 1.56,
            "account_receivable_turnover_ratio": null,
            "reinvestment_rate": 61.26,
            "research_to_sale_ratio": null,
            "price_fair": 75.6,
            "eps_avg_yearly": 2.16,
            "eps_latest_yearly": 2.28,
            "eps_growth_yearly": 75.04
        },
        "20042": {
            "year_quarter": 20042,
            "year": 2004,
            "quarter": 2,
            "eps": 0.5,
            "eps_growth_year": 2.04,
            "eps_4q": 2.42,
            "eps_4q_growth_year": 21.02,
            "roe": 3.6,
            "roe_4q": 17.560000000000002,
            "gross_profit": 42312,
            "gross_margin": 19.05,
            "gross_margin_4q_avg": 21.2,
            "net_income": 21181,
            "net_income_4q": null,
            "revenue": 222106,
            "revenue_4q": null,
            "common_shares": 439711,
            "book_valuer_per_share": 12.58,
            "book_valuer_per_share_4q_avg": 13.38,
            "equity": 553235,
            "current_ratio": 178.66,
            "debt_ratio": 34.31,
            "inventory_turnover_ratio": 1.86,
            "account_receivable_turnover_ratio": null,
            "reinvestment_rate": 58.7,
            "research_to_sale_ratio": null,
            "price_fair": 75.04,
            "eps_avg_yearly": 2.14,
            "eps_latest_yearly": 2,
            "eps_growth_yearly": 62.63
        },
        "20043": {
            "year_quarter": 20043,
            "year": 2004,
            "quarter": 3,
            "eps": 0.24,
            "eps_growth_year": -68.83,
            "eps_4q": 1.9,
            "eps_4q_growth_year": -17.91,
            "roe": 1.8,
            "roe_4q": 13.51,
            "gross_profit": 28112,
            "gross_margin": 14.48,
            "gross_margin_4q_avg": 18.84,
            "net_income": 10108,
            "net_income_4q": null,
            "revenue": 194092,
            "revenue_4q": null,
            "common_shares": 439711,
            "book_valuer_per_share": 12.93,
            "book_valuer_per_share_4q_avg": 13.34,
            "equity": 568686,
            "current_ratio": 256.31,
            "debt_ratio": 21.34,
            "inventory_turnover_ratio": 1.44,
            "account_receivable_turnover_ratio": null,
            "reinvestment_rate": 53.94,
            "research_to_sale_ratio": null,
            "price_fair": 71.27,
            "eps_avg_yearly": 2.04,
            "eps_latest_yearly": 0.96,
            "eps_growth_yearly": 38.02
        },
        "20044": {
            "year_quarter": 20044,
            "year": 2004,
            "quarter": 4,
            "eps": 0.27,
            "eps_growth_year": -53.45,
            "eps_4q": 1.56,
            "eps_4q_growth_year": -36.3,
            "roe": 2.03,
            "roe_4q": 11.39,
            "gross_profit": 25970,
            "gross_margin": 13.73,
            "gross_margin_4q_avg": 17.1,
            "net_income": 11635,
            "net_income_4q": null,
            "revenue": 189185,
            "revenue_4q": null,
            "common_shares": 439711,
            "book_valuer_per_share": 13.09,
            "book_valuer_per_share_4q_avg": 13.2,
            "equity": 575376,
            "current_ratio": 336.01,
            "debt_ratio": 16.95,
            "inventory_turnover_ratio": 1.2,
            "account_receivable_turnover_ratio": null,
            "reinvestment_rate": 17.53,
            "research_to_sale_ratio": null,
            "price_fair": 68.48,
            "eps_avg_yearly": 1.96,
            "eps_latest_yearly": 1.08,
            "eps_growth_yearly": 39.02
        },
        "20051": {
            "year_quarter": 20051,
            "year": 2005,
            "quarter": 1,
            "eps": 0.3,
            "eps_growth_year": -47.37,
            "eps_4q": 1.32,
            "eps_4q_growth_year": -45.03,
            "roe": 2.17,
            "roe_4q": 9.6,
            "gross_profit": 24783,
            "gross_margin": 13.83,
            "gross_margin_4q_avg": 15.27,
            "net_income": 12639,
            "net_income_4q": null,
            "revenue": 179168,
            "revenue_4q": null,
            "common_shares": 439711,
            "book_valuer_per_share": 13.37,
            "book_valuer_per_share_4q_avg": 12.99,
            "equity": 587892,
            "current_ratio": 339.86,
            "debt_ratio": 16.07,
            "inventory_turnover_ratio": 1.1,
            "account_receivable_turnover_ratio": null,
            "reinvestment_rate": 3.94,
            "research_to_sale_ratio": null,
            "price_fair": 66.45,
            "eps_avg_yearly": 1.9,
            "eps_latest_yearly": 1.2,
            "eps_growth_yearly": 39.44
        },
        "20052": {
            "year_quarter": 20052,
            "year": 2005,
            "quarter": 2,
            "eps": -0.19,
            "eps_growth_year": -138,
            "eps_4q": 0.6,
            "eps_4q_growth_year": -75.22,
            "roe": -1.42,
            "roe_4q": 4.58,
            "gross_profit": 27700,
            "gross_margin": 14.14,
            "gross_margin_4q_avg": 14.05,
            "net_income": -7977,
            "net_income_4q": null,
            "revenue": 195917,
            "revenue_4q": null,
            "common_shares": 439711,
            "book_valuer_per_share": 12.14,
            "book_valuer_per_share_4q_avg": 12.88,
            "equity": 533691,
            "current_ratio": 203.7,
            "debt_ratio": 24.69,
            "inventory_turnover_ratio": 1.49,
            "account_receivable_turnover_ratio": null,
            "reinvestment_rate": 3.73,
            "research_to_sale_ratio": null,
            "price_fair": 66.45,
            "eps_avg_yearly": 1.9,
            "eps_latest_yearly": 1.2,
            "eps_growth_yearly": 39.44
        },
        "20053": {
            "year_quarter": 20053,
            "year": 2005,
            "quarter": 3,
            "eps": -0.17,
            "eps_growth_year": -170.83,
            "eps_4q": 0.22,
            "eps_4q_growth_year": -88.6,
            "roe": -1.34,
            "roe_4q": 1.44,
            "gross_profit": 22926,
            "gross_margin": 14.62,
            "gross_margin_4q_avg": 14.08,
            "net_income": -7109,
            "net_income_4q": null,
            "revenue": 156800,
            "revenue_4q": null,
            "common_shares": 424447,
            "book_valuer_per_share": 12.49,
            "book_valuer_per_share_4q_avg": 12.77,
            "equity": 530012,
            "current_ratio": 249.29,
            "debt_ratio": 18.28,
            "inventory_turnover_ratio": 1.62,
            "account_receivable_turnover_ratio": null,
            "reinvestment_rate": -3.57,
            "research_to_sale_ratio": null,
            "price_fair": 66.45,
            "eps_avg_yearly": 1.9,
            "eps_latest_yearly": 1.2,
            "eps_growth_yearly": 39.44
        },
        "20054": {
            "year_quarter": 20054,
            "year": 2005,
            "quarter": 4,
            "eps": -0.39,
            "eps_growth_year": -244.44,
            "eps_4q": -0.45,
            "eps_4q_growth_year": -128.85,
            "roe": -3.15,
            "roe_4q": -3.74,
            "gross_profit": 23277,
            "gross_margin": 14.52,
            "gross_margin_4q_avg": 14.28,
            "net_income": -16540,
            "net_income_4q": null,
            "revenue": 160268,
            "revenue_4q": null,
            "common_shares": 424447,
            "book_valuer_per_share": 12.22,
            "book_valuer_per_share_4q_avg": 12.56,
            "equity": 518559,
            "current_ratio": 244.85,
            "debt_ratio": 21.82,
            "inventory_turnover_ratio": 1.49,
            "account_receivable_turnover_ratio": null,
            "reinvestment_rate": 11.92,
            "research_to_sale_ratio": null,
            "price_fair": 66.45,
            "eps_avg_yearly": 1.9,
            "eps_latest_yearly": 1.2,
            "eps_growth_yearly": 39.44
        },
        "20061": {
            "year_quarter": 20061,
            "year": 2006,
            "quarter": 1,
            "eps": 0.34,
            "eps_growth_year": 13.33,
            "eps_4q": -0.4,
            "eps_4q_growth_year": -129.98,
            "roe": 2.79,
            "roe_4q": -3.12,
            "gross_profit": 27975,
            "gross_margin": 15.19,
            "gross_margin_4q_avg": 14.62,
            "net_income": 14622,
            "net_income_4q": null,
            "revenue": 184203,
            "revenue_4q": null,
            "common_shares": 424447,
            "book_valuer_per_share": 12.52,
            "book_valuer_per_share_4q_avg": 12.34,
            "equity": 531388,
            "current_ratio": 228.85,
            "debt_ratio": 20.61,
            "inventory_turnover_ratio": 1.79,
            "account_receivable_turnover_ratio": null,
            "reinvestment_rate": -16.69,
            "research_to_sale_ratio": null,
            "price_fair": 5.56,
            "eps_avg_yearly": 1.85,
            "eps_latest_yearly": 1.2,
            "eps_growth_yearly": -2.15
        },
        "20062": {
            "year_quarter": 20062,
            "year": 2006,
            "quarter": 2,
            "eps": 0.49,
            "eps_growth_year": null,
            "eps_4q": 0.28,
            "eps_4q_growth_year": -53.75,
            "roe": 3.85,
            "roe_4q": 2.1500000000000004,
            "gross_profit": 32144,
            "gross_margin": 15.93,
            "gross_margin_4q_avg": 15.07,
            "net_income": 20838,
            "net_income_4q": null,
            "revenue": 201735,
            "revenue_4q": null,
            "common_shares": 424447,
            "book_valuer_per_share": 13.01,
            "book_valuer_per_share_4q_avg": 12.56,
            "equity": 552176,
            "current_ratio": 204.58,
            "debt_ratio": 24.88,
            "inventory_turnover_ratio": 2.01,
            "account_receivable_turnover_ratio": null,
            "reinvestment_rate": -17.43,
            "research_to_sale_ratio": null,
            "price_fair": 66.73,
            "eps_avg_yearly": 1.91,
            "eps_latest_yearly": 1.96,
            "eps_growth_yearly": 27.86
        },
        "20063": {
            "year_quarter": 20063,
            "year": 2006,
            "quarter": 3,
            "eps": 0.28,
            "eps_growth_year": null,
            "eps_4q": 0.73,
            "eps_4q_growth_year": 235.69,
            "roe": 2.12,
            "roe_4q": 5.610000000000001,
            "gross_profit": 24855,
            "gross_margin": 13.06,
            "gross_margin_4q_avg": 14.68,
            "net_income": 11860,
            "net_income_4q": null,
            "revenue": 190341,
            "revenue_4q": null,
            "common_shares": 424447,
            "book_valuer_per_share": 13.37,
            "book_valuer_per_share_4q_avg": 12.78,
            "equity": 567522,
            "current_ratio": 230.71,
            "debt_ratio": 21.87,
            "inventory_turnover_ratio": 1.7,
            "account_receivable_turnover_ratio": null,
            "reinvestment_rate": -17.47,
            "research_to_sale_ratio": null,
            "price_fair": 21.19,
            "eps_avg_yearly": 1.85,
            "eps_latest_yearly": 1.12,
            "eps_growth_yearly": 1.45
        },
        "20064": {
            "year_quarter": 20064,
            "year": 2006,
            "quarter": 4,
            "eps": 0.14,
            "eps_growth_year": null,
            "eps_4q": 1.28,
            "eps_4q_growth_year": null,
            "roe": 1.02,
            "roe_4q": 9.780000000000001,
            "gross_profit": 15239,
            "gross_margin": 8.47,
            "gross_margin_4q_avg": 13.16,
            "net_income": 5800,
            "net_income_4q": null,
            "revenue": 179901,
            "revenue_4q": null,
            "common_shares": 424447,
            "book_valuer_per_share": 13.48,
            "book_valuer_per_share_4q_avg": 13.1,
            "equity": 572182,
            "current_ratio": 288.73,
            "debt_ratio": 20.59,
            "inventory_turnover_ratio": 1.31,
            "account_receivable_turnover_ratio": null,
            "reinvestment_rate": 10.51,
            "research_to_sale_ratio": null,
            "price_fair": 5.22,
            "eps_avg_yearly": 1.74,
            "eps_latest_yearly": 0.56,
            "eps_growth_yearly": -16.69
        },
        "20071": {
            "year_quarter": 20071,
            "year": 2007,
            "quarter": 1,
            "eps": 0.08,
            "eps_growth_year": -76.47,
            "eps_4q": 1.02,
            "eps_4q_growth_year": null,
            "roe": 0.57,
            "roe_4q": 7.5600000000000005,
            "gross_profit": 15939,
            "gross_margin": 7.81,
            "gross_margin_4q_avg": 11.32,
            "net_income": 3262,
            "net_income_4q": null,
            "revenue": 204098,
            "revenue_4q": null,
            "common_shares": 424447,
            "book_valuer_per_share": 13.63,
            "book_valuer_per_share_4q_avg": 13.37,
            "equity": 578572,
            "current_ratio": 206.28,
            "debt_ratio": 25.69,
            "inventory_turnover_ratio": 1.4,
            "account_receivable_turnover_ratio": null,
            "reinvestment_rate": -17.05,
            "research_to_sale_ratio": null,
            "price_fair": 4.71,
            "eps_avg_yearly": 1.57,
            "eps_latest_yearly": 0.32,
            "eps_growth_yearly": -39.49
        },
        "20072": {
            "year_quarter": 20072,
            "year": 2007,
            "quarter": 2,
            "eps": 0.16,
            "eps_growth_year": -67.35,
            "eps_4q": 0.64,
            "eps_4q_growth_year": 131.51,
            "roe": 1.24,
            "roe_4q": 4.95,
            "gross_profit": 28126,
            "gross_margin": 11.75,
            "gross_margin_4q_avg": 10.27,
            "net_income": 6931,
            "net_income_4q": null,
            "revenue": 239274,
            "revenue_4q": null,
            "common_shares": 424447,
            "book_valuer_per_share": 12.73,
            "book_valuer_per_share_4q_avg": 13.3,
            "equity": 540266,
            "current_ratio": 161.05,
            "debt_ratio": 33.37,
            "inventory_turnover_ratio": 1.92,
            "account_receivable_turnover_ratio": null,
            "reinvestment_rate": -15.07,
            "research_to_sale_ratio": null,
            "price_fair": 4.38,
            "eps_avg_yearly": 1.46,
            "eps_latest_yearly": 0.64,
            "eps_growth_yearly": -0.51
        },
        "20073": {
            "year_quarter": 20073,
            "year": 2007,
            "quarter": 3,
            "eps": 0.19,
            "eps_growth_year": -32.14,
            "eps_4q": 0.57,
            "eps_4q_growth_year": -21.49,
            "roe": 1.47,
            "roe_4q": 4.3,
            "gross_profit": 18476,
            "gross_margin": 9.13,
            "gross_margin_4q_avg": 9.29,
            "net_income": 7986,
            "net_income_4q": null,
            "revenue": 202347,
            "revenue_4q": null,
            "common_shares": 424447,
            "book_valuer_per_share": 12.92,
            "book_valuer_per_share_4q_avg": 13.19,
            "equity": 548443,
            "current_ratio": 175.77,
            "debt_ratio": 29.42,
            "inventory_turnover_ratio": 1.77,
            "account_receivable_turnover_ratio": null,
            "reinvestment_rate": -15.13,
            "research_to_sale_ratio": null,
            "price_fair": 3.8,
            "eps_avg_yearly": 1.27,
            "eps_latest_yearly": 0.76,
            "eps_growth_yearly": -13.31
        },
        "20074": {
            "year_quarter": 20074,
            "year": 2007,
            "quarter": 4,
            "eps": 0.39,
            "eps_growth_year": 178.57,
            "eps_4q": 0.82,
            "eps_4q_growth_year": -36.22,
            "roe": 2.97,
            "roe_4q": 6.250000000000001,
            "gross_profit": 28365,
            "gross_margin": 11.14,
            "gross_margin_4q_avg": 9.96,
            "net_income": 16575,
            "net_income_4q": null,
            "revenue": 254726,
            "revenue_4q": null,
            "common_shares": 424447,
            "book_valuer_per_share": 13.35,
            "book_valuer_per_share_4q_avg": 13.16,
            "equity": 566643,
            "current_ratio": 190.19,
            "debt_ratio": 33.16,
            "inventory_turnover_ratio": 1.69,
            "account_receivable_turnover_ratio": null,
            "reinvestment_rate": 10.15,
            "research_to_sale_ratio": null,
            "price_fair": 42.12,
            "eps_avg_yearly": 1.2,
            "eps_latest_yearly": 1.56,
            "eps_growth_yearly": 30.01
        },
        "20081": {
            "year_quarter": 20081,
            "year": 2008,
            "quarter": 1,
            "eps": 0.31,
            "eps_growth_year": 287.5,
            "eps_4q": 1.04,
            "eps_4q_growth_year": 1.92,
            "roe": 2.19,
            "roe_4q": 7.87,
            "gross_profit": 30500,
            "gross_margin": 10.46,
            "gross_margin_4q_avg": 10.62,
            "net_income": 13304,
            "net_income_4q": null,
            "revenue": 291651,
            "revenue_4q": null,
            "common_shares": 424447,
            "book_valuer_per_share": 15.31,
            "book_valuer_per_share_4q_avg": 13.58,
            "equity": 649936,
            "current_ratio": 191.27,
            "debt_ratio": 30.85,
            "inventory_turnover_ratio": 1.48,
            "account_receivable_turnover_ratio": null,
            "reinvestment_rate": 34.59,
            "research_to_sale_ratio": null,
            "price_fair": 37.68,
            "eps_avg_yearly": 1.12,
            "eps_latest_yearly": 1.24,
            "eps_growth_yearly": 23.74
        },
        "20082": {
            "year_quarter": 20082,
            "year": 2008,
            "quarter": 2,
            "eps": 0.21,
            "eps_growth_year": 31.25,
            "eps_4q": 1.08,
            "eps_4q_growth_year": 68.61,
            "roe": 1.42,
            "roe_4q": 8.05,
            "gross_profit": 33492,
            "gross_margin": 11.16,
            "gross_margin_4q_avg": 10.47,
            "net_income": 9097,
            "net_income_4q": null,
            "revenue": 300222,
            "revenue_4q": null,
            "common_shares": 424447,
            "book_valuer_per_share": 14.81,
            "book_valuer_per_share_4q_avg": 14.1,
            "equity": 628702,
            "current_ratio": 184.1,
            "debt_ratio": 32.55,
            "inventory_turnover_ratio": 1.45,
            "account_receivable_turnover_ratio": null,
            "reinvestment_rate": 37.08,
            "research_to_sale_ratio": null,
            "price_fair": 27.63,
            "eps_avg_yearly": 1.02,
            "eps_latest_yearly": 0.84,
            "eps_growth_yearly": 17.09
        },
        "20083": {
            "year_quarter": 20083,
            "year": 2008,
            "quarter": 3,
            "eps": 0.18,
            "eps_growth_year": -5.26,
            "eps_4q": 1.11,
            "eps_4q_growth_year": 94,
            "roe": 1.21,
            "roe_4q": 7.790000000000001,
            "gross_profit": 27254,
            "gross_margin": 11.08,
            "gross_margin_4q_avg": 10.96,
            "net_income": 7570,
            "net_income_4q": null,
            "revenue": 246025,
            "revenue_4q": null,
            "common_shares": 424447,
            "book_valuer_per_share": 14.62,
            "book_valuer_per_share_4q_avg": 14.52,
            "equity": 620729,
            "current_ratio": 213.08,
            "debt_ratio": 27.61,
            "inventory_turnover_ratio": 1.2,
            "account_receivable_turnover_ratio": null,
            "reinvestment_rate": 39.24,
            "research_to_sale_ratio": null,
            "price_fair": 35,
            "eps_avg_yearly": 1,
            "eps_latest_yearly": 0.72,
            "eps_growth_yearly": 29.66
        },
        "20084": {
            "year_quarter": 20084,
            "year": 2008,
            "quarter": 4,
            "eps": -0.04,
            "eps_growth_year": -110.26,
            "eps_4q": 0.67,
            "eps_4q_growth_year": -18.07,
            "roe": -0.26,
            "roe_4q": 4.5600000000000005,
            "gross_profit": 17210,
            "gross_margin": 9.84,
            "gross_margin_4q_avg": 10.64,
            "net_income": -1622,
            "net_income_4q": null,
            "revenue": 174814,
            "revenue_4q": null,
            "common_shares": 424447,
            "book_valuer_per_share": 14.36,
            "book_valuer_per_share_4q_avg": 14.78,
            "equity": 609625,
            "current_ratio": 337.9,
            "debt_ratio": 17.32,
            "inventory_turnover_ratio": 0.97,
            "account_receivable_turnover_ratio": 2.11,
            "reinvestment_rate": 16.09,
            "research_to_sale_ratio": null,
            "price_fair": 34.75,
            "eps_avg_yearly": 0.99,
            "eps_latest_yearly": 0.72,
            "eps_growth_yearly": 27.81
        },
        "20091": {
            "year_quarter": 20091,
            "year": 2009,
            "quarter": 1,
            "eps": 0.14,
            "eps_growth_year": -54.84,
            "eps_4q": 0.49,
            "eps_4q_growth_year": -52.64,
            "roe": 0.93,
            "roe_4q": 3.3,
            "gross_profit": 20520,
            "gross_margin": 13.42,
            "gross_margin_4q_avg": 11.38,
            "net_income": 5945,
            "net_income_4q": null,
            "revenue": 152924,
            "revenue_4q": null,
            "common_shares": 424447,
            "book_valuer_per_share": 15.79,
            "book_valuer_per_share_4q_avg": 14.9,
            "equity": 670407,
            "current_ratio": 398.88,
            "debt_ratio": 14.17,
            "inventory_turnover_ratio": 0.93,
            "account_receivable_turnover_ratio": 0.96,
            "reinvestment_rate": 43.6,
            "research_to_sale_ratio": null,
            "price_fair": 34.02,
            "eps_avg_yearly": 0.97,
            "eps_latest_yearly": 0.72,
            "eps_growth_yearly": 26.14
        },
        "20092": {
            "year_quarter": 20092,
            "year": 2009,
            "quarter": 2,
            "eps": 0.32,
            "eps_growth_year": 52.38,
            "eps_4q": 0.6,
            "eps_4q_growth_year": -44.62,
            "roe": 2.11,
            "roe_4q": 3.99,
            "gross_profit": 33983,
            "gross_margin": 17.66,
            "gross_margin_4q_avg": 13,
            "net_income": 13576,
            "net_income_4q": null,
            "revenue": 192397,
            "revenue_4q": null,
            "common_shares": 424447,
            "book_valuer_per_share": 14.57,
            "book_valuer_per_share_4q_avg": 14.84,
            "equity": 618491,
            "current_ratio": 272.1,
            "debt_ratio": 21.78,
            "inventory_turnover_ratio": 1.2,
            "account_receivable_turnover_ratio": 1.07,
            "reinvestment_rate": 34.66,
            "research_to_sale_ratio": null,
            "price_fair": 35,
            "eps_avg_yearly": 1,
            "eps_latest_yearly": 1.28,
            "eps_growth_yearly": 70.52
        },
        "20093": {
            "year_quarter": 20093,
            "year": 2009,
            "quarter": 3,
            "eps": 0.53,
            "eps_growth_year": 194.44,
            "eps_4q": 0.95,
            "eps_4q_growth_year": -14.01,
            "roe": 3.57,
            "roe_4q": 6.35,
            "gross_profit": 44502,
            "gross_margin": 19.65,
            "gross_margin_4q_avg": 15.14,
            "net_income": 22494,
            "net_income_4q": null,
            "revenue": 226476,
            "revenue_4q": null,
            "common_shares": 424447,
            "book_valuer_per_share": 15.08,
            "book_valuer_per_share_4q_avg": 14.95,
            "equity": 640245,
            "current_ratio": 290.52,
            "debt_ratio": 21.13,
            "inventory_turnover_ratio": 1.45,
            "account_receivable_turnover_ratio": 1.02,
            "reinvestment_rate": 26.32,
            "research_to_sale_ratio": null,
            "price_fair": 38.27,
            "eps_avg_yearly": 1.09,
            "eps_latest_yearly": 2.12,
            "eps_growth_yearly": 86.52
        },
        "20094": {
            "year_quarter": 20094,
            "year": 2009,
            "quarter": 4,
            "eps": 0.49,
            "eps_growth_year": null,
            "eps_4q": 1.48,
            "eps_4q_growth_year": 121.62,
            "roe": 3.19,
            "roe_4q": 9.799999999999999,
            "gross_profit": 35433,
            "gross_margin": 16.74,
            "gross_margin_4q_avg": 16.87,
            "net_income": 21009,
            "net_income_4q": null,
            "revenue": 211646,
            "revenue_4q": null,
            "common_shares": 424447,
            "book_valuer_per_share": 15.92,
            "book_valuer_per_share_4q_avg": 15.34,
            "equity": 675722,
            "current_ratio": 319.55,
            "debt_ratio": 19.59,
            "inventory_turnover_ratio": 1.27,
            "account_receivable_turnover_ratio": 1.82,
            "reinvestment_rate": 155.35,
            "research_to_sale_ratio": null,
            "price_fair": 40.6,
            "eps_avg_yearly": 1.16,
            "eps_latest_yearly": 1.96,
            "eps_growth_yearly": 77.54
        },
        "20101": {
            "year_quarter": 20101,
            "year": 2010,
            "quarter": 1,
            "eps": 0.46,
            "eps_growth_year": 228.57,
            "eps_4q": 1.81,
            "eps_4q_growth_year": 265.49,
            "roe": 2.7,
            "roe_4q": 11.57,
            "gross_profit": 36194,
            "gross_margin": 15.59,
            "gross_margin_4q_avg": 17.41,
            "net_income": 19602,
            "net_income_4q": null,
            "revenue": 232218,
            "revenue_4q": null,
            "common_shares": 424447,
            "book_valuer_per_share": 18.29,
            "book_valuer_per_share_4q_avg": 15.97,
            "equity": 776239,
            "current_ratio": 299.12,
            "debt_ratio": 19.72,
            "inventory_turnover_ratio": 1.2,
            "account_receivable_turnover_ratio": 0.95,
            "reinvestment_rate": 226.77,
            "research_to_sale_ratio": 1.88,
            "price_fair": 42.3,
            "eps_avg_yearly": 1.21,
            "eps_latest_yearly": 1.84,
            "eps_growth_yearly": 70.25
        },
        "20102": {
            "year_quarter": 20102,
            "year": 2010,
            "quarter": 2,
            "eps": 0.34,
            "eps_growth_year": 4.93,
            "eps_4q": 1.82,
            "eps_4q_growth_year": 203.59,
            "roe": 1.93,
            "roe_4q": 11.39,
            "gross_profit": 39213,
            "gross_margin": 15.42,
            "gross_margin_4q_avg": 16.85,
            "net_income": 14252,
            "net_income_4q": null,
            "revenue": 254217,
            "revenue_4q": null,
            "common_shares": 424447,
            "book_valuer_per_share": 16.55,
            "book_valuer_per_share_4q_avg": 16.46,
            "equity": 702298,
            "current_ratio": 231.66,
            "debt_ratio": 26.95,
            "inventory_turnover_ratio": 1.18,
            "account_receivable_turnover_ratio": 0.91,
            "reinvestment_rate": 211.02,
            "research_to_sale_ratio": 1.16,
            "price_fair": 40.8,
            "eps_avg_yearly": 1.17,
            "eps_latest_yearly": 1.36,
            "eps_growth_yearly": 50.19
        },
        "20103": {
            "year_quarter": 20103,
            "year": 2010,
            "quarter": 3,
            "eps": 0.36,
            "eps_growth_year": -31.37,
            "eps_4q": 1.66,
            "eps_4q_growth_year": 74.03,
            "roe": 2.19,
            "roe_4q": 10.01,
            "gross_profit": 32540,
            "gross_margin": 12.36,
            "gross_margin_4q_avg": 15.03,
            "net_income": 15438,
            "net_income_4q": null,
            "revenue": 263167,
            "revenue_4q": null,
            "common_shares": 424447,
            "book_valuer_per_share": 16.69,
            "book_valuer_per_share_4q_avg": 16.86,
            "equity": 708319,
            "current_ratio": 249.32,
            "debt_ratio": 25.1,
            "inventory_turnover_ratio": 1.27,
            "account_receivable_turnover_ratio": 0.89,
            "reinvestment_rate": 207.52,
            "research_to_sale_ratio": 1.22,
            "price_fair": 41.6,
            "eps_avg_yearly": 1.19,
            "eps_latest_yearly": 1.44,
            "eps_growth_yearly": 64.12
        },
        "20104": {
            "year_quarter": 20104,
            "year": 2010,
            "quarter": 4,
            "eps": 0.28,
            "eps_growth_year": -42.08,
            "eps_4q": 1.45,
            "eps_4q_growth_year": -2.68,
            "roe": 1.7,
            "roe_4q": 8.52,
            "gross_profit": 35404,
            "gross_margin": 10.92,
            "gross_margin_4q_avg": 13.57,
            "net_income": 12046,
            "net_income_4q": null,
            "revenue": 324314,
            "revenue_4q": null,
            "common_shares": 424447,
            "book_valuer_per_share": 16.65,
            "book_valuer_per_share_4q_avg": 17.05,
            "equity": 706580,
            "current_ratio": 246.65,
            "debt_ratio": 25.74,
            "inventory_turnover_ratio": 1.65,
            "account_receivable_turnover_ratio": 1.07,
            "reinvestment_rate": 164.16,
            "research_to_sale_ratio": 1.23,
            "price_fair": 43,
            "eps_avg_yearly": 1.23,
            "eps_latest_yearly": 1.12,
            "eps_growth_yearly": 72.06
        },
        "20111": {
            "year_quarter": 20111,
            "year": 2011,
            "quarter": 1,
            "eps": 0.15,
            "eps_growth_year": -67.39,
            "eps_4q": 1.13,
            "eps_4q_growth_year": -37.5,
            "roe": 0.89,
            "roe_4q": 6.709999999999999,
            "gross_profit": 29431,
            "gross_margin": 11.21,
            "gross_margin_4q_avg": 12.48,
            "net_income": 6191,
            "net_income_4q": null,
            "revenue": 262517,
            "revenue_4q": null,
            "common_shares": 424447,
            "book_valuer_per_share": 16.08,
            "book_valuer_per_share_4q_avg": 16.49,
            "equity": 682480,
            "current_ratio": 223.61,
            "debt_ratio": 29.58,
            "inventory_turnover_ratio": 1.2,
            "account_receivable_turnover_ratio": 0.86,
            "reinvestment_rate": 178.55,
            "research_to_sale_ratio": 1.25,
            "price_fair": 43.7,
            "eps_avg_yearly": 1.25,
            "eps_latest_yearly": 0.6,
            "eps_growth_yearly": 71.04
        },
        "20112": {
            "year_quarter": 20112,
            "year": 2011,
            "quarter": 2,
            "eps": 0.62,
            "eps_growth_year": 85.31,
            "eps_4q": 1.42,
            "eps_4q_growth_year": -22.33,
            "roe": 4.03,
            "roe_4q": 8.81,
            "gross_profit": 30771,
            "gross_margin": 11.76,
            "gross_margin_4q_avg": 11.56,
            "net_income": 26411,
            "net_income_4q": null,
            "revenue": 261712,
            "revenue_4q": null,
            "common_shares": 424447,
            "book_valuer_per_share": 14.78,
            "book_valuer_per_share_4q_avg": 16.05,
            "equity": 627396,
            "current_ratio": 200.72,
            "debt_ratio": 32.85,
            "inventory_turnover_ratio": 1.08,
            "account_receivable_turnover_ratio": 0.84,
            "reinvestment_rate": 140.3,
            "research_to_sale_ratio": 1.8,
            "price_fair": 48.3,
            "eps_avg_yearly": 1.38,
            "eps_latest_yearly": 2.48,
            "eps_growth_yearly": 131.99
        },
        "20113": {
            "year_quarter": 20113,
            "year": 2011,
            "quarter": 3,
            "eps": 0.18,
            "eps_growth_year": -49.52,
            "eps_4q": 1.24,
            "eps_4q_growth_year": -25.4,
            "roe": 1.25,
            "roe_4q": 7.87,
            "gross_profit": 32989,
            "gross_margin": 11.94,
            "gross_margin_4q_avg": 11.46,
            "net_income": 7793,
            "net_income_4q": null,
            "revenue": 276302,
            "revenue_4q": null,
            "common_shares": 424447,
            "book_valuer_per_share": 14.59,
            "book_valuer_per_share_4q_avg": 15.53,
            "equity": 619398,
            "current_ratio": 207.35,
            "debt_ratio": 33.2,
            "inventory_turnover_ratio": 1.1,
            "account_receivable_turnover_ratio": 0.9,
            "reinvestment_rate": 133.82,
            "research_to_sale_ratio": 1.15,
            "price_fair": 48.2,
            "eps_avg_yearly": 1.38,
            "eps_latest_yearly": 0.72,
            "eps_growth_yearly": 106.36
        },
        "20114": {
            "year_quarter": 20114,
            "year": 2011,
            "quarter": 4,
            "eps": 0.14,
            "eps_growth_year": -50.9,
            "eps_4q": 1.09,
            "eps_4q_growth_year": -24.5,
            "roe": 0.96,
            "roe_4q": 7.13,
            "gross_profit": 21398,
            "gross_margin": 10.01,
            "gross_margin_4q_avg": 11.23,
            "net_income": 5914,
            "net_income_4q": null,
            "revenue": 213722,
            "revenue_4q": null,
            "common_shares": 424447,
            "book_valuer_per_share": 14.45,
            "book_valuer_per_share_4q_avg": 14.98,
            "equity": 613154,
            "current_ratio": 273.5,
            "debt_ratio": 24.52,
            "inventory_turnover_ratio": 0.92,
            "account_receivable_turnover_ratio": 0.77,
            "reinvestment_rate": 103.03,
            "research_to_sale_ratio": 1.2,
            "price_fair": 45.7,
            "eps_avg_yearly": 1.31,
            "eps_latest_yearly": 0.56,
            "eps_growth_yearly": 69.93
        },
        "20121": {
            "year_quarter": 20121,
            "year": 2012,
            "quarter": 1,
            "eps": 0.1,
            "eps_growth_year": -33.33,
            "eps_4q": 1.05,
            "eps_4q_growth_year": -7.39,
            "roe": 0.69,
            "roe_4q": 6.93,
            "gross_profit": 26372,
            "gross_margin": 13.11,
            "gross_margin_4q_avg": 11.71,
            "net_income": 4266,
            "net_income_4q": null,
            "revenue": 201117,
            "revenue_4q": null,
            "common_shares": 424447,
            "book_valuer_per_share": 14.55,
            "book_valuer_per_share_4q_avg": 14.59,
            "equity": 617682,
            "current_ratio": 264.49,
            "debt_ratio": 25.91,
            "inventory_turnover_ratio": 0.97,
            "account_receivable_turnover_ratio": 0.82,
            "reinvestment_rate": 102.92,
            "research_to_sale_ratio": 1.48,
            "price_fair": 43.6,
            "eps_avg_yearly": 1.25,
            "eps_latest_yearly": 0.4,
            "eps_growth_yearly": 67.63
        },
        "20122": {
            "year_quarter": 20122,
            "year": 2012,
            "quarter": 2,
            "eps": 0.29,
            "eps_growth_year": -53.02,
            "eps_4q": 0.72,
            "eps_4q_growth_year": -49.44,
            "roe": 2.01,
            "roe_4q": 4.91,
            "gross_profit": 27211,
            "gross_margin": 15.27,
            "gross_margin_4q_avg": 12.58,
            "net_income": 12407,
            "net_income_4q": null,
            "revenue": 178239,
            "revenue_4q": null,
            "common_shares": 424447,
            "book_valuer_per_share": 14.5,
            "book_valuer_per_share_4q_avg": 14.52,
            "equity": 615436,
            "current_ratio": 296.28,
            "debt_ratio": 45.83,
            "inventory_turnover_ratio": 0.9,
            "account_receivable_turnover_ratio": 0.89,
            "reinvestment_rate": 99.39,
            "research_to_sale_ratio": 1.48,
            "price_fair": 44.4,
            "eps_avg_yearly": 1.27,
            "eps_latest_yearly": 1.16,
            "eps_growth_yearly": 131.13
        },
        "20123": {
            "year_quarter": 20123,
            "year": 2012,
            "quarter": 3,
            "eps": -0.18,
            "eps_growth_year": -198,
            "eps_4q": 0.35,
            "eps_4q_growth_year": -71.49,
            "roe": -1.29,
            "roe_4q": 2.3699999999999997,
            "gross_profit": 30507,
            "gross_margin": 12.85,
            "gross_margin_4q_avg": 12.81,
            "net_income": -7637,
            "net_income_4q": null,
            "revenue": 237448,
            "revenue_4q": null,
            "common_shares": 424447,
            "book_valuer_per_share": 13.41,
            "book_valuer_per_share_4q_avg": 14.23,
            "equity": 569263,
            "current_ratio": 350.42,
            "debt_ratio": 43.32,
            "inventory_turnover_ratio": 1.25,
            "account_receivable_turnover_ratio": 1.11,
            "reinvestment_rate": 117.91,
            "research_to_sale_ratio": 1.39,
            "price_fair": 45.88,
            "eps_avg_yearly": 1.31,
            "eps_latest_yearly": 1.16,
            "eps_growth_yearly": 145.61
        },
        "20124": {
            "year_quarter": 20124,
            "year": 2012,
            "quarter": 4,
            "eps": -0.14,
            "eps_growth_year": -203.23,
            "eps_4q": 0.07,
            "eps_4q_growth_year": -93.67,
            "roe": -1.09,
            "roe_4q": 0.31999999999999984,
            "gross_profit": 22562,
            "gross_margin": 11.43,
            "gross_margin_4q_avg": 13.17,
            "net_income": -6105,
            "net_income_4q": null,
            "revenue": 197368,
            "revenue_4q": null,
            "common_shares": 424447,
            "book_valuer_per_share": 12.99,
            "book_valuer_per_share_4q_avg": 13.86,
            "equity": 551147,
            "current_ratio": 326.05,
            "debt_ratio": 44.94,
            "inventory_turnover_ratio": 1.06,
            "account_receivable_turnover_ratio": 0.85,
            "reinvestment_rate": 104.06,
            "research_to_sale_ratio": 1.36,
            "price_fair": 45.88,
            "eps_avg_yearly": 1.31,
            "eps_latest_yearly": 1.16,
            "eps_growth_yearly": 145.61
        },
        "20131": {
            "year_quarter": 20131,
            "year": 2013,
            "quarter": 1,
            "eps": 0.22,
            "eps_growth_year": 120,
            "eps_4q": 0.19,
            "eps_4q_growth_year": -81.6,
            "roe": 1.65,
            "roe_4q": 1.2799999999999996,
            "gross_profit": 34683,
            "gross_margin": 17.19,
            "gross_margin_4q_avg": 14.19,
            "net_income": 9501,
            "net_income_4q": null,
            "revenue": 201762,
            "revenue_4q": null,
            "common_shares": 424447,
            "book_valuer_per_share": 14.19,
            "book_valuer_per_share_4q_avg": 13.77,
            "equity": 602151,
            "current_ratio": 339.47,
            "debt_ratio": 41.71,
            "inventory_turnover_ratio": 1.02,
            "account_receivable_turnover_ratio": 0.97,
            "reinvestment_rate": 74.3,
            "research_to_sale_ratio": 1.66,
            "price_fair": 45.88,
            "eps_avg_yearly": 1.31,
            "eps_latest_yearly": 1.16,
            "eps_growth_yearly": 145.61
        },
        "20132": {
            "year_quarter": 20132,
            "year": 2013,
            "quarter": 2,
            "eps": 0.13,
            "eps_growth_year": -55.53,
            "eps_4q": 0.03,
            "eps_4q_growth_year": -95.87,
            "roe": 0.91,
            "roe_4q": 0.17999999999999994,
            "gross_profit": 29327,
            "gross_margin": 16.24,
            "gross_margin_4q_avg": 14.43,
            "net_income": 5497,
            "net_income_4q": null,
            "revenue": 180557,
            "revenue_4q": null,
            "common_shares": 424447,
            "book_valuer_per_share": 14.16,
            "book_valuer_per_share_4q_avg": 13.69,
            "equity": 601162,
            "current_ratio": 153.82,
            "debt_ratio": 42.12,
            "inventory_turnover_ratio": 0.86,
            "account_receivable_turnover_ratio": 0.89,
            "reinvestment_rate": 58.12,
            "research_to_sale_ratio": 1.59,
            "price_fair": 43.83,
            "eps_avg_yearly": 1.25,
            "eps_latest_yearly": 0.52,
            "eps_growth_yearly": 93.47
        },
        "20133": {
            "year_quarter": 20133,
            "year": 2013,
            "quarter": 3,
            "eps": 0.14,
            "eps_growth_year": null,
            "eps_4q": 0.35,
            "eps_4q_growth_year": 0.2,
            "roe": 1.01,
            "roe_4q": 2.4799999999999995,
            "gross_profit": 32396,
            "gross_margin": 15.12,
            "gross_margin_4q_avg": 15,
            "net_income": 6087,
            "net_income_4q": null,
            "revenue": 214198,
            "revenue_4q": null,
            "common_shares": 424447,
            "book_valuer_per_share": 14.23,
            "book_valuer_per_share_4q_avg": 13.89,
            "equity": 603908,
            "current_ratio": 150.23,
            "debt_ratio": 44.88,
            "inventory_turnover_ratio": 0.8,
            "account_receivable_turnover_ratio": 1.05,
            "reinvestment_rate": 61.99,
            "research_to_sale_ratio": 1.5,
            "price_fair": 39.63,
            "eps_avg_yearly": 1.13,
            "eps_latest_yearly": 0.56,
            "eps_growth_yearly": 75.64
        },
        "20134": {
            "year_quarter": 20134,
            "year": 2013,
            "quarter": 4,
            "eps": 0.35,
            "eps_growth_year": null,
            "eps_4q": 0.85,
            "eps_4q_growth_year": 1133.22,
            "roe": 2.46,
            "roe_4q": 6.029999999999999,
            "gross_profit": 43018,
            "gross_margin": 18.72,
            "gross_margin_4q_avg": 16.82,
            "net_income": 15061,
            "net_income_4q": null,
            "revenue": 229738,
            "revenue_4q": null,
            "common_shares": 424447,
            "book_valuer_per_share": 14.58,
            "book_valuer_per_share_4q_avg": 14.29,
            "equity": 618942,
            "current_ratio": 130.93,
            "debt_ratio": 41.77,
            "inventory_turnover_ratio": 0.93,
            "account_receivable_turnover_ratio": 1.04,
            "reinvestment_rate": -139.8,
            "research_to_sale_ratio": 2.88,
            "price_fair": 38.12,
            "eps_avg_yearly": 1.09,
            "eps_latest_yearly": 1.4,
            "eps_growth_yearly": 124.12
        },
        "20141": {
            "year_quarter": 20141,
            "year": 2014,
            "quarter": 1,
            "eps": 0.39,
            "eps_growth_year": 77.27,
            "eps_4q": 0.86,
            "eps_4q_growth_year": 347.35,
            "roe": 2.41,
            "roe_4q": 6.79,
            "gross_profit": 45168,
            "gross_margin": 20.5,
            "gross_margin_4q_avg": 17.65,
            "net_income": 16633,
            "net_income_4q": null,
            "revenue": 220297,
            "revenue_4q": null,
            "common_shares": 502841,
            "book_valuer_per_share": 15.13,
            "book_valuer_per_share_4q_avg": 14.53,
            "equity": 760821,
            "current_ratio": 173.34,
            "debt_ratio": 34.21,
            "inventory_turnover_ratio": 1.11,
            "account_receivable_turnover_ratio": 0.95,
            "reinvestment_rate": -204.59,
            "research_to_sale_ratio": 1.48,
            "price_fair": 37.37,
            "eps_avg_yearly": 1.07,
            "eps_latest_yearly": 1.56,
            "eps_growth_yearly": 129.52
        },
        "20142": {
            "year_quarter": 20142,
            "year": 2014,
            "quarter": 2,
            "eps": -0.05,
            "eps_growth_year": -138.46,
            "eps_4q": 0.63,
            "eps_4q_growth_year": 2042.24,
            "roe": -0.32,
            "roe_4q": 5.5600000000000005,
            "gross_profit": 22789,
            "gross_margin": 13.47,
            "gross_margin_4q_avg": 16.95,
            "net_income": -2474,
            "net_income_4q": null,
            "revenue": 169123,
            "revenue_4q": null,
            "common_shares": 556972,
            "book_valuer_per_share": 13.97,
            "book_valuer_per_share_4q_avg": 14.48,
            "equity": 777862,
            "current_ratio": 192.2,
            "debt_ratio": 27.18,
            "inventory_turnover_ratio": 0.83,
            "account_receivable_turnover_ratio": 0.79,
            "reinvestment_rate": -163.42,
            "research_to_sale_ratio": 1.81,
            "price_fair": 36.52,
            "eps_avg_yearly": 1.04,
            "eps_latest_yearly": 1.56,
            "eps_growth_yearly": 149.01
        },
        "20143": {
            "year_quarter": 20143,
            "year": 2014,
            "quarter": 3,
            "eps": -0.03,
            "eps_growth_year": -121.43,
            "eps_4q": 0.48,
            "eps_4q_growth_year": 36.74,
            "roe": -0.24,
            "roe_4q": 4.3100000000000005,
            "gross_profit": 14483,
            "gross_margin": 9.19,
            "gross_margin_4q_avg": 15.47,
            "net_income": -1863,
            "net_income_4q": null,
            "revenue": 157597,
            "revenue_4q": null,
            "common_shares": 566876,
            "book_valuer_per_share": 13.96,
            "book_valuer_per_share_4q_avg": 14.41,
            "equity": 791462,
            "current_ratio": 186.62,
            "debt_ratio": 28.09,
            "inventory_turnover_ratio": 0.82,
            "account_receivable_turnover_ratio": 0.81,
            "reinvestment_rate": -186.14,
            "research_to_sale_ratio": 1.94,
            "price_fair": 35.25,
            "eps_avg_yearly": 1.01,
            "eps_latest_yearly": 1.56,
            "eps_growth_yearly": 160.41
        },
        "20144": {
            "year_quarter": 20144,
            "year": 2014,
            "quarter": 4,
            "eps": 0.04,
            "eps_growth_year": -88.68,
            "eps_4q": 0.26,
            "eps_4q_growth_year": -69.81,
            "roe": 0.28,
            "roe_4q": 2.1300000000000003,
            "gross_profit": 16570,
            "gross_margin": 12.44,
            "gross_margin_4q_avg": 13.9,
            "net_income": 2277,
            "net_income_4q": null,
            "revenue": 133185,
            "revenue_4q": null,
            "common_shares": 566876,
            "book_valuer_per_share": 14.61,
            "book_valuer_per_share_4q_avg": 14.42,
            "equity": 827991,
            "current_ratio": 390.47,
            "debt_ratio": 35.68,
            "inventory_turnover_ratio": 0.68,
            "account_receivable_turnover_ratio": 0.77,
            "reinvestment_rate": -175.32,
            "research_to_sale_ratio": 2.59,
            "price_fair": 34.86,
            "eps_avg_yearly": 1,
            "eps_latest_yearly": 1.56,
            "eps_growth_yearly": 185.34
        },
        "20151": {
            "year_quarter": 20151,
            "year": 2015,
            "quarter": 1,
            "eps": 0.16,
            "eps_growth_year": -58.97,
            "eps_4q": 0.12,
            "eps_4q_growth_year": -86.29,
            "roe": 1.07,
            "roe_4q": 0.79,
            "gross_profit": 33338,
            "gross_margin": 18.21,
            "gross_margin_4q_avg": 13.33,
            "net_income": 9088,
            "net_income_4q": null,
            "revenue": 183068,
            "revenue_4q": null,
            "common_shares": 595619,
            "book_valuer_per_share": 14.65,
            "book_valuer_per_share_4q_avg": 14.3,
            "equity": 872311,
            "current_ratio": 286.26,
            "debt_ratio": 37.15,
            "inventory_turnover_ratio": 0.77,
            "account_receivable_turnover_ratio": 1.03,
            "reinvestment_rate": -104.2,
            "research_to_sale_ratio": 1.64,
            "price_fair": 35,
            "eps_avg_yearly": 1,
            "eps_latest_yearly": 0.64,
            "eps_growth_yearly": 323.91
        },
        "20152": {
            "year_quarter": 20152,
            "year": 2015,
            "quarter": 2,
            "eps": 0.09,
            "eps_growth_year": null,
            "eps_4q": 0.23,
            "eps_4q_growth_year": -63.84,
            "roe": 0.59,
            "roe_4q": 1.7000000000000002,
            "gross_profit": 29752,
            "gross_margin": 11.23,
            "gross_margin_4q_avg": 12.77,
            "net_income": 5154,
            "net_income_4q": null,
            "revenue": 265004,
            "revenue_4q": null,
            "common_shares": 639399,
            "book_valuer_per_share": 13.72,
            "book_valuer_per_share_4q_avg": 14.24,
            "equity": 877259,
            "current_ratio": 325.25,
            "debt_ratio": 33.41,
            "inventory_turnover_ratio": 1.2,
            "account_receivable_turnover_ratio": 0.96,
            "reinvestment_rate": -89.53,
            "research_to_sale_ratio": 1.26,
            "price_fair": 27.58,
            "eps_avg_yearly": 0.79,
            "eps_latest_yearly": 0.36,
            "eps_growth_yearly": 181.08
        },
        "20153": {
            "year_quarter": 20153,
            "year": 2015,
            "quarter": 3,
            "eps": 0.07,
            "eps_growth_year": null,
            "eps_4q": 0.33,
            "eps_4q_growth_year": -32.19,
            "roe": 0.52,
            "roe_4q": 2.46,
            "gross_profit": 27681,
            "gross_margin": 17.48,
            "gross_margin_4q_avg": 14.84,
            "net_income": 4509,
            "net_income_4q": null,
            "revenue": 158362,
            "revenue_4q": null,
            "common_shares": 655232,
            "book_valuer_per_share": 13.3,
            "book_valuer_per_share_4q_avg": 14.07,
            "equity": 854594,
            "current_ratio": 568.64,
            "debt_ratio": 27.07,
            "inventory_turnover_ratio": 0.8,
            "account_receivable_turnover_ratio": 0.5,
            "reinvestment_rate": -121.43,
            "research_to_sale_ratio": 1.95,
            "price_fair": 26.04,
            "eps_avg_yearly": 0.74,
            "eps_latest_yearly": 0.28,
            "eps_growth_yearly": 200.58
        },
        "20154": {
            "year_quarter": 20154,
            "year": 2015,
            "quarter": 4,
            "eps": -0.04,
            "eps_growth_year": -193.15,
            "eps_4q": 0.26,
            "eps_4q_growth_year": -0.7,
            "roe": -0.28,
            "roe_4q": 1.9,
            "gross_profit": 20637,
            "gross_margin": 20.1,
            "gross_margin_4q_avg": 16.76,
            "net_income": -2397,
            "net_income_4q": null,
            "revenue": 102649,
            "revenue_4q": null,
            "common_shares": 655232,
            "book_valuer_per_share": 13.36,
            "book_valuer_per_share_4q_avg": 13.76,
            "equity": 855713,
            "current_ratio": 219.39,
            "debt_ratio": 27.03,
            "inventory_turnover_ratio": 0.57,
            "account_receivable_turnover_ratio": 0.43,
            "reinvestment_rate": -94.41,
            "research_to_sale_ratio": 2.79,
            "price_fair": 26.76,
            "eps_avg_yearly": 0.76,
            "eps_latest_yearly": 0.28,
            "eps_growth_yearly": 232.74
        },
        "20161": {
            "year_quarter": 20161,
            "year": 2016,
            "quarter": 1,
            "eps": 0.07,
            "eps_growth_year": -56.25,
            "eps_4q": 0.19,
            "eps_4q_growth_year": 59.62,
            "roe": 0.56,
            "roe_4q": 1.3900000000000001,
            "gross_profit": 25621,
            "gross_margin": 25.12,
            "gross_margin_4q_avg": 18.48,
            "net_income": 4800,
            "net_income_4q": null,
            "revenue": 101998,
            "revenue_4q": null,
            "common_shares": 655232,
            "book_valuer_per_share": 13.51,
            "book_valuer_per_share_4q_avg": 13.47,
            "equity": 865634,
            "current_ratio": 233.45,
            "debt_ratio": 23.36,
            "inventory_turnover_ratio": 0.59,
            "account_receivable_turnover_ratio": 0.62,
            "reinvestment_rate": -68.31,
            "research_to_sale_ratio": 2.61,
            "price_fair": 28.35,
            "eps_avg_yearly": 0.81,
            "eps_latest_yearly": 0.28,
            "eps_growth_yearly": 276.12
        },
        "20162": {
            "year_quarter": 20162,
            "year": 2016,
            "quarter": 2,
            "eps": 0.07,
            "eps_growth_year": -22.22,
            "eps_4q": 0.17,
            "eps_4q_growth_year": -24.79,
            "roe": 0.51,
            "roe_4q": 1.31,
            "gross_profit": 27071,
            "gross_margin": 22.45,
            "gross_margin_4q_avg": 21.29,
            "net_income": 4384,
            "net_income_4q": null,
            "revenue": 120561,
            "revenue_4q": null,
            "common_shares": 655232,
            "book_valuer_per_share": 13.11,
            "book_valuer_per_share_4q_avg": 13.32,
            "equity": 859166,
            "current_ratio": 194.73,
            "debt_ratio": 28.98,
            "inventory_turnover_ratio": 0.77,
            "account_receivable_turnover_ratio": 0.77,
            "reinvestment_rate": -54.21,
            "research_to_sale_ratio": 2.39,
            "price_fair": 24.5,
            "eps_avg_yearly": 0.7,
            "eps_latest_yearly": 0.28,
            "eps_growth_yearly": 181.12
        },
        "20163": {
            "year_quarter": 20163,
            "year": 2016,
            "quarter": 3,
            "eps": 0.26,
            "eps_growth_year": 271.43,
            "eps_4q": 0.37,
            "eps_4q_growth_year": 12.17,
            "roe": 1.99,
            "roe_4q": 2.7800000000000002,
            "gross_profit": 30557,
            "gross_margin": 27.22,
            "gross_margin_4q_avg": 23.72,
            "net_income": 17264,
            "net_income_4q": null,
            "revenue": 112241,
            "revenue_4q": null,
            "common_shares": 655232,
            "book_valuer_per_share": 13.35,
            "book_valuer_per_share_4q_avg": 13.33,
            "equity": 874581,
            "current_ratio": 238.38,
            "debt_ratio": 23.78,
            "inventory_turnover_ratio": 0.69,
            "account_receivable_turnover_ratio": 0.68,
            "reinvestment_rate": -57.79,
            "research_to_sale_ratio": 2.8,
            "price_fair": 25.82,
            "eps_avg_yearly": 0.74,
            "eps_latest_yearly": 1.04,
            "eps_growth_yearly": 281.63
        },
        "20164": {
            "year_quarter": 20164,
            "year": 2016,
            "quarter": 4,
            "eps": 0.05,
            "eps_growth_year": null,
            "eps_4q": 0.39,
            "eps_4q_growth_year": 52.73,
            "roe": 0.39,
            "roe_4q": 3.4499999999999997,
            "gross_profit": 17664,
            "gross_margin": 12.67,
            "gross_margin_4q_avg": 21.87,
            "net_income": 3696,
            "net_income_4q": null,
            "revenue": 139374,
            "revenue_4q": null,
            "common_shares": 773150,
            "book_valuer_per_share": 13.37,
            "book_valuer_per_share_4q_avg": 13.34,
            "equity": 1033794,
            "current_ratio": 350.59,
            "debt_ratio": 17.62,
            "inventory_turnover_ratio": 1.07,
            "account_receivable_turnover_ratio": 0.77,
            "reinvestment_rate": 23.6,
            "research_to_sale_ratio": 2.21,
            "price_fair": 23.94,
            "eps_avg_yearly": 0.68,
            "eps_latest_yearly": 0.2,
            "eps_growth_yearly": 221.16
        },
        "20171": {
            "year_quarter": 20171,
            "year": 2017,
            "quarter": 1,
            "eps": 0,
            "eps_growth_year": -100,
            "eps_4q": 0.31,
            "eps_4q_growth_year": 66.12,
            "roe": 0.02,
            "roe_4q": 2.91,
            "gross_profit": 21236,
            "gross_margin": 15.55,
            "gross_margin_4q_avg": 19.47,
            "net_income": 226,
            "net_income_4q": null,
            "revenue": 136577,
            "revenue_4q": null,
            "common_shares": 817283,
            "book_valuer_per_share": 14.66,
            "book_valuer_per_share_4q_avg": 13.62,
            "equity": 1198374,
            "current_ratio": 320.9,
            "debt_ratio": 14.55,
            "inventory_turnover_ratio": 0.99,
            "account_receivable_turnover_ratio": 0.78,
            "reinvestment_rate": 378.01,
            "research_to_sale_ratio": 2.6,
            "price_fair": 23.94,
            "eps_avg_yearly": 0.68,
            "eps_latest_yearly": 0.2,
            "eps_growth_yearly": 221.16
        },
        "20172": {
            "year_quarter": 20172,
            "year": 2017,
            "quarter": 2,
            "eps": 0,
            "eps_growth_year": -100,
            "eps_4q": 0.25,
            "eps_4q_growth_year": 46.32,
            "roe": 0.02,
            "roe_4q": 2.42,
            "gross_profit": 20572,
            "gross_margin": 14.49,
            "gross_margin_4q_avg": 17.48,
            "net_income": 188,
            "net_income_4q": null,
            "revenue": 141979,
            "revenue_4q": null,
            "common_shares": 817283,
            "book_valuer_per_share": 15.05,
            "book_valuer_per_share_4q_avg": 14.11,
            "equity": 1236770,
            "current_ratio": 349.24,
            "debt_ratio": 12.73,
            "inventory_turnover_ratio": 0.97,
            "account_receivable_turnover_ratio": 0.92,
            "reinvestment_rate": 507.64,
            "research_to_sale_ratio": 2.85,
            "price_fair": 24.58,
            "eps_avg_yearly": 0.7,
            "eps_latest_yearly": 0.2,
            "eps_growth_yearly": 263.91
        },
        "20173": {
            "year_quarter": 20173,
            "year": 2017,
            "quarter": 3,
            "eps": -0.04,
            "eps_growth_year": -115.38,
            "eps_4q": 0.01,
            "eps_4q_growth_year": -97.75,
            "roe": -0.27,
            "roe_4q": 0.16,
            "gross_profit": 18074,
            "gross_margin": 14.18,
            "gross_margin_4q_avg": 14.22,
            "net_income": -3409,
            "net_income_4q": null,
            "revenue": 127471,
            "revenue_4q": null,
            "common_shares": 847303,
            "book_valuer_per_share": 15.47,
            "book_valuer_per_share_4q_avg": 14.64,
            "equity": 1313660,
            "current_ratio": 574.19,
            "debt_ratio": 8.34,
            "inventory_turnover_ratio": 0.88,
            "account_receivable_turnover_ratio": 0.86,
            "reinvestment_rate": 678.78,
            "research_to_sale_ratio": 3.16,
            "price_fair": 25.2,
            "eps_avg_yearly": 0.72,
            "eps_latest_yearly": 0.2,
            "eps_growth_yearly": 293.06
        },
        "20174": {
            "year_quarter": 20174,
            "year": 2017,
            "quarter": 4,
            "eps": -0.06,
            "eps_growth_year": -219.08,
            "eps_4q": -0.09,
            "eps_4q_growth_year": -123.61,
            "roe": -0.37,
            "roe_4q": -0.6,
            "gross_profit": 19634,
            "gross_margin": 14.56,
            "gross_margin_4q_avg": 14.7,
            "net_income": -4856,
            "net_income_4q": null,
            "revenue": 134820,
            "revenue_4q": null,
            "common_shares": 849966,
            "book_valuer_per_share": 15.61,
            "book_valuer_per_share_4q_avg": 15.2,
            "equity": 1331942,
            "current_ratio": 281.72,
            "debt_ratio": 9.57,
            "inventory_turnover_ratio": 0.93,
            "account_receivable_turnover_ratio": 0.96,
            "reinvestment_rate": 1104.91,
            "research_to_sale_ratio": 3.6,
            "price_fair": 21.8,
            "eps_avg_yearly": 0.62,
            "eps_latest_yearly": 0.2,
            "eps_growth_yearly": 249.21
        },
        "20181": {
            "year_quarter": 20181,
            "year": 2018,
            "quarter": 1,
            "eps": -0.06,
            "eps_growth_year": null,
            "eps_4q": -0.16,
            "eps_4q_growth_year": -150.98,
            "roe": -0.39,
            "roe_4q": -1.01,
            "gross_profit": 20859,
            "gross_margin": 14.55,
            "gross_margin_4q_avg": 14.45,
            "net_income": -5530,
            "net_income_4q": null,
            "revenue": 143314,
            "revenue_4q": null,
            "common_shares": 853031,
            "book_valuer_per_share": 17.32,
            "book_valuer_per_share_4q_avg": 15.86,
            "equity": 1477683,
            "current_ratio": 205.54,
            "debt_ratio": 12.3,
            "inventory_turnover_ratio": 0.94,
            "account_receivable_turnover_ratio": 0.96,
            "reinvestment_rate": -187.66,
            "research_to_sale_ratio": 3.11,
            "price_fair": 16.33,
            "eps_avg_yearly": 0.47,
            "eps_latest_yearly": 0.2,
            "eps_growth_yearly": 283.12
        },
        "20182": {
            "year_quarter": 20182,
            "year": 2018,
            "quarter": 2,
            "eps": -0.05,
            "eps_growth_year": null,
            "eps_4q": -0.21,
            "eps_4q_growth_year": -184.54,
            "roe": -0.33,
            "roe_4q": -1.3599999999999999,
            "gross_profit": 14746,
            "gross_margin": 9.85,
            "gross_margin_4q_avg": 13.29,
            "net_income": -4607,
            "net_income_4q": null,
            "revenue": 149656,
            "revenue_4q": null,
            "common_shares": 862841,
            "book_valuer_per_share": 15.62,
            "book_valuer_per_share_4q_avg": 16.01,
            "equity": 1348093,
            "current_ratio": 155.58,
            "debt_ratio": 22.2,
            "inventory_turnover_ratio": 0.64,
            "account_receivable_turnover_ratio": 0.93,
            "reinvestment_rate": -316.77,
            "research_to_sale_ratio": 2.95,
            "price_fair": 16.33,
            "eps_avg_yearly": 0.47,
            "eps_latest_yearly": 0.2,
            "eps_growth_yearly": 283.12
        },
        "20183": {
            "year_quarter": 20183,
            "year": 2018,
            "quarter": 3,
            "eps": 0.93,
            "eps_growth_year": null,
            "eps_4q": 0.65,
            "eps_4q_growth_year": 7778.38,
            "roe": 5.92,
            "roe_4q": 4.83,
            "gross_profit": 18719,
            "gross_margin": 14.72,
            "gross_margin_4q_avg": 13.42,
            "net_income": 81450,
            "net_income_4q": null,
            "revenue": 127139,
            "revenue_4q": null,
            "common_shares": 1022841,
            "book_valuer_per_share": 13.72,
            "book_valuer_per_share_4q_avg": 15.57,
            "equity": 1402899,
            "current_ratio": 694.33,
            "debt_ratio": 23.25,
            "inventory_turnover_ratio": 0.37,
            "account_receivable_turnover_ratio": 0.83,
            "reinvestment_rate": -82.96,
            "research_to_sale_ratio": 1.89,
            "price_fair": 16.33,
            "eps_avg_yearly": 0.47,
            "eps_latest_yearly": 0.2,
            "eps_growth_yearly": 283.12
        },
        "20184": {
            "year_quarter": 20184,
            "year": 2018,
            "quarter": 4,
            "eps": 0.17,
            "eps_growth_year": null,
            "eps_4q": 0.87,
            "eps_4q_growth_year": null,
            "roe": 1.29,
            "roe_4q": 6.49,
            "gross_profit": 18241,
            "gross_margin": 13.97,
            "gross_margin_4q_avg": 13.27,
            "net_income": 17526,
            "net_income_4q": null,
            "revenue": 130558,
            "revenue_4q": null,
            "common_shares": 1022841,
            "book_valuer_per_share": 12.85,
            "book_valuer_per_share_4q_avg": 14.88,
            "equity": 1314607,
            "current_ratio": 317.45,
            "debt_ratio": 33.25,
            "inventory_turnover_ratio": 0.27,
            "account_receivable_turnover_ratio": 0.94,
            "reinvestment_rate": -85.87,
            "research_to_sale_ratio": 3.04,
            "price_fair": 17.4,
            "eps_avg_yearly": 0.5,
            "eps_latest_yearly": 0.68,
            "eps_growth_yearly": 195.98
        },
        "20191": {
            "year_quarter": 20191,
            "year": 2019,
            "quarter": 1,
            "eps": 0.02,
            "eps_growth_year": null,
            "eps_4q": 0.94,
            "eps_4q_growth_year": null,
            "roe": 0.17,
            "roe_4q": 7.05,
            "gross_profit": 21583,
            "gross_margin": 17.31,
            "gross_margin_4q_avg": 13.96,
            "net_income": 2232,
            "net_income_4q": null,
            "revenue": 124692,
            "revenue_4q": null,
            "common_shares": 1022841,
            "book_valuer_per_share": 13.39,
            "book_valuer_per_share_4q_avg": 13.9,
            "equity": 1369670,
            "current_ratio": 299.41,
            "debt_ratio": 33.56,
            "inventory_turnover_ratio": 0.17,
            "account_receivable_turnover_ratio": 0.94,
            "reinvestment_rate": -132.18,
            "research_to_sale_ratio": 4,
            "price_fair": 1.25,
            "eps_avg_yearly": 0.42,
            "eps_latest_yearly": 0.08,
            "eps_growth_yearly": -25.87
        },
        "20192": {
            "year_quarter": 20192,
            "year": 2019,
            "quarter": 2,
            "eps": 0.25,
            "eps_growth_year": null,
            "eps_4q": 1.24,
            "eps_4q_growth_year": null,
            "roe": 2.02,
            "roe_4q": 9.4,
            "gross_profit": 18096,
            "gross_margin": 14.61,
            "gross_margin_4q_avg": 15.15,
            "net_income": 26147,
            "net_income_4q": null,
            "revenue": 123881,
            "revenue_4q": null,
            "common_shares": 1022841,
            "book_valuer_per_share": 11.92,
            "book_valuer_per_share_4q_avg": 12.97,
            "equity": 1222343,
            "current_ratio": 211.03,
            "debt_ratio": 41.84,
            "inventory_turnover_ratio": 0.15,
            "account_receivable_turnover_ratio": 0.93,
            "reinvestment_rate": -109.37,
            "research_to_sale_ratio": 8.16,
            "price_fair": 17.8,
            "eps_avg_yearly": 0.51,
            "eps_latest_yearly": 1,
            "eps_growth_yearly": 656.28
        },
        "20193": {
            "year_quarter": 20193,
            "year": 2019,
            "quarter": 3,
            "eps": 0.46,
            "eps_growth_year": -50.54,
            "eps_4q": 0.91,
            "eps_4q_growth_year": 39.5,
            "roe": 3.89,
            "roe_4q": 7.37,
            "gross_profit": 22781,
            "gross_margin": 17.93,
            "gross_margin_4q_avg": 15.96,
            "net_income": 47691,
            "net_income_4q": null,
            "revenue": 127024,
            "revenue_4q": null,
            "common_shares": 1025651,
            "book_valuer_per_share": 11.93,
            "book_valuer_per_share_4q_avg": 12.52,
            "equity": 1227370,
            "current_ratio": 150.34,
            "debt_ratio": 39.45,
            "inventory_turnover_ratio": 0.15,
            "account_receivable_turnover_ratio": 0.89,
            "reinvestment_rate": -73.65,
            "research_to_sale_ratio": 4.99,
            "price_fair": 25.6,
            "eps_avg_yearly": 0.73,
            "eps_latest_yearly": 1.84,
            "eps_growth_yearly": 716.97
        },
        "20194": {
            "year_quarter": 20194,
            "year": 2019,
            "quarter": 4,
            "eps": 0.27,
            "eps_growth_year": 57.52,
            "eps_4q": 1.01,
            "eps_4q_growth_year": 15.89,
            "roe": 2.23,
            "roe_4q": 8.31,
            "gross_profit": 76510,
            "gross_margin": 20.02,
            "gross_margin_4q_avg": 17.47,
            "net_income": 27873,
            "net_income_4q": null,
            "revenue": 382223,
            "revenue_4q": null,
            "common_shares": 1032671,
            "book_valuer_per_share": 12.37,
            "book_valuer_per_share_4q_avg": 12.4,
            "equity": 1277564,
            "current_ratio": 171.46,
            "debt_ratio": 32.75,
            "inventory_turnover_ratio": 0.53,
            "account_receivable_turnover_ratio": 2.49,
            "reinvestment_rate": -69.69,
            "research_to_sale_ratio": -0.36,
            "price_fair": 27.13,
            "eps_avg_yearly": 0.78,
            "eps_latest_yearly": 1.08,
            "eps_growth_yearly": 606.7
        },
        "20201": {
            "year_quarter": 20201,
            "year": 2020,
            "quarter": 1,
            "eps": 0.68,
            "eps_growth_year": 3300,
            "eps_4q": 1.66,
            "eps_4q_growth_year": 75.86,
            "roe": 5.6,
            "roe_4q": 13.74,
            "gross_profit": 48412,
            "gross_margin": 31.12,
            "gross_margin_4q_avg": 20.92,
            "net_income": 70347,
            "net_income_4q": null,
            "revenue": 155576,
            "revenue_4q": null,
            "common_shares": 1032671,
            "book_valuer_per_share": 11.95,
            "book_valuer_per_share_4q_avg": 12.04,
            "equity": 1233789,
            "current_ratio": 200.44,
            "debt_ratio": 29.96,
            "inventory_turnover_ratio": 0.21,
            "account_receivable_turnover_ratio": 1.14,
            "reinvestment_rate": -58.28,
            "research_to_sale_ratio": 3.49,
            "price_fair": 34.69,
            "eps_avg_yearly": 0.99,
            "eps_latest_yearly": 2.72,
            "eps_growth_yearly": 606.78
        },
        "20202": {
            "year_quarter": 20202,
            "year": 2020,
            "quarter": 2,
            "eps": -0.13,
            "eps_growth_year": -152,
            "eps_4q": 1.15,
            "eps_4q_growth_year": -7.43,
            "roe": -1,
            "roe_4q": 10.72,
            "gross_profit": 4053,
            "gross_margin": 14.42,
            "gross_margin_4q_avg": 20.87,
            "net_income": -13036,
            "net_income_4q": null,
            "revenue": 28101,
            "revenue_4q": null,
            "common_shares": 1035934,
            "book_valuer_per_share": 13.15,
            "book_valuer_per_share_4q_avg": 12.35,
            "equity": 1362408,
            "current_ratio": 164.62,
            "debt_ratio": 27.4,
            "inventory_turnover_ratio": 0.05,
            "account_receivable_turnover_ratio": 0.35,
            "reinvestment_rate": -64.96,
            "research_to_sale_ratio": 13.55,
            "price_fair": 37.8,
            "eps_avg_yearly": 1.08,
            "eps_latest_yearly": 2.72,
            "eps_growth_yearly": 682.63
        },
        "20203": {
            "year_quarter": 20203,
            "year": 2020,
            "quarter": 3,
            "eps": 0,
            "eps_growth_year": -100,
            "eps_4q": 0.73,
            "eps_4q_growth_year": -19.41,
            "roe": -0.01,
            "roe_4q": 6.82,
            "gross_profit": 12453,
            "gross_margin": 15.72,
            "gross_margin_4q_avg": 20.32,
            "net_income": -165,
            "net_income_4q": null,
            "revenue": 79238,
            "revenue_4q": null,
            "common_shares": 1156037,
            "book_valuer_per_share": 11.93,
            "book_valuer_per_share_4q_avg": 12.35,
            "equity": 1379185,
            "current_ratio": 140.77,
            "debt_ratio": 29.92,
            "inventory_turnover_ratio": 0.13,
            "account_receivable_turnover_ratio": 1.33,
            "reinvestment_rate": 1.09,
            "research_to_sale_ratio": 5.44,
            "price_fair": 38,
            "eps_avg_yearly": 1.09,
            "eps_latest_yearly": 2.72,
            "eps_growth_yearly": 625.04
        },
        "20204": {
            "year_quarter": 20204,
            "year": 2020,
            "quarter": 4,
            "eps": 0.04,
            "eps_growth_year": -85.29,
            "eps_4q": 0.53,
            "eps_4q_growth_year": -47.28,
            "roe": 0.33,
            "roe_4q": 4.92,
            "gross_profit": 15514,
            "gross_margin": 20.34,
            "gross_margin_4q_avg": 20.4,
            "net_income": 4622,
            "net_income_4q": null,
            "revenue": 76268,
            "revenue_4q": null,
            "common_shares": 1163928,
            "book_valuer_per_share": 11.94,
            "book_valuer_per_share_4q_avg": 12.24,
            "equity": 1389360,
            "current_ratio": 134.6,
            "debt_ratio": 33.27,
            "inventory_turnover_ratio": 0.11,
            "account_receivable_turnover_ratio": 0.96,
            "reinvestment_rate": -17.31,
            "research_to_sale_ratio": 5.44,
            "price_fair": 43.17,
            "eps_avg_yearly": 1.23,
            "eps_latest_yearly": 2.72,
            "eps_growth_yearly": 783.06
        },
        "20211": {
            "year_quarter": 20211,
            "year": 2021,
            "quarter": 1,
            "eps": -0.02,
            "eps_growth_year": -102.94,
            "eps_4q": -0.1,
            "eps_4q_growth_year": -105.8,
            "roe": -0.19,
            "roe_4q": -0.87,
            "gross_profit": 21734,
            "gross_margin": 18.74,
            "gross_margin_4q_avg": 17.31,
            "net_income": -2628,
            "net_income_4q": null,
            "revenue": 115976,
            "revenue_4q": null,
            "common_shares": 1163928,
            "book_valuer_per_share": 11.44,
            "book_valuer_per_share_4q_avg": 12.12,
            "equity": 1331041,
            "current_ratio": 148.47,
            "debt_ratio": 36.85,
            "inventory_turnover_ratio": 0.14,
            "account_receivable_turnover_ratio": 1.1,
            "reinvestment_rate": -119.67,
            "research_to_sale_ratio": 2.94,
            "price_fair": 43.17,
            "eps_avg_yearly": 1.23,
            "eps_latest_yearly": 2.72,
            "eps_growth_yearly": 783.06
        },
        "20212": {
            "year_quarter": 20212,
            "year": 2021,
            "quarter": 2,
            "eps": 0.02,
            "eps_growth_year": null,
            "eps_4q": 0.04,
            "eps_4q_growth_year": -96.89,
            "roe": 0.19,
            "roe_4q": 0.32,
            "gross_profit": 21930,
            "gross_margin": 14.94,
            "gross_margin_4q_avg": 17.44,
            "net_income": 2559,
            "net_income_4q": null,
            "revenue": 146739,
            "revenue_4q": null,
            "common_shares": 1229158,
            "book_valuer_per_share": 11.54,
            "book_valuer_per_share_4q_avg": 11.71,
            "equity": 1417873,
            "current_ratio": 167.14,
            "debt_ratio": 33.26,
            "inventory_turnover_ratio": 0.16,
            "account_receivable_turnover_ratio": 1.18,
            "reinvestment_rate": -140.24,
            "research_to_sale_ratio": 1.91,
            "price_fair": 43.17,
            "eps_avg_yearly": 1.23,
            "eps_latest_yearly": 2.72,
            "eps_growth_yearly": 783.06
        },
        "20213": {
            "year_quarter": 20213,
            "year": 2021,
            "quarter": 3,
            "eps": 0.27,
            "eps_growth_year": null,
            "eps_4q": 0.29,
            "eps_4q_growth_year": -60.48,
            "roe": 4.15,
            "roe_4q": 4.48,
            "gross_profit": 35002,
            "gross_margin": 13.92,
            "gross_margin_4q_avg": 16.99,
            "net_income": 102894,
            "net_income_4q": null,
            "revenue": 251473,
            "revenue_4q": null,
            "common_shares": 1348081,
            "book_valuer_per_share": 11.98,
            "book_valuer_per_share_4q_avg": 11.73,
            "equity": 3539106,
            "current_ratio": 252.32,
            "debt_ratio": 23.09,
            "inventory_turnover_ratio": 0.26,
            "account_receivable_turnover_ratio": 1.44,
            "reinvestment_rate": 230.22,
            "research_to_sale_ratio": 2.32,
            "price_fair": 42.4,
            "eps_avg_yearly": 1.21,
            "eps_latest_yearly": 1.08,
            "eps_growth_yearly": 1385.48
        },
        "20214": {
            "year_quarter": 20214,
            "year": 2021,
            "quarter": 4,
            "eps": 0,
            "eps_growth_year": -90.25,
            "eps_4q": 0.26,
            "eps_4q_growth_year": -51.13,
            "roe": 1.53,
            "roe_4q": 5.680000000000001,
            "gross_profit": 20724,
            "gross_margin": 10.79,
            "gross_margin_4q_avg": 14.6,
            "net_income": 56598,
            "net_income_4q": null,
            "revenue": 192064,
            "revenue_4q": null,
            "common_shares": 1394638,
            "book_valuer_per_share": 12.76,
            "book_valuer_per_share_4q_avg": 11.93,
            "equity": 3868666,
            "current_ratio": 337.66,
            "debt_ratio": 25.83,
            "inventory_turnover_ratio": 0.18,
            "account_receivable_turnover_ratio": 0.93,
            "reinvestment_rate": 311.48,
            "research_to_sale_ratio": 2.85,
            "price_fair": 42.4,
            "eps_avg_yearly": 1.21,
            "eps_latest_yearly": 1.08,
            "eps_growth_yearly": 1385.48
        },
        "20221": {
            "year_quarter": 20221,
            "year": 2022,
            "quarter": 1,
            "eps": 0.03,
            "eps_growth_year": null,
            "eps_4q": 0.31,
            "eps_4q_growth_year": null,
            "roe": 1.66,
            "roe_4q": 7.53,
            "gross_profit": 36705,
            "gross_margin": 14.25,
            "gross_margin_4q_avg": 13.48,
            "net_income": 63927,
            "net_income_4q": null,
            "revenue": 257585,
            "revenue_4q": null,
            "common_shares": 1394638,
            "book_valuer_per_share": 12.33,
            "book_valuer_per_share_4q_avg": 12.15,
            "equity": 3840291,
            "current_ratio": 313.79,
            "debt_ratio": 26.83,
            "inventory_turnover_ratio": 0.21,
            "account_receivable_turnover_ratio": 1.21,
            "reinvestment_rate": 533.93,
            "research_to_sale_ratio": 1.59,
            "price_fair": 42.4,
            "eps_avg_yearly": 1.21,
            "eps_latest_yearly": 1.08,
            "eps_growth_yearly": 1385.48
        },
        "20222": {
            "year_quarter": 20222,
            "year": 2022,
            "quarter": 2,
            "eps": -0.26,
            "eps_growth_year": -1400,
            "eps_4q": 0.04,
            "eps_4q_growth_year": -0.91,
            "roe": -4,
            "roe_4q": 3.3400000000000007,
            "gross_profit": 30983,
            "gross_margin": 12.85,
            "gross_margin_4q_avg": 12.95,
            "net_income": -147306,
            "net_income_4q": null,
            "revenue": 241165,
            "revenue_4q": null,
            "common_shares": 1394638,
            "book_valuer_per_share": 11.49,
            "book_valuer_per_share_4q_avg": 12.14,
            "equity": 3524938,
            "current_ratio": 273.64,
            "debt_ratio": 35.97,
            "inventory_turnover_ratio": 0.18,
            "account_receivable_turnover_ratio": 1.05,
            "reinvestment_rate": 579.58,
            "research_to_sale_ratio": 1.62,
            "price_fair": 42.4,
            "eps_avg_yearly": 1.21,
            "eps_latest_yearly": 1.08,
            "eps_growth_yearly": 1385.48
        },
        "20223": {
            "year_quarter": 20223,
            "year": 2022,
            "quarter": 3,
            "eps": -0.09,
            "eps_growth_year": -133.33,
            "eps_4q": -0.31,
            "eps_4q_growth_year": -208.64,
            "roe": -0.88,
            "roe_4q": -1.6899999999999997,
            "gross_profit": 29021,
            "gross_margin": 13.97,
            "gross_margin_4q_avg": 12.97,
            "net_income": -30573,
            "net_income_4q": null,
            "revenue": 207711,
            "revenue_4q": null,
            "common_shares": 1394638,
            "book_valuer_per_share": 11.08,
            "book_valuer_per_share_4q_avg": 11.92,
            "equity": 3446565,
            "current_ratio": 239.06,
            "debt_ratio": 39.48,
            "inventory_turnover_ratio": 0.12,
            "account_receivable_turnover_ratio": 0.98,
            "reinvestment_rate": 913.5,
            "research_to_sale_ratio": 1.65,
            "price_fair": 42.4,
            "eps_avg_yearly": 1.21,
            "eps_latest_yearly": 1.08,
            "eps_growth_yearly": 1385.48
        },
        "20224": {
            "year_quarter": 20224,
            "year": 2022,
            "quarter": 4,
            "eps": -0.07,
            "eps_growth_year": -1868.98,
            "eps_4q": -0.39,
            "eps_4q_growth_year": -248.83,
            "roe": -1.29,
            "roe_4q": -4.51,
            "gross_profit": 33286,
            "gross_margin": 18.25,
            "gross_margin_4q_avg": 14.83,
            "net_income": -43898,
            "net_income_4q": null,
            "revenue": 182432,
            "revenue_4q": null,
            "common_shares": 1394638,
            "book_valuer_per_share": 10.8,
            "book_valuer_per_share_4q_avg": 11.43,
            "equity": 3380218,
            "current_ratio": 184.41,
            "debt_ratio": 43.53,
            "inventory_turnover_ratio": 0.08,
            "account_receivable_turnover_ratio": 0.99,
            "reinvestment_rate": 1105.78,
            "research_to_sale_ratio": 2.19,
            "price_fair": 45.5,
            "eps_avg_yearly": 1.3,
            "eps_latest_yearly": 1.08,
            "eps_growth_yearly": 1670.87
        },
        "20231": {
            "year_quarter": 20231,
            "year": 2023,
            "quarter": 1,
            "eps": 0.09,
            "eps_growth_year": 200,
            "eps_4q": -0.33,
            "eps_4q_growth_year": -205.35,
            "roe": 0.8,
            "roe_4q": -5.37,
            "gross_profit": 36735,
            "gross_margin": 21.91,
            "gross_margin_4q_avg": 16.75,
            "net_income": 27317,
            "net_income_4q": null,
            "revenue": 167683,
            "revenue_4q": null,
            "common_shares": 1394638,
            "book_valuer_per_share": 11.06,
            "book_valuer_per_share_4q_avg": 11.11,
            "equity": 3431970,
            "current_ratio": 212.93,
            "debt_ratio": 38.63,
            "inventory_turnover_ratio": 0.07,
            "account_receivable_turnover_ratio": 1.06,
            "reinvestment_rate": 1048.37,
            "research_to_sale_ratio": 1.8,
            "price_fair": 54.04,
            "eps_avg_yearly": 1.54,
            "eps_latest_yearly": 1.08,
            "eps_growth_yearly": 2075.64
        },
        "20232": {
            "year_quarter": 20232,
            "year": 2023,
            "quarter": 2,
            "eps": 0.01,
            "eps_growth_year": null,
            "eps_4q": -0.06,
            "eps_4q_growth_year": -259.15,
            "roe": 0.26,
            "roe_4q": -1.1099999999999999,
            "gross_profit": 11668,
            "gross_margin": 11.25,
            "gross_margin_4q_avg": 16.35,
            "net_income": 8756,
            "net_income_4q": null,
            "revenue": 103755,
            "revenue_4q": null,
            "common_shares": 1394638,
            "book_valuer_per_share": 10.97,
            "book_valuer_per_share_4q_avg": 10.98,
            "equity": 3426535,
            "current_ratio": 169.27,
            "debt_ratio": 39.65,
            "inventory_turnover_ratio": 0.05,
            "account_receivable_turnover_ratio": 0.85,
            "reinvestment_rate": 1275.48,
            "research_to_sale_ratio": 2.82,
            "price_fair": 47.32,
            "eps_avg_yearly": 1.35,
            "eps_latest_yearly": 0.04,
            "eps_growth_yearly": 1084.53
        },
        "20233": {
            "year_quarter": 20233,
            "year": 2023,
            "quarter": 3,
            "eps": -0.04,
            "eps_growth_year": null,
            "eps_4q": -0.01,
            "eps_4q_growth_year": null,
            "roe": -0.76,
            "roe_4q": -0.99,
            "gross_profit": 21116,
            "gross_margin": 17.8,
            "gross_margin_4q_avg": 17.3,
            "net_income": -27414,
            "net_income_4q": null,
            "revenue": 118613,
            "revenue_4q": null,
            "common_shares": 1396835,
            "book_valuer_per_share": 10.71,
            "book_valuer_per_share_4q_avg": 10.89,
            "equity": 3747992,
            "current_ratio": 183.45,
            "debt_ratio": 38.68,
            "inventory_turnover_ratio": 0.05,
            "account_receivable_turnover_ratio": 1.07,
            "reinvestment_rate": 1952.44,
            "research_to_sale_ratio": 8.82,
            "price_fair": 43.05,
            "eps_avg_yearly": 1.23,
            "eps_latest_yearly": 0.04,
            "eps_growth_yearly": 1271.66
        }
    },
    "months": {
        "2001-06": {
            "month": "2001-06",
            "price": "6.65",
            "revenue": 69550
        },
        "2001-07": {
            "month": "2001-07",
            "price": "4.83",
            "revenue": 54063
        },
        "2001-08": {
            "month": "2001-08",
            "price": "4.52",
            "revenue": 65095
        },
        "2001-09": {
            "month": "2001-09",
            "price": "4.04",
            "revenue": 62776
        },
        "2001-10": {
            "month": "2001-10",
            "price": "3.53",
            "revenue": 66791
        },
        "2001-11": {
            "month": "2001-11",
            "price": "3.92",
            "revenue": 56363
        },
        "2001-12": {
            "month": "2001-12",
            "price": "4.97",
            "revenue": 41090
        },
        "2002-01": {
            "month": "2002-01",
            "price": "6.35",
            "revenue": 45688
        },
        "2002-02": {
            "month": "2002-02",
            "price": "7.12",
            "revenue": 41891
        },
        "2002-03": {
            "month": "2002-03",
            "price": "7.19",
            "revenue": 95772
        },
        "2002-04": {
            "month": "2002-04",
            "price": "11.84",
            "revenue": 100474
        },
        "2002-05": {
            "month": "2002-05",
            "price": "16.14",
            "revenue": 77206
        },
        "2002-06": {
            "month": "2002-06",
            "price": "15.35",
            "revenue": 54636
        },
        "2002-07": {
            "month": "2002-07",
            "price": "14.20",
            "revenue": 66603
        },
        "2002-08": {
            "month": "2002-08",
            "price": "13.15",
            "revenue": 68098
        },
        "2002-09": {
            "month": "2002-09",
            "price": "13.73",
            "revenue": 67126
        },
        "2002-10": {
            "month": "2002-10",
            "price": "13.67",
            "revenue": 67897
        },
        "2002-11": {
            "month": "2002-11",
            "price": "16.84",
            "revenue": 62754
        },
        "2002-12": {
            "month": "2002-12",
            "price": "17.06",
            "revenue": 49263
        },
        "2003-01": {
            "month": "2003-01",
            "price": "16.80",
            "revenue": 54758
        },
        "2003-02": {
            "month": "2003-02",
            "price": "15.46",
            "revenue": 62909
        },
        "2003-03": {
            "month": "2003-03",
            "price": "15.25",
            "revenue": 89936
        },
        "2003-04": {
            "month": "2003-04",
            "price": "16.27",
            "revenue": 81397
        },
        "2003-05": {
            "month": "2003-05",
            "price": "15.91",
            "revenue": 73169
        },
        "2003-06": {
            "month": "2003-06",
            "price": "16.42",
            "revenue": 55977
        },
        "2003-07": {
            "month": "2003-07",
            "price": "14.75",
            "revenue": 64884
        },
        "2003-08": {
            "month": "2003-08",
            "price": "14.85",
            "revenue": 70912
        },
        "2003-09": {
            "month": "2003-09",
            "price": "14.99",
            "revenue": 78369
        },
        "2003-10": {
            "month": "2003-10",
            "price": "15.48",
            "revenue": 74747
        },
        "2003-11": {
            "month": "2003-11",
            "price": "18.00",
            "revenue": 75445
        },
        "2003-12": {
            "month": "2003-12",
            "price": "18.10",
            "revenue": 54526
        },
        "2004-01": {
            "month": "2004-01",
            "price": "18.27",
            "revenue": 37406
        },
        "2004-02": {
            "month": "2004-02",
            "price": "19.09",
            "revenue": 67521
        },
        "2004-03": {
            "month": "2004-03",
            "price": "20.72",
            "revenue": 85810
        },
        "2004-04": {
            "month": "2004-04",
            "price": "20.59",
            "revenue": 80069
        },
        "2004-05": {
            "month": "2004-05",
            "price": "19.02",
            "revenue": 76203
        },
        "2004-06": {
            "month": "2004-06",
            "price": "19.02",
            "revenue": 65834
        },
        "2004-07": {
            "month": "2004-07",
            "price": "16.47",
            "revenue": 55225
        },
        "2004-08": {
            "month": "2004-08",
            "price": "14.89",
            "revenue": 71169
        },
        "2004-09": {
            "month": "2004-09",
            "price": "15.45",
            "revenue": 67698
        },
        "2004-10": {
            "month": "2004-10",
            "price": "15.11",
            "revenue": 69957
        },
        "2004-11": {
            "month": "2004-11",
            "price": "13.23",
            "revenue": 72752
        },
        "2004-12": {
            "month": "2004-12",
            "price": "12.88",
            "revenue": 46477
        },
        "2005-01": {
            "month": "2005-01",
            "price": "13.17",
            "revenue": 55051
        },
        "2005-02": {
            "month": "2005-02",
            "price": "12.93",
            "revenue": 44737
        },
        "2005-03": {
            "month": "2005-03",
            "price": "12.69",
            "revenue": 79379
        },
        "2005-04": {
            "month": "2005-04",
            "price": "12.21",
            "revenue": 77065
        },
        "2005-05": {
            "month": "2005-05",
            "price": "11.56",
            "revenue": 59677
        },
        "2005-06": {
            "month": "2005-06",
            "price": "10.74",
            "revenue": 59176
        },
        "2005-07": {
            "month": "2005-07",
            "price": "9.73",
            "revenue": 49034
        },
        "2005-08": {
            "month": "2005-08",
            "price": "7.94",
            "revenue": 48315
        },
        "2005-09": {
            "month": "2005-09",
            "price": "6.98",
            "revenue": 59451
        },
        "2005-10": {
            "month": "2005-10",
            "price": "6.87",
            "revenue": 59428
        },
        "2005-11": {
            "month": "2005-11",
            "price": "6.01",
            "revenue": 60831
        },
        "2005-12": {
            "month": "2005-12",
            "price": "6.03",
            "revenue": 40009
        },
        "2006-01": {
            "month": "2006-01",
            "price": "6.56",
            "revenue": 41579
        },
        "2006-02": {
            "month": "2006-02",
            "price": "6.27",
            "revenue": 56043
        },
        "2006-03": {
            "month": "2006-03",
            "price": "5.92",
            "revenue": 86581
        },
        "2006-04": {
            "month": "2006-04",
            "price": "6.48",
            "revenue": 73562
        },
        "2006-05": {
            "month": "2006-05",
            "price": "8.01",
            "revenue": 68185
        },
        "2006-06": {
            "month": "2006-06",
            "price": "7.46",
            "revenue": 59988
        },
        "2006-07": {
            "month": "2006-07",
            "price": "7.56",
            "revenue": 61098
        },
        "2006-08": {
            "month": "2006-08",
            "price": "7.81",
            "revenue": 61093
        },
        "2006-09": {
            "month": "2006-09",
            "price": "9.37",
            "revenue": 68150
        },
        "2006-10": {
            "month": "2006-10",
            "price": "10.76",
            "revenue": 62105
        },
        "2006-11": {
            "month": "2006-11",
            "price": "12.47",
            "revenue": 68297
        },
        "2006-12": {
            "month": "2006-12",
            "price": "17.20",
            "revenue": 49499
        },
        "2007-01": {
            "month": "2007-01",
            "price": "16.58",
            "revenue": 63440
        },
        "2007-02": {
            "month": "2007-02",
            "price": "17.28",
            "revenue": 42452
        },
        "2007-03": {
            "month": "2007-03",
            "price": "17.60",
            "revenue": 98206
        },
        "2007-04": {
            "month": "2007-04",
            "price": "17.99",
            "revenue": 90364
        },
        "2007-05": {
            "month": "2007-05",
            "price": "16.33",
            "revenue": 86165
        },
        "2007-06": {
            "month": "2007-06",
            "price": "15.98",
            "revenue": 62745
        },
        "2007-07": {
            "month": "2007-07",
            "price": "16.69",
            "revenue": 51190
        },
        "2007-08": {
            "month": "2007-08",
            "price": "14.43",
            "revenue": 71304
        },
        "2007-09": {
            "month": "2007-09",
            "price": "13.68",
            "revenue": 79854
        },
        "2007-10": {
            "month": "2007-10",
            "price": "11.78",
            "revenue": 91127
        },
        "2007-11": {
            "month": "2007-11",
            "price": "9.81",
            "revenue": 85313
        },
        "2007-12": {
            "month": "2007-12",
            "price": "9.38",
            "revenue": 78285
        },
        "2008-01": {
            "month": "2008-01",
            "price": "8.93",
            "revenue": 93750
        },
        "2008-02": {
            "month": "2008-02",
            "price": "9.25",
            "revenue": 63507
        },
        "2008-03": {
            "month": "2008-03",
            "price": "9.77",
            "revenue": 108665
        },
        "2008-04": {
            "month": "2008-04",
            "price": "11.48",
            "revenue": 92927
        },
        "2008-05": {
            "month": "2008-05",
            "price": "13.02",
            "revenue": 91027
        },
        "2008-06": {
            "month": "2008-06",
            "price": "11.27",
            "revenue": 70606
        },
        "2008-07": {
            "month": "2008-07",
            "price": "9.73",
            "revenue": 76750
        },
        "2008-08": {
            "month": "2008-08",
            "price": "9.95",
            "revenue": 59922
        },
        "2008-09": {
            "month": "2008-09",
            "price": "8.67",
            "revenue": 74890
        },
        "2008-10": {
            "month": "2008-10",
            "price": "7.13",
            "revenue": 67445
        },
        "2008-11": {
            "month": "2008-11",
            "price": "6.09",
            "revenue": 40838
        },
        "2008-12": {
            "month": "2008-12",
            "price": "6.33",
            "revenue": 34371
        },
        "2009-01": {
            "month": "2009-01",
            "price": "6.10",
            "revenue": 27970
        },
        "2009-02": {
            "month": "2009-02",
            "price": "5.97",
            "revenue": 36123
        },
        "2009-03": {
            "month": "2009-03",
            "price": "6.91",
            "revenue": 52622
        },
        "2009-04": {
            "month": "2009-04",
            "price": "8.29",
            "revenue": 70229
        },
        "2009-05": {
            "month": "2009-05",
            "price": "8.79",
            "revenue": 45187
        },
        "2009-06": {
            "month": "2009-06",
            "price": "8.77",
            "revenue": 51559
        },
        "2009-07": {
            "month": "2009-07",
            "price": "8.79",
            "revenue": 47871
        },
        "2009-08": {
            "month": "2009-08",
            "price": "9.33",
            "revenue": 63802
        },
        "2009-09": {
            "month": "2009-09",
            "price": "9.80",
            "revenue": 70638
        },
        "2009-10": {
            "month": "2009-10",
            "price": "10.84",
            "revenue": 58416
        },
        "2009-11": {
            "month": "2009-11",
            "price": "14.88",
            "revenue": 60764
        },
        "2009-12": {
            "month": "2009-12",
            "price": "14.40",
            "revenue": 54655
        },
        "2010-01": {
            "month": "2010-01",
            "price": "14.96",
            "revenue": 65270
        },
        "2010-02": {
            "month": "2010-02",
            "price": "13.79",
            "revenue": 45311
        },
        "2010-03": {
            "month": "2010-03",
            "price": "14.85",
            "revenue": 89002
        },
        "2010-04": {
            "month": "2010-04",
            "price": "18.22",
            "revenue": 87998
        },
        "2010-05": {
            "month": "2010-05",
            "price": "17.17",
            "revenue": 66719
        },
        "2010-06": {
            "month": "2010-06",
            "price": "16.38",
            "revenue": 55618
        },
        "2010-07": {
            "month": "2010-07",
            "price": "16.82",
            "revenue": 66818
        },
        "2010-08": {
            "month": "2010-08",
            "price": "18.08",
            "revenue": 78993
        },
        "2010-09": {
            "month": "2010-09",
            "price": "17.31",
            "revenue": 74551
        },
        "2010-10": {
            "month": "2010-10",
            "price": "16.60",
            "revenue": 81274
        },
        "2010-11": {
            "month": "2010-11",
            "price": "15.91",
            "revenue": 77240
        },
        "2010-12": {
            "month": "2010-12",
            "price": "16.73",
            "revenue": 79230
        },
        "2011-01": {
            "month": "2011-01",
            "price": "17.77",
            "revenue": 72420
        },
        "2011-02": {
            "month": "2011-02",
            "price": "22.98",
            "revenue": 55395
        },
        "2011-03": {
            "month": "2011-03",
            "price": "22.10",
            "revenue": 105524
        },
        "2011-04": {
            "month": "2011-04",
            "price": "22.45",
            "revenue": 110281
        },
        "2011-05": {
            "month": "2011-05",
            "price": "18.22",
            "revenue": 72599
        },
        "2011-06": {
            "month": "2011-06",
            "price": "21.60",
            "revenue": 50192
        },
        "2011-07": {
            "month": "2011-07",
            "price": "21.31",
            "revenue": 57199
        },
        "2011-08": {
            "month": "2011-08",
            "price": "19.69",
            "revenue": 89857
        },
        "2011-09": {
            "month": "2011-09",
            "price": "18.38",
            "revenue": 85560
        },
        "2011-10": {
            "month": "2011-10",
            "price": "15.86",
            "revenue": 64320
        },
        "2011-11": {
            "month": "2011-11",
            "price": "14.18",
            "revenue": 50604
        },
        "2011-12": {
            "month": "2011-12",
            "price": "11.93",
            "revenue": 56407
        },
        "2012-01": {
            "month": "2012-01",
            "price": "11.77",
            "revenue": 61391
        },
        "2012-02": {
            "month": "2012-02",
            "price": "14.63",
            "revenue": 37993
        },
        "2012-03": {
            "month": "2012-03",
            "price": "14.78",
            "revenue": 70101
        },
        "2012-04": {
            "month": "2012-04",
            "price": "14.43",
            "revenue": 41243
        },
        "2012-05": {
            "month": "2012-05",
            "price": "15.82",
            "revenue": 32339
        },
        "2012-06": {
            "month": "2012-06",
            "price": "14.82",
            "revenue": 64451
        },
        "2012-07": {
            "month": "2012-07",
            "price": "15.02",
            "revenue": 54762
        },
        "2012-08": {
            "month": "2012-08",
            "price": "13.21",
            "revenue": 62055
        },
        "2012-09": {
            "month": "2012-09",
            "price": "12.78",
            "revenue": 66522
        },
        "2012-10": {
            "month": "2012-10",
            "price": "11.49",
            "revenue": 80305
        },
        "2012-11": {
            "month": "2012-11",
            "price": "9.89",
            "revenue": 59054
        },
        "2012-12": {
            "month": "2012-12",
            "price": "10.60",
            "revenue": 46946
        },
        "2013-01": {
            "month": "2013-01",
            "price": "11.12",
            "revenue": 75698
        },
        "2013-02": {
            "month": "2013-02",
            "price": "11.12",
            "revenue": 45983
        },
        "2013-03": {
            "month": "2013-03",
            "price": "10.98",
            "revenue": 82322
        },
        "2013-04": {
            "month": "2013-04",
            "price": "10.68",
            "revenue": 66886
        },
        "2013-05": {
            "month": "2013-05",
            "price": "11.05",
            "revenue": 68477
        },
        "2013-06": {
            "month": "2013-06",
            "price": "11.79",
            "revenue": 47384
        },
        "2013-07": {
            "month": "2013-07",
            "price": "12.03",
            "revenue": 63200
        },
        "2013-08": {
            "month": "2013-08",
            "price": "11.67",
            "revenue": 73337
        },
        "2013-09": {
            "month": "2013-09",
            "price": "11.82",
            "revenue": 74319
        },
        "2013-10": {
            "month": "2013-10",
            "price": "11.91",
            "revenue": 82494
        },
        "2013-11": {
            "month": "2013-11",
            "price": "11.73",
            "revenue": 66260
        },
        "2013-12": {
            "month": "2013-12",
            "price": "11.91",
            "revenue": 80155
        },
        "2014-01": {
            "month": "2014-01",
            "price": "13.07",
            "revenue": 81240
        },
        "2014-02": {
            "month": "2014-02",
            "price": "15.26",
            "revenue": 63596
        },
        "2014-03": {
            "month": "2014-03",
            "price": "16.48",
            "revenue": 81490
        },
        "2014-04": {
            "month": "2014-04",
            "price": "15.05",
            "revenue": 67311
        },
        "2014-05": {
            "month": "2014-05",
            "price": "13.96",
            "revenue": 59067
        },
        "2014-06": {
            "month": "2014-06",
            "price": "14.36",
            "revenue": 43943
        },
        "2014-07": {
            "month": "2014-07",
            "price": "13.98",
            "revenue": 46841
        },
        "2014-08": {
            "month": "2014-08",
            "price": "12.76",
            "revenue": 57580
        },
        "2014-09": {
            "month": "2014-09",
            "price": "12.10",
            "revenue": 57696
        },
        "2014-10": {
            "month": "2014-10",
            "price": "13.08",
            "revenue": 46371
        },
        "2014-11": {
            "month": "2014-11",
            "price": "11.32",
            "revenue": 41391
        },
        "2014-12": {
            "month": "2014-12",
            "price": "11.16",
            "revenue": 45016
        },
        "2015-01": {
            "month": "2015-01",
            "price": "11.01",
            "revenue": 53019
        },
        "2015-02": {
            "month": "2015-02",
            "price": "11.18",
            "revenue": 42466
        },
        "2015-03": {
            "month": "2015-03",
            "price": "12.18",
            "revenue": 97418
        },
        "2015-04": {
            "month": "2015-04",
            "price": "12.78",
            "revenue": 101323
        },
        "2015-05": {
            "month": "2015-05",
            "price": "13.32",
            "revenue": 84262
        },
        "2015-06": {
            "month": "2015-06",
            "price": "13.04",
            "revenue": 81180
        },
        "2015-07": {
            "month": "2015-07",
            "price": "11.55",
            "revenue": 50958
        },
        "2015-08": {
            "month": "2015-08",
            "price": "9.28",
            "revenue": 57238
        },
        "2015-09": {
            "month": "2015-09",
            "price": "8.60",
            "revenue": 53442
        },
        "2015-10": {
            "month": "2015-10",
            "price": "9.03",
            "revenue": 44925
        },
        "2015-11": {
            "month": "2015-11",
            "price": "8.71",
            "revenue": 33098
        },
        "2015-12": {
            "month": "2015-12",
            "price": "8.22",
            "revenue": 25398
        },
        "2016-01": {
            "month": "2016-01",
            "price": "8.03",
            "revenue": 36187
        },
        "2016-02": {
            "month": "2016-02",
            "price": "8.19",
            "revenue": 25384
        },
        "2016-03": {
            "month": "2016-03",
            "price": "8.78",
            "revenue": 40980
        },
        "2016-04": {
            "month": "2016-04",
            "price": "8.59",
            "revenue": 46827
        },
        "2016-05": {
            "month": "2016-05",
            "price": "8.27",
            "revenue": 40083
        },
        "2016-06": {
            "month": "2016-06",
            "price": "8.95",
            "revenue": 35154
        },
        "2016-07": {
            "month": "2016-07",
            "price": "9.48",
            "revenue": 33817
        },
        "2016-08": {
            "month": "2016-08",
            "price": "9.17",
            "revenue": 34561
        },
        "2016-09": {
            "month": "2016-09",
            "price": "9.54",
            "revenue": 45412
        },
        "2016-10": {
            "month": "2016-10",
            "price": "9.54",
            "revenue": 52225
        },
        "2016-11": {
            "month": "2016-11",
            "price": "9.82",
            "revenue": 57504
        },
        "2016-12": {
            "month": "2016-12",
            "price": "14.42",
            "revenue": 48038
        },
        "2017-01": {
            "month": "2017-01",
            "price": "14.08",
            "revenue": 40480
        },
        "2017-02": {
            "month": "2017-02",
            "price": "14.66",
            "revenue": 37705
        },
        "2017-03": {
            "month": "2017-03",
            "price": "15.46",
            "revenue": 62711
        },
        "2017-04": {
            "month": "2017-04",
            "price": "13.71",
            "revenue": 45373
        },
        "2017-05": {
            "month": "2017-05",
            "price": "12.44",
            "revenue": 56689
        },
        "2017-06": {
            "month": "2017-06",
            "price": "13.01",
            "revenue": 39918
        },
        "2017-07": {
            "month": "2017-07",
            "price": "13.85",
            "revenue": 44660
        },
        "2017-08": {
            "month": "2017-08",
            "price": "14.04",
            "revenue": 47199
        },
        "2017-09": {
            "month": "2017-09",
            "price": "14.78",
            "revenue": 35612
        },
        "2017-10": {
            "month": "2017-10",
            "price": "15.14",
            "revenue": 47367
        },
        "2017-11": {
            "month": "2017-11",
            "price": "16.19",
            "revenue": 38643
        },
        "2017-12": {
            "month": "2017-12",
            "price": "15.60",
            "revenue": 48815
        },
        "2018-01": {
            "month": "2018-01",
            "price": "16.28",
            "revenue": 52710
        },
        "2018-02": {
            "month": "2018-02",
            "price": "14.42",
            "revenue": 24638
        },
        "2018-03": {
            "month": "2018-03",
            "price": "14.83",
            "revenue": 65966
        },
        "2018-04": {
            "month": "2018-04",
            "price": "15.71",
            "revenue": 49844
        },
        "2018-05": {
            "month": "2018-05",
            "price": "14.82",
            "revenue": 54033
        },
        "2018-06": {
            "month": "2018-06",
            "price": "15.52",
            "revenue": 45619
        },
        "2018-07": {
            "month": "2018-07",
            "price": "14.72",
            "revenue": 38992
        },
        "2018-08": {
            "month": "2018-08",
            "price": "13.52",
            "revenue": 44406
        },
        "2018-09": {
            "month": "2018-09",
            "price": "13.20",
            "revenue": 43978
        },
        "2018-10": {
            "month": "2018-10",
            "price": "11.82",
            "revenue": 40631
        },
        "2018-11": {
            "month": "2018-11",
            "price": "12.31",
            "revenue": 41311
        },
        "2018-12": {
            "month": "2018-12",
            "price": "12.04",
            "revenue": 48318
        },
        "2019-01": {
            "month": "2019-01",
            "price": "12.81",
            "revenue": 48979
        },
        "2019-02": {
            "month": "2019-02",
            "price": "13.66",
            "revenue": 31032
        },
        "2019-03": {
            "month": "2019-03",
            "price": "14.60",
            "revenue": 44656
        },
        "2019-04": {
            "month": "2019-04",
            "price": "16.84",
            "revenue": 44773
        },
        "2019-05": {
            "month": "2019-05",
            "price": "16.34",
            "revenue": 43764
        },
        "2019-06": {
            "month": "2019-06",
            "price": "16.39",
            "revenue": 35816
        },
        "2019-07": {
            "month": "2019-07",
            "price": "15.93",
            "revenue": 36160
        },
        "2019-08": {
            "month": "2019-08",
            "price": "14.11",
            "revenue": 35488
        },
        "2019-09": {
            "month": "2019-09",
            "price": "14.16",
            "revenue": 77835
        },
        "2019-10": {
            "month": "2019-10",
            "price": "14.16",
            "revenue": 44991
        },
        "2019-11": {
            "month": "2019-11",
            "price": "14.40",
            "revenue": 46963
        },
        "2019-12": {
            "month": "2019-12",
            "price": "14.50",
            "revenue": 313186
        },
        "2020-01": {
            "month": "2020-01",
            "price": "15.74",
            "revenue": 28983
        },
        "2020-02": {
            "month": "2020-02",
            "price": "15.41",
            "revenue": 38705
        },
        "2020-03": {
            "month": "2020-03",
            "price": "12.55",
            "revenue": 106731
        },
        "2020-04": {
            "month": "2020-04",
            "price": "13.74",
            "revenue": 10115
        },
        "2020-05": {
            "month": "2020-05",
            "price": "14.62",
            "revenue": 8724
        },
        "2020-06": {
            "month": "2020-06",
            "price": "14.86",
            "revenue": 9239
        },
        "2020-07": {
            "month": "2020-07",
            "price": "16.09",
            "revenue": 13206
        },
        "2020-08": {
            "month": "2020-08",
            "price": "14.92",
            "revenue": 38456
        },
        "2020-09": {
            "month": "2020-09",
            "price": "14.23",
            "revenue": 27575
        },
        "2020-10": {
            "month": "2020-10",
            "price": "12.72",
            "revenue": 18076
        },
        "2020-11": {
            "month": "2020-11",
            "price": "12.44",
            "revenue": 27311
        },
        "2020-12": {
            "month": "2020-12",
            "price": "12.43",
            "revenue": 30881
        },
        "2021-01": {
            "month": "2021-01",
            "price": "11.84",
            "revenue": 36265
        },
        "2021-02": {
            "month": "2021-02",
            "price": "11.68",
            "revenue": 29225
        },
        "2021-03": {
            "month": "2021-03",
            "price": "12.04",
            "revenue": 50808
        },
        "2021-04": {
            "month": "2021-04",
            "price": "12.67",
            "revenue": 65119
        },
        "2021-05": {
            "month": "2021-05",
            "price": "12.42",
            "revenue": 53212
        },
        "2021-06": {
            "month": "2021-06",
            "price": "13.53",
            "revenue": 28983
        },
        "2021-07": {
            "month": "2021-07",
            "price": "14.15",
            "revenue": 80393
        },
        "2021-08": {
            "month": "2021-08",
            "price": "12.82",
            "revenue": 87362
        },
        "2021-09": {
            "month": "2021-09",
            "price": "13.57",
            "revenue": 82963
        },
        "2021-10": {
            "month": "2021-10",
            "price": "13.75",
            "revenue": 50168
        },
        "2021-11": {
            "month": "2021-11",
            "price": "14.51",
            "revenue": 57285
        },
        "2021-12": {
            "month": "2021-12",
            "price": "14.54",
            "revenue": 84761
        },
        "2022-01": {
            "month": "2022-01",
            "price": "14.03",
            "revenue": 85104
        },
        "2022-02": {
            "month": "2022-02",
            "price": "14.03",
            "revenue": 72928
        },
        "2022-03": {
            "month": "2022-03",
            "price": "13.56",
            "revenue": 99760
        },
        "2022-04": {
            "month": "2022-04",
            "price": "13.42",
            "revenue": 91035
        },
        "2022-05": {
            "month": "2022-05",
            "price": "13.67",
            "revenue": 79014
        },
        "2022-06": {
            "month": "2022-06",
            "price": "13.62",
            "revenue": 72007
        },
        "2022-07": {
            "month": "2022-07",
            "price": "11.98",
            "revenue": 74971
        },
        "2022-08": {
            "month": "2022-08",
            "price": "12.43",
            "revenue": 65324
        },
        "2022-09": {
            "month": "2022-09",
            "price": "11.97",
            "revenue": 67587
        },
        "2022-10": {
            "month": "2022-10",
            "price": "10.66",
            "revenue": 59461
        },
        "2022-11": {
            "month": "2022-11",
            "price": "10.69",
            "revenue": 53140
        },
        "2022-12": {
            "month": "2022-12",
            "price": "10.82",
            "revenue": 67820
        },
        "2023-01": {
            "month": "2023-01",
            "price": "10.43",
            "revenue": 46683
        },
        "2023-02": {
            "month": "2023-02",
            "price": "10.77",
            "revenue": 69676
        },
        "2023-03": {
            "month": "2023-03",
            "price": "11.00",
            "revenue": 51496
        },
        "2023-04": {
            "month": "2023-04",
            "price": "11.73",
            "revenue": 38369
        },
        "2023-05": {
            "month": "2023-05",
            "price": "12.16",
            "revenue": 33886
        },
        "2023-06": {
            "month": "2023-06",
            "price": "12.52",
            "revenue": 31613
        },
        "2023-07": {
            "month": "2023-07",
            "price": "12.73",
            "revenue": 33667
        },
        "2023-08": {
            "month": "2023-08",
            "price": "12.80",
            "revenue": 46353
        },
        "2023-09": {
            "month": "2023-09",
            "price": "13.01",
            "revenue": 38830
        },
        "2023-10": {
            "month": "2023-10",
            "price": "13.67",
            "revenue": 34165
        },
        "2023-11": {
            "month": "2023-11",
            "price": "13.75",
            "revenue": 47389
        },
        "2023-12": {
            "month": "2023-12",
            "price": "13.70",
            "revenue": 45074
        }
    }
}
