{
    "summary": {
        "stock_name": "大立",
        "stock_id": "4716",
        "category": "化工",
        "main_business": "合成樹脂<br>電子化學材料",
        "website_url": "http://www.daily-polymer.com",
        "ceo": "楊文忠",
        "pe_ratio": -30,
        "report_year_from": 2001,
        "report_year_to": 2023,
        "age": 23,
        "eps_negative_percentage": 13,
        "eps_growth_avg": {
            "last_all": 5.09,
            "last_2y": 0,
            "last_4y": -5.6,
            "last_8y": -4.15,
            "last_12y": -8.07,
            "last_16y": -1.43,
            "last_20y": 0.7,
            "at_2006_last_3y": 8.72,
            "at_2007_last_3y": -4.04,
            "at_2008_last_3y": -38.72,
            "at_2009_last_3y": 1.28,
            "at_2010_last_3y": 25.13,
            "at_2011_last_3y": 62.85,
            "at_2012_last_3y": 42.87,
            "at_2013_last_3y": 8.53,
            "at_2014_last_3y": -15.92,
            "at_2015_last_3y": -16.32,
            "at_2016_last_3y": -17.23,
            "at_2017_last_3y": -19.3,
            "at_2018_last_3y": -2.7,
            "at_2019_last_3y": -0.72,
            "at_2020_last_3y": -6.02,
            "at_2021_last_3y": 30.4,
            "at_2022_last_3y": -5.6,
            "at_2023_last_3y": -13.95,
            "at_2024_last_3y": -13.95,
            "at_2006_last_all": 24.67,
            "at_2007_last_all": 3.89,
            "at_2008_last_all": 3.89,
            "at_2009_last_all": 17.62,
            "at_2010_last_all": 24.84,
            "at_2011_last_all": 23.54,
            "at_2012_last_all": 19.48,
            "at_2013_last_all": 14.31,
            "at_2014_last_all": 11.25,
            "at_2015_last_all": 11.28,
            "at_2016_last_all": 8.99,
            "at_2017_last_all": 5.35,
            "at_2018_last_all": 7.77,
            "at_2019_last_all": 8.45,
            "at_2020_last_all": 5.66,
            "at_2021_last_all": 10.62,
            "at_2022_last_all": 5.09,
            "at_2023_last_all": 5.09,
            "at_2024_last_all": 5.09
        },
        "latest_eps": -0.45,
        "latest_price": 13.45,
        "latest_roe": -3.92,
        "latest_gross_margin": 10.18,
        "latest_equity": 1039166,
        "latest_revenue": 143634,
        "latest_gross_profit": 14617,
        "latest_net_income": -10508,
        "latest_debt_ratio": 38.78,
        "latest_current_ratio": 212.94,
        "latest_account_receivable_turnover_ratio": 0.86,
        "latest_inventory_turnover_ratio": 1.08,
        "latest_reinvestment_rate": -44.75,
        "latest_research_to_sale_ratio": 2.3
    },
    "eps_dividends": {
        "1999": {
            "cash": 0,
            "stock": 0.7,
            "eps": 0
        },
        "2000": {
            "cash": 0,
            "stock": 0.85,
            "eps": 0
        },
        "2001": {
            "cash": 0,
            "stock": 0,
            "eps": 0.26
        },
        "2002": {
            "cash": 0.02,
            "stock": 0.15,
            "eps": 0.49
        },
        "2003": {
            "cash": 0.1,
            "stock": 0.4,
            "eps": 0.25
        },
        "2004": {
            "cash": 0,
            "stock": 0.1,
            "eps": 0.65
        },
        "2005": {
            "cash": 0.1,
            "stock": 0.45,
            "eps": 0.52
        },
        "2006": {
            "cash": 0.1,
            "stock": 0.44,
            "eps": 0.54
        },
        "2007": {
            "cash": 0.25,
            "stock": 0,
            "eps": -0.29
        },
        "2008": {
            "cash": 0,
            "stock": 0.1,
            "eps": 0.28
        },
        "2009": {
            "cash": 0.04,
            "stock": 0.2,
            "eps": 0.65
        },
        "2010": {
            "cash": 0.13,
            "stock": 0.4,
            "eps": 1.14
        },
        "2011": {
            "cash": 0.2,
            "stock": 0.8,
            "eps": 1.29
        },
        "2012": {
            "cash": 0.33,
            "stock": 0.7,
            "eps": 1.07
        },
        "2013": {
            "cash": 0.3,
            "stock": 0.55,
            "eps": 0.67
        },
        "2014": {
            "cash": 0.25,
            "stock": 0.25,
            "eps": 0.52
        },
        "2015": {
            "cash": 0.25,
            "stock": 0.25,
            "eps": 0.58
        },
        "2016": {
            "cash": 0.25,
            "stock": 0.25,
            "eps": 0.46
        },
        "2017": {
            "cash": 0.2,
            "stock": 0.15,
            "eps": 0.25
        },
        "2018": {
            "cash": 0.15,
            "stock": 0.1,
            "eps": 0.36
        },
        "2019": {
            "cash": 0.4,
            "stock": 0,
            "eps": 0.43
        },
        "2020": {
            "cash": 0.5,
            "stock": 0,
            "eps": 0.25
        },
        "2021": {
            "cash": 0.24,
            "stock": 0,
            "eps": 3.52
        },
        "2022": {
            "cash": 0.5,
            "stock": 1.5,
            "eps": -0.18
        },
        "2023": {
            "cash": 0,
            "stock": 0,
            "eps": -0.23
        }
    },
    "dividends": {
        "1999-04-20": {
            "cash": 0,
            "stock": 0.7
        },
        "2000-05-18": {
            "cash": 0,
            "stock": 0.85
        },
        "2002-06-17": {
            "cash": 0.02,
            "stock": 0.15
        },
        "2003-06-19": {
            "cash": 0.1,
            "stock": 0.4
        },
        "2004-03-24": {
            "cash": 0,
            "stock": 0.1
        },
        "2005-03-18": {
            "cash": 0.1,
            "stock": 0.45
        },
        "2006-03-17": {
            "cash": 0.1,
            "stock": 0.44
        },
        "2007-03-16": {
            "cash": 0.25,
            "stock": 0
        },
        "2008-03-21": {
            "cash": 0,
            "stock": 0.1
        },
        "2009-03-20": {
            "cash": 0.04,
            "stock": 0.2
        },
        "2010-03-19": {
            "cash": 0.13,
            "stock": 0.4
        },
        "2011-06-17": {
            "cash": 0.2,
            "stock": 0.8
        },
        "2012-06-13": {
            "cash": 0.33,
            "stock": 0.7
        },
        "2013-06-21": {
            "cash": 0.3,
            "stock": 0.55
        },
        "2014-10-03": {
            "cash": 0.25,
            "stock": 0.25
        },
        "2015-10-16": {
            "cash": 0.25,
            "stock": 0.25
        },
        "2016-09-28": {
            "cash": 0.25,
            "stock": 0.25
        },
        "2017-09-29": {
            "cash": 0.2,
            "stock": 0.15
        },
        "2018-09-28": {
            "cash": 0.15,
            "stock": 0.1
        },
        "2019-09-27": {
            "cash": 0.4,
            "stock": 0
        },
        "2020-08-12": {
            "cash": 0.5,
            "stock": 0
        },
        "2021-08-26": {
            "cash": 0.24,
            "stock": 0
        },
        "2022-10-21": {
            "cash": 0.5,
            "stock": 1.5
        }
    },
    "prices": {
        "200101": "9.82",
        "200102": "12.89",
        "200103": "13.02",
        "200104": "16.81",
        "200105": "19.70",
        "200106": "17.40",
        "200107": "14.24",
        "200108": "12.34",
        "200109": "10.39",
        "200110": "9.57",
        "200111": "11.27",
        "200112": "15.55",
        "200201": "21.91",
        "200202": "20.90",
        "200203": "20.23",
        "200204": "21.09",
        "200205": "16.37",
        "200206": "14.89",
        "200207": "12.12",
        "200208": "11.85",
        "200209": "11.91",
        "200210": "10.30",
        "200211": "11.51",
        "200212": "11.02",
        "200301": "12.88",
        "200302": "11.85",
        "200303": "11.04",
        "200304": "11.66",
        "200305": "10.49",
        "200306": "11.76",
        "200307": "12.99",
        "200308": "11.37",
        "200309": "10.61",
        "200310": "10.21",
        "200311": "10.23",
        "200312": "10.17",
        "200401": "10.50",
        "200402": "13.14",
        "200403": "12.83",
        "200404": "12.22",
        "200405": "11.01",
        "200406": "10.62",
        "200407": "9.94",
        "200408": "9.99",
        "200409": "10.92",
        "200410": "11.04",
        "200411": "10.28",
        "200412": "10.28",
        "200501": "10.06",
        "200502": "10.06",
        "200503": "9.59",
        "200504": "10.16",
        "200505": "10.82",
        "200506": "10.26",
        "200507": "10.18",
        "200508": "9.99",
        "200509": "9.41",
        "200510": "8.53",
        "200511": "8.78",
        "200512": "8.57",
        "200601": "8.90",
        "200602": "8.63",
        "200603": "8.79",
        "200604": "9.76",
        "200605": "11.53",
        "200606": "12.66",
        "200607": "15.60",
        "200608": "13.30",
        "200609": "12.52",
        "200610": "15.73",
        "200611": "17.87",
        "200612": "38.13",
        "200701": "49.98",
        "200702": "51.40",
        "200703": "56.28",
        "200704": "54.46",
        "200705": "53.88",
        "200706": "54.10",
        "200707": "53.22",
        "200708": "37.12",
        "200709": "32.81",
        "200710": "33.41",
        "200711": "25.29",
        "200712": "18.84",
        "200801": "17.35",
        "200802": "17.15",
        "200803": "20.32",
        "200804": "24.41",
        "200805": "24.21",
        "200806": "21.32",
        "200807": "16.00",
        "200808": "15.85",
        "200809": "11.31",
        "200810": "8.98",
        "200811": "9.03",
        "200812": "9.01",
        "200901": "12.20",
        "200902": "16.32",
        "200903": "16.14",
        "200904": "18.35",
        "200905": "18.54",
        "200906": "15.74",
        "200907": "17.22",
        "200908": "16.46",
        "200909": "18.01",
        "200910": "22.27",
        "200911": "20.70",
        "200912": "24.90",
        "201001": "29.26",
        "201002": "25.24",
        "201003": "28.19",
        "201004": "37.73",
        "201005": "34.98",
        "201006": "31.78",
        "201007": "35.26",
        "201008": "46.37",
        "201009": "51.00",
        "201010": "41.68",
        "201011": "33.73",
        "201012": "35.35",
        "201101": "32.48",
        "201102": "29.54",
        "201103": "33.15",
        "201104": "33.89",
        "201105": "32.40",
        "201106": "32.99",
        "201107": "30.39",
        "201108": "21.47",
        "201109": "18.78",
        "201110": "17.79",
        "201111": "18.05",
        "201112": "16.05",
        "201201": "16.49",
        "201202": "21.01",
        "201203": "25.34",
        "201204": "21.46",
        "201205": "19.58",
        "201206": "18.03",
        "201207": "18.44",
        "201208": "19.69",
        "201209": "21.51",
        "201210": "19.25",
        "201211": "17.11",
        "201212": "18.24",
        "201301": "18.40",
        "201302": "17.91",
        "201303": "17.79",
        "201304": "18.10",
        "201305": "18.41",
        "201306": "20.80",
        "201307": "20.79",
        "201308": "18.68",
        "201309": "17.94",
        "201310": "18.12",
        "201311": "16.95",
        "201312": "17.07",
        "201401": "17.44",
        "201402": "17.25",
        "201403": "17.85",
        "201404": "17.53",
        "201405": "16.53",
        "201406": "16.29",
        "201407": "16.10",
        "201408": "15.04",
        "201409": "14.25",
        "201410": "13.02",
        "201411": "12.39",
        "201412": "12.72",
        "201501": "13.70",
        "201502": "13.29",
        "201503": "13.72",
        "201504": "13.71",
        "201505": "12.47",
        "201506": "11.40",
        "201507": "11.00",
        "201508": "9.44",
        "201509": "9.35",
        "201510": "10.35",
        "201511": "10.44",
        "201512": "9.29",
        "201601": "8.96",
        "201602": "9.42",
        "201603": "10.31",
        "201604": "10.21",
        "201605": "9.62",
        "201606": "9.75",
        "201607": "10.54",
        "201608": "11.31",
        "201609": "12.96",
        "201610": "11.61",
        "201611": "10.66",
        "201612": "11.55",
        "201701": "11.88",
        "201702": "14.75",
        "201703": "21.96",
        "201704": "23.08",
        "201705": "22.81",
        "201706": "24.30",
        "201707": "23.25",
        "201708": "22.56",
        "201709": "24.74",
        "201710": "24.83",
        "201711": "22.46",
        "201712": "21.05",
        "201801": "22.57",
        "201802": "21.60",
        "201803": "21.35",
        "201804": "21.23",
        "201805": "21.60",
        "201806": "22.18",
        "201807": "22.07",
        "201808": "22.18",
        "201809": "20.59",
        "201810": "20.22",
        "201811": "19.76",
        "201812": "19.65",
        "201901": "18.93",
        "201902": "18.32",
        "201903": "16.54",
        "201904": "15.36",
        "201905": "14.23",
        "201906": "14.56",
        "201907": "14.63",
        "201908": "14.73",
        "201909": "14.41",
        "201910": "14.04",
        "201911": "14.12",
        "201912": "14.20",
        "202001": "16.18",
        "202002": "16.00",
        "202003": "14.60",
        "202004": "14.26",
        "202005": "14.14",
        "202006": "14.19",
        "202007": "14.22",
        "202008": "13.89",
        "202009": "14.48",
        "202010": "14.54",
        "202011": "14.58",
        "202012": "16.43",
        "202101": "15.52",
        "202102": "15.09",
        "202103": "14.71",
        "202104": "16.20",
        "202105": "16.18",
        "202106": "15.75",
        "202107": "15.44",
        "202108": "14.58",
        "202109": "14.16",
        "202110": "14.43",
        "202111": "14.58",
        "202112": "14.95",
        "202201": "15.08",
        "202202": "14.86",
        "202203": "14.62",
        "202204": "16.44",
        "202205": "15.25",
        "202206": "15.21",
        "202207": "14.78",
        "202208": "15.38",
        "202209": "14.48",
        "202210": "12.37",
        "202211": "12.57",
        "202212": "12.63",
        "202301": "12.27",
        "202302": "12.40",
        "202303": "12.58",
        "202304": "12.55",
        "202305": "12.76",
        "202306": "12.96",
        "202307": "13.40",
        "202308": "13.08",
        "202309": "12.69",
        "202310": "12.57",
        "202311": "12.80",
        "202312": "12.89"
    },
    "quarters": {
        "20011": {
            "year_quarter": 20011,
            "year": 2001,
            "quarter": 1,
            "eps": 0.13,
            "eps_growth_year": 550,
            "eps_4q": 0.74,
            "eps_4q_growth_year": -3.65,
            "roe": 1.23,
            "roe_4q": 1.23,
            "gross_profit": 23383,
            "gross_margin": 15.02,
            "gross_margin_4q_avg": 15.02,
            "net_income": 4669,
            "net_income_4q": null,
            "revenue": 155647,
            "revenue_4q": null,
            "common_shares": 349117,
            "book_valuer_per_share": 10.92,
            "book_valuer_per_share_4q_avg": 10.92,
            "equity": 381114,
            "current_ratio": 136.86,
            "debt_ratio": 55.12,
            "inventory_turnover_ratio": 1.84,
            "account_receivable_turnover_ratio": null,
            "reinvestment_rate": null,
            "research_to_sale_ratio": null,
            "price_fair": 0,
            "eps_avg_yearly": 0,
            "eps_latest_yearly": 0,
            "eps_growth_yearly": 0
        },
        "20012": {
            "year_quarter": 20012,
            "year": 2001,
            "quarter": 2,
            "eps": 0.31,
            "eps_growth_year": 29.17,
            "eps_4q": 0.85,
            "eps_4q_growth_year": 40.97,
            "roe": 2.77,
            "roe_4q": 4,
            "gross_profit": 32594,
            "gross_margin": 19,
            "gross_margin_4q_avg": 17.01,
            "net_income": 10708,
            "net_income_4q": null,
            "revenue": 171532,
            "revenue_4q": null,
            "common_shares": 349117,
            "book_valuer_per_share": 11.24,
            "book_valuer_per_share_4q_avg": 11.08,
            "equity": 392242,
            "current_ratio": 133.99,
            "debt_ratio": 55.43,
            "inventory_turnover_ratio": 1.84,
            "account_receivable_turnover_ratio": null,
            "reinvestment_rate": null,
            "research_to_sale_ratio": null,
            "price_fair": 0,
            "eps_avg_yearly": 0,
            "eps_latest_yearly": 0,
            "eps_growth_yearly": 0
        },
        "20013": {
            "year_quarter": 20013,
            "year": 2001,
            "quarter": 3,
            "eps": -0.05,
            "eps_growth_year": -119.23,
            "eps_4q": 0.53,
            "eps_4q_growth_year": -19.49,
            "roe": -0.41,
            "roe_4q": 3.59,
            "gross_profit": 28537,
            "gross_margin": 17.34,
            "gross_margin_4q_avg": 17.12,
            "net_income": -1623,
            "net_income_4q": null,
            "revenue": 164530,
            "revenue_4q": null,
            "common_shares": 349117,
            "book_valuer_per_share": 11.52,
            "book_valuer_per_share_4q_avg": 11.23,
            "equity": 402265,
            "current_ratio": 139.19,
            "debt_ratio": 53.94,
            "inventory_turnover_ratio": 1.73,
            "account_receivable_turnover_ratio": null,
            "reinvestment_rate": null,
            "research_to_sale_ratio": null,
            "price_fair": 0,
            "eps_avg_yearly": 0,
            "eps_latest_yearly": 0,
            "eps_growth_yearly": 0
        },
        "20014": {
            "year_quarter": 20014,
            "year": 2001,
            "quarter": 4,
            "eps": -0.13,
            "eps_growth_year": -192.86,
            "eps_4q": 0.23,
            "eps_4q_growth_year": -64.7,
            "roe": -1.15,
            "roe_4q": 2.4400000000000004,
            "gross_profit": 28806,
            "gross_margin": 17.24,
            "gross_margin_4q_avg": 17.15,
            "net_income": -4938,
            "net_income_4q": null,
            "revenue": 167073,
            "revenue_4q": null,
            "common_shares": 426573,
            "book_valuer_per_share": 10.71,
            "book_valuer_per_share_4q_avg": 11.1,
            "equity": 457048,
            "current_ratio": 148.2,
            "debt_ratio": 45.34,
            "inventory_turnover_ratio": 1.81,
            "account_receivable_turnover_ratio": null,
            "reinvestment_rate": null,
            "research_to_sale_ratio": null,
            "price_fair": 0,
            "eps_avg_yearly": 0,
            "eps_latest_yearly": 0,
            "eps_growth_yearly": 0
        },
        "20021": {
            "year_quarter": 20021,
            "year": 2002,
            "quarter": 1,
            "eps": 0.1,
            "eps_growth_year": -23.08,
            "eps_4q": 0.19,
            "eps_4q_growth_year": -73.91,
            "roe": 0.97,
            "roe_4q": 2.18,
            "gross_profit": 31380,
            "gross_margin": 19.74,
            "gross_margin_4q_avg": 18.33,
            "net_income": 4454,
            "net_income_4q": null,
            "revenue": 158951,
            "revenue_4q": null,
            "common_shares": 426573,
            "book_valuer_per_share": 10.82,
            "book_valuer_per_share_4q_avg": 11.07,
            "equity": 461502,
            "current_ratio": 141.7,
            "debt_ratio": 45.65,
            "inventory_turnover_ratio": 1.71,
            "account_receivable_turnover_ratio": null,
            "reinvestment_rate": null,
            "research_to_sale_ratio": null,
            "price_fair": 0,
            "eps_avg_yearly": 0,
            "eps_latest_yearly": 0,
            "eps_growth_yearly": 0
        },
        "20022": {
            "year_quarter": 20022,
            "year": 2002,
            "quarter": 2,
            "eps": 0.2,
            "eps_growth_year": -35.48,
            "eps_4q": 0.15,
            "eps_4q_growth_year": -82.27,
            "roe": 1.85,
            "roe_4q": 1.2600000000000005,
            "gross_profit": 35266,
            "gross_margin": 17.06,
            "gross_margin_4q_avg": 17.85,
            "net_income": 8607,
            "net_income_4q": null,
            "revenue": 206704,
            "revenue_4q": null,
            "common_shares": 426573,
            "book_valuer_per_share": 10.99,
            "book_valuer_per_share_4q_avg": 11.01,
            "equity": 468917,
            "current_ratio": 138.73,
            "debt_ratio": 47.55,
            "inventory_turnover_ratio": 2.34,
            "account_receivable_turnover_ratio": null,
            "reinvestment_rate": null,
            "research_to_sale_ratio": null,
            "price_fair": 28,
            "eps_avg_yearly": 0.8,
            "eps_latest_yearly": 0.8,
            "eps_growth_yearly": 400
        },
        "20023": {
            "year_quarter": 20023,
            "year": 2002,
            "quarter": 3,
            "eps": 0.15,
            "eps_growth_year": null,
            "eps_4q": 0.33,
            "eps_4q_growth_year": -37.36,
            "roe": 1.4,
            "roe_4q": 3.07,
            "gross_profit": 33232,
            "gross_margin": 15.69,
            "gross_margin_4q_avg": 17.43,
            "net_income": 6623,
            "net_income_4q": null,
            "revenue": 211834,
            "revenue_4q": null,
            "common_shares": 432972,
            "book_valuer_per_share": 10.98,
            "book_valuer_per_share_4q_avg": 10.88,
            "equity": 475540,
            "current_ratio": 160.32,
            "debt_ratio": 48.5,
            "inventory_turnover_ratio": 2.28,
            "account_receivable_turnover_ratio": null,
            "reinvestment_rate": null,
            "research_to_sale_ratio": null,
            "price_fair": 24.5,
            "eps_avg_yearly": 0.7,
            "eps_latest_yearly": 0.6,
            "eps_growth_yearly": 150
        },
        "20024": {
            "year_quarter": 20024,
            "year": 2002,
            "quarter": 4,
            "eps": 0.04,
            "eps_growth_year": null,
            "eps_4q": 0.47,
            "eps_4q_growth_year": 104.87,
            "roe": 0.38,
            "roe_4q": 4.6,
            "gross_profit": 26485,
            "gross_margin": 12.9,
            "gross_margin_4q_avg": 16.35,
            "net_income": 1826,
            "net_income_4q": null,
            "revenue": 205318,
            "revenue_4q": null,
            "common_shares": 432972,
            "book_valuer_per_share": 11.05,
            "book_valuer_per_share_4q_avg": 10.96,
            "equity": 478567,
            "current_ratio": 169.83,
            "debt_ratio": 46.95,
            "inventory_turnover_ratio": 2.07,
            "account_receivable_turnover_ratio": null,
            "reinvestment_rate": 180.46,
            "research_to_sale_ratio": null,
            "price_fair": 6.36,
            "eps_avg_yearly": 0.52,
            "eps_latest_yearly": 0.16,
            "eps_growth_yearly": 2.22
        },
        "20031": {
            "year_quarter": 20031,
            "year": 2003,
            "quarter": 1,
            "eps": -0.04,
            "eps_growth_year": -140,
            "eps_4q": 0.32,
            "eps_4q_growth_year": 64.45,
            "roe": -0.4,
            "roe_4q": 3.23,
            "gross_profit": 20453,
            "gross_margin": 9.69,
            "gross_margin_4q_avg": 13.84,
            "net_income": -1908,
            "net_income_4q": null,
            "revenue": 211001,
            "revenue_4q": null,
            "common_shares": 432972,
            "book_valuer_per_share": 11.01,
            "book_valuer_per_share_4q_avg": 11.01,
            "equity": 476659,
            "current_ratio": 135.43,
            "debt_ratio": 49.59,
            "inventory_turnover_ratio": 1.9,
            "account_receivable_turnover_ratio": null,
            "reinvestment_rate": 197.08,
            "research_to_sale_ratio": null,
            "price_fair": 6.36,
            "eps_avg_yearly": 0.52,
            "eps_latest_yearly": 0.16,
            "eps_growth_yearly": 2.22
        },
        "20032": {
            "year_quarter": 20032,
            "year": 2003,
            "quarter": 2,
            "eps": 0.08,
            "eps_growth_year": -60,
            "eps_4q": 0.23,
            "eps_4q_growth_year": 54.15,
            "roe": 0.72,
            "roe_4q": 2.0999999999999996,
            "gross_profit": 32344,
            "gross_margin": 14,
            "gross_margin_4q_avg": 13.07,
            "net_income": 3424,
            "net_income_4q": null,
            "revenue": 230979,
            "revenue_4q": null,
            "common_shares": 432972,
            "book_valuer_per_share": 10.97,
            "book_valuer_per_share_4q_avg": 11,
            "equity": 474968,
            "current_ratio": 133.88,
            "debt_ratio": 50.82,
            "inventory_turnover_ratio": 1.78,
            "account_receivable_turnover_ratio": null,
            "reinvestment_rate": 211.06,
            "research_to_sale_ratio": null,
            "price_fair": 6.36,
            "eps_avg_yearly": 0.52,
            "eps_latest_yearly": 0.16,
            "eps_growth_yearly": 2.22
        },
        "20033": {
            "year_quarter": 20033,
            "year": 2003,
            "quarter": 3,
            "eps": 0.02,
            "eps_growth_year": -86.67,
            "eps_4q": 0.1,
            "eps_4q_growth_year": -69.93,
            "roe": 0.17,
            "roe_4q": 0.87,
            "gross_profit": 30264,
            "gross_margin": 12.74,
            "gross_margin_4q_avg": 12.33,
            "net_income": 831,
            "net_income_4q": null,
            "revenue": 237470,
            "revenue_4q": null,
            "common_shares": 450291,
            "book_valuer_per_share": 10.57,
            "book_valuer_per_share_4q_avg": 10.9,
            "equity": 475799,
            "current_ratio": 134.28,
            "debt_ratio": 51.2,
            "inventory_turnover_ratio": 1.8,
            "account_receivable_turnover_ratio": null,
            "reinvestment_rate": 216.54,
            "research_to_sale_ratio": null,
            "price_fair": 1.23,
            "eps_avg_yearly": 0.41,
            "eps_latest_yearly": 0.08,
            "eps_growth_yearly": -73.33
        },
        "20034": {
            "year_quarter": 20034,
            "year": 2003,
            "quarter": 4,
            "eps": 0.19,
            "eps_growth_year": 375,
            "eps_4q": 0.24,
            "eps_4q_growth_year": -48.69,
            "roe": 1.83,
            "roe_4q": 2.32,
            "gross_profit": 37082,
            "gross_margin": 14.56,
            "gross_margin_4q_avg": 12.75,
            "net_income": 8610,
            "net_income_4q": null,
            "revenue": 254652,
            "revenue_4q": null,
            "common_shares": 450291,
            "book_valuer_per_share": 10.32,
            "book_valuer_per_share_4q_avg": 10.72,
            "equity": 464625,
            "current_ratio": 129.16,
            "debt_ratio": 53.7,
            "inventory_turnover_ratio": 1.76,
            "account_receivable_turnover_ratio": null,
            "reinvestment_rate": 197.92,
            "research_to_sale_ratio": null,
            "price_fair": 16.8,
            "eps_avg_yearly": 0.48,
            "eps_latest_yearly": 0.76,
            "eps_growth_yearly": 621.33
        },
        "20041": {
            "year_quarter": 20041,
            "year": 2004,
            "quarter": 1,
            "eps": 0.14,
            "eps_growth_year": null,
            "eps_4q": 0.42,
            "eps_4q_growth_year": 33.2,
            "roe": 1.36,
            "roe_4q": 4.08,
            "gross_profit": 35977,
            "gross_margin": 14.87,
            "gross_margin_4q_avg": 14.04,
            "net_income": 6364,
            "net_income_4q": null,
            "revenue": 241864,
            "revenue_4q": null,
            "common_shares": 450291,
            "book_valuer_per_share": 10.46,
            "book_valuer_per_share_4q_avg": 10.58,
            "equity": 470989,
            "current_ratio": 133.19,
            "debt_ratio": 52.8,
            "inventory_turnover_ratio": 1.59,
            "account_receivable_turnover_ratio": null,
            "reinvestment_rate": 171.16,
            "research_to_sale_ratio": null,
            "price_fair": 17.27,
            "eps_avg_yearly": 0.49,
            "eps_latest_yearly": 0.56,
            "eps_growth_yearly": 500.23
        },
        "20042": {
            "year_quarter": 20042,
            "year": 2004,
            "quarter": 2,
            "eps": 0.1,
            "eps_growth_year": 25,
            "eps_4q": 0.44,
            "eps_4q_growth_year": 88,
            "roe": 0.99,
            "roe_4q": 4.35,
            "gross_profit": 36954,
            "gross_margin": 15.75,
            "gross_margin_4q_avg": 14.48,
            "net_income": 4680,
            "net_income_4q": null,
            "revenue": 234638,
            "revenue_4q": null,
            "common_shares": 450291,
            "book_valuer_per_share": 10.56,
            "book_valuer_per_share_4q_avg": 10.48,
            "equity": 475669,
            "current_ratio": 133.73,
            "debt_ratio": 51.94,
            "inventory_turnover_ratio": 1.55,
            "account_receivable_turnover_ratio": null,
            "reinvestment_rate": 113.33,
            "research_to_sale_ratio": null,
            "price_fair": 16.8,
            "eps_avg_yearly": 0.48,
            "eps_latest_yearly": 0.4,
            "eps_growth_yearly": 412.45
        },
        "20043": {
            "year_quarter": 20043,
            "year": 2004,
            "quarter": 3,
            "eps": 0.21,
            "eps_growth_year": 950,
            "eps_4q": 0.64,
            "eps_4q_growth_year": 532.28,
            "roe": 2.02,
            "roe_4q": 6.2,
            "gross_profit": 43180,
            "gross_margin": 14.02,
            "gross_margin_4q_avg": 14.8,
            "net_income": 9711,
            "net_income_4q": null,
            "revenue": 308042,
            "revenue_4q": null,
            "common_shares": 454794,
            "book_valuer_per_share": 10.67,
            "book_valuer_per_share_4q_avg": 10.5,
            "equity": 485380,
            "current_ratio": 130.42,
            "debt_ratio": 54.06,
            "inventory_turnover_ratio": 2,
            "account_receivable_turnover_ratio": null,
            "reinvestment_rate": 57.11,
            "research_to_sale_ratio": null,
            "price_fair": 18.38,
            "eps_avg_yearly": 0.53,
            "eps_latest_yearly": 0.84,
            "eps_growth_yearly": 415.89
        },
        "20044": {
            "year_quarter": 20044,
            "year": 2004,
            "quarter": 4,
            "eps": 0.2,
            "eps_growth_year": 5.26,
            "eps_4q": 0.65,
            "eps_4q_growth_year": 167.91,
            "roe": 1.89,
            "roe_4q": 6.260000000000001,
            "gross_profit": 46846,
            "gross_margin": 15.92,
            "gross_margin_4q_avg": 15.14,
            "net_income": 9270,
            "net_income_4q": null,
            "revenue": 294223,
            "revenue_4q": null,
            "common_shares": 454794,
            "book_valuer_per_share": 10.91,
            "book_valuer_per_share_4q_avg": 10.65,
            "equity": 496030,
            "current_ratio": 135.25,
            "debt_ratio": 53.43,
            "inventory_turnover_ratio": 1.72,
            "account_receivable_turnover_ratio": null,
            "reinvestment_rate": -66.25,
            "research_to_sale_ratio": null,
            "price_fair": 19.44,
            "eps_avg_yearly": 0.56,
            "eps_latest_yearly": 0.8,
            "eps_growth_yearly": 367.56
        },
        "20051": {
            "year_quarter": 20051,
            "year": 2005,
            "quarter": 1,
            "eps": 0.16,
            "eps_growth_year": 14.29,
            "eps_4q": 0.68,
            "eps_4q_growth_year": 61.01,
            "roe": 1.4,
            "roe_4q": 6.300000000000001,
            "gross_profit": 44931,
            "gross_margin": 15.51,
            "gross_margin_4q_avg": 15.3,
            "net_income": 7265,
            "net_income_4q": null,
            "revenue": 289632,
            "revenue_4q": null,
            "common_shares": 454794,
            "book_valuer_per_share": 11.95,
            "book_valuer_per_share_4q_avg": 11.02,
            "equity": 543410,
            "current_ratio": 132.91,
            "debt_ratio": 50.26,
            "inventory_turnover_ratio": 1.53,
            "account_receivable_turnover_ratio": null,
            "reinvestment_rate": -77.81,
            "research_to_sale_ratio": null,
            "price_fair": 19.74,
            "eps_avg_yearly": 0.56,
            "eps_latest_yearly": 0.64,
            "eps_growth_yearly": 322.81
        },
        "20052": {
            "year_quarter": 20052,
            "year": 2005,
            "quarter": 2,
            "eps": 0.07,
            "eps_growth_year": -30,
            "eps_4q": 0.6,
            "eps_4q_growth_year": 38.15,
            "roe": 0.63,
            "roe_4q": 5.9399999999999995,
            "gross_profit": 48302,
            "gross_margin": 16.06,
            "gross_margin_4q_avg": 15.38,
            "net_income": 3436,
            "net_income_4q": null,
            "revenue": 300844,
            "revenue_4q": null,
            "common_shares": 454794,
            "book_valuer_per_share": 12.09,
            "book_valuer_per_share_4q_avg": 11.41,
            "equity": 549629,
            "current_ratio": 132.71,
            "debt_ratio": 49.89,
            "inventory_turnover_ratio": 1.48,
            "account_receivable_turnover_ratio": null,
            "reinvestment_rate": -94.74,
            "research_to_sale_ratio": null,
            "price_fair": 18.84,
            "eps_avg_yearly": 0.54,
            "eps_latest_yearly": 0.28,
            "eps_growth_yearly": 273.01
        },
        "20053": {
            "year_quarter": 20053,
            "year": 2005,
            "quarter": 3,
            "eps": 0.14,
            "eps_growth_year": -33.33,
            "eps_4q": 0.55,
            "eps_4q_growth_year": -13.97,
            "roe": 1.24,
            "roe_4q": 5.16,
            "gross_profit": 46181,
            "gross_margin": 14.84,
            "gross_margin_4q_avg": 15.58,
            "net_income": 6881,
            "net_income_4q": null,
            "revenue": 311208,
            "revenue_4q": null,
            "common_shares": 475260,
            "book_valuer_per_share": 11.74,
            "book_valuer_per_share_4q_avg": 11.67,
            "equity": 558128,
            "current_ratio": 131.89,
            "debt_ratio": 49.79,
            "inventory_turnover_ratio": 1.57,
            "account_receivable_turnover_ratio": null,
            "reinvestment_rate": -84.24,
            "research_to_sale_ratio": null,
            "price_fair": 18.9,
            "eps_avg_yearly": 0.54,
            "eps_latest_yearly": 0.56,
            "eps_growth_yearly": 283.59
        },
        "20054": {
            "year_quarter": 20054,
            "year": 2005,
            "quarter": 4,
            "eps": 0.15,
            "eps_growth_year": -25,
            "eps_4q": 0.53,
            "eps_4q_growth_year": -18.87,
            "roe": 1.24,
            "roe_4q": 4.51,
            "gross_profit": 40279,
            "gross_margin": 14.28,
            "gross_margin_4q_avg": 15.17,
            "net_income": 7022,
            "net_income_4q": null,
            "revenue": 282038,
            "revenue_4q": null,
            "common_shares": 475260,
            "book_valuer_per_share": 11.9,
            "book_valuer_per_share_4q_avg": 11.92,
            "equity": 571347,
            "current_ratio": 148.83,
            "debt_ratio": 46.41,
            "inventory_turnover_ratio": 1.48,
            "account_receivable_turnover_ratio": null,
            "reinvestment_rate": -68.05,
            "research_to_sale_ratio": null,
            "price_fair": 19.06,
            "eps_avg_yearly": 0.54,
            "eps_latest_yearly": 0.6,
            "eps_growth_yearly": 263.97
        },
        "20061": {
            "year_quarter": 20061,
            "year": 2006,
            "quarter": 1,
            "eps": 0.13,
            "eps_growth_year": -18.75,
            "eps_4q": 0.5,
            "eps_4q_growth_year": -26.74,
            "roe": 1.07,
            "roe_4q": 4.18,
            "gross_profit": 41720,
            "gross_margin": 15.63,
            "gross_margin_4q_avg": 15.2,
            "net_income": 6109,
            "net_income_4q": null,
            "revenue": 266839,
            "revenue_4q": null,
            "common_shares": 475260,
            "book_valuer_per_share": 12.01,
            "book_valuer_per_share_4q_avg": 11.94,
            "equity": 570969,
            "current_ratio": 144.4,
            "debt_ratio": 45.38,
            "inventory_turnover_ratio": 1.36,
            "account_receivable_turnover_ratio": null,
            "reinvestment_rate": -70.52,
            "research_to_sale_ratio": null,
            "price_fair": 19,
            "eps_avg_yearly": 0.54,
            "eps_latest_yearly": 0.52,
            "eps_growth_yearly": 241.31
        },
        "20062": {
            "year_quarter": 20062,
            "year": 2006,
            "quarter": 2,
            "eps": 0.17,
            "eps_growth_year": 142.86,
            "eps_4q": 0.56,
            "eps_4q_growth_year": -6.63,
            "roe": 1.51,
            "roe_4q": 5.0600000000000005,
            "gross_profit": 51644,
            "gross_margin": 14.39,
            "gross_margin_4q_avg": 14.79,
            "net_income": 8622,
            "net_income_4q": null,
            "revenue": 358973,
            "revenue_4q": null,
            "common_shares": 475260,
            "book_valuer_per_share": 12.06,
            "book_valuer_per_share_4q_avg": 11.93,
            "equity": 573261,
            "current_ratio": 136.25,
            "debt_ratio": 50.54,
            "inventory_turnover_ratio": 1.66,
            "account_receivable_turnover_ratio": null,
            "reinvestment_rate": -68.2,
            "research_to_sale_ratio": null,
            "price_fair": 18.7,
            "eps_avg_yearly": 0.53,
            "eps_latest_yearly": 0.68,
            "eps_growth_yearly": 221.53
        },
        "20063": {
            "year_quarter": 20063,
            "year": 2006,
            "quarter": 3,
            "eps": 0.15,
            "eps_growth_year": 7.14,
            "eps_4q": 0.58,
            "eps_4q_growth_year": 5.7,
            "roe": 1.32,
            "roe_4q": 5.140000000000001,
            "gross_profit": 50885,
            "gross_margin": 14.36,
            "gross_margin_4q_avg": 14.67,
            "net_income": 7633,
            "net_income_4q": null,
            "revenue": 354257,
            "revenue_4q": null,
            "common_shares": 496171,
            "book_valuer_per_share": 11.69,
            "book_valuer_per_share_4q_avg": 11.92,
            "equity": 579887,
            "current_ratio": 133.49,
            "debt_ratio": 52.33,
            "inventory_turnover_ratio": 1.46,
            "account_receivable_turnover_ratio": null,
            "reinvestment_rate": -63.32,
            "research_to_sale_ratio": null,
            "price_fair": 18.7,
            "eps_avg_yearly": 0.53,
            "eps_latest_yearly": 0.6,
            "eps_growth_yearly": 225.31
        },
        "20064": {
            "year_quarter": 20064,
            "year": 2006,
            "quarter": 4,
            "eps": 0.09,
            "eps_growth_year": -40,
            "eps_4q": 0.52,
            "eps_4q_growth_year": -1.34,
            "roe": 0.81,
            "roe_4q": 4.71,
            "gross_profit": 45278,
            "gross_margin": 14.55,
            "gross_margin_4q_avg": 14.73,
            "net_income": 4697,
            "net_income_4q": null,
            "revenue": 311139,
            "revenue_4q": null,
            "common_shares": 496171,
            "book_valuer_per_share": 11.6,
            "book_valuer_per_share_4q_avg": 11.84,
            "equity": 579076,
            "current_ratio": 140.72,
            "debt_ratio": 51.32,
            "inventory_turnover_ratio": 1.22,
            "account_receivable_turnover_ratio": null,
            "reinvestment_rate": -52.69,
            "research_to_sale_ratio": null,
            "price_fair": 19.2,
            "eps_avg_yearly": 0.55,
            "eps_latest_yearly": 0.36,
            "eps_growth_yearly": 234.83
        },
        "20071": {
            "year_quarter": 20071,
            "year": 2007,
            "quarter": 1,
            "eps": -0.04,
            "eps_growth_year": -130.77,
            "eps_4q": 0.4,
            "eps_4q_growth_year": -19.94,
            "roe": -0.33,
            "roe_4q": 3.31,
            "gross_profit": 38262,
            "gross_margin": 11.94,
            "gross_margin_4q_avg": 13.81,
            "net_income": -1907,
            "net_income_4q": null,
            "revenue": 320368,
            "revenue_4q": null,
            "common_shares": 496171,
            "book_valuer_per_share": 11.56,
            "book_valuer_per_share_4q_avg": 11.73,
            "equity": 573792,
            "current_ratio": 142.39,
            "debt_ratio": 50.79,
            "inventory_turnover_ratio": 1.32,
            "account_receivable_turnover_ratio": null,
            "reinvestment_rate": -64.38,
            "research_to_sale_ratio": null,
            "price_fair": 19.2,
            "eps_avg_yearly": 0.55,
            "eps_latest_yearly": 0.36,
            "eps_growth_yearly": 234.83
        },
        "20072": {
            "year_quarter": 20072,
            "year": 2007,
            "quarter": 2,
            "eps": 0.07,
            "eps_growth_year": -58.82,
            "eps_4q": 0.27,
            "eps_4q_growth_year": -51.73,
            "roe": 0.63,
            "roe_4q": 2.43,
            "gross_profit": 45401,
            "gross_margin": 11.76,
            "gross_margin_4q_avg": 13.15,
            "net_income": 3603,
            "net_income_4q": null,
            "revenue": 385998,
            "revenue_4q": null,
            "common_shares": 496171,
            "book_valuer_per_share": 11.37,
            "book_valuer_per_share_4q_avg": 11.56,
            "equity": 564050,
            "current_ratio": 134.41,
            "debt_ratio": 54.17,
            "inventory_turnover_ratio": 1.68,
            "account_receivable_turnover_ratio": null,
            "reinvestment_rate": -63.56,
            "research_to_sale_ratio": null,
            "price_fair": 19.2,
            "eps_avg_yearly": 0.55,
            "eps_latest_yearly": 0.36,
            "eps_growth_yearly": 234.83
        },
        "20073": {
            "year_quarter": 20073,
            "year": 2007,
            "quarter": 3,
            "eps": 0.01,
            "eps_growth_year": -93.33,
            "eps_4q": 0.13,
            "eps_4q_growth_year": -76.76,
            "roe": 0.05,
            "roe_4q": 1.1600000000000001,
            "gross_profit": 48245,
            "gross_margin": 13.7,
            "gross_margin_4q_avg": 12.99,
            "net_income": 267,
            "net_income_4q": null,
            "revenue": 352204,
            "revenue_4q": null,
            "common_shares": 496171,
            "book_valuer_per_share": 11.63,
            "book_valuer_per_share_4q_avg": 11.54,
            "equity": 576939,
            "current_ratio": 197.36,
            "debt_ratio": 56.24,
            "inventory_turnover_ratio": 1.47,
            "account_receivable_turnover_ratio": null,
            "reinvestment_rate": -62.22,
            "research_to_sale_ratio": null,
            "price_fair": 19.1,
            "eps_avg_yearly": 0.55,
            "eps_latest_yearly": 0.04,
            "eps_growth_yearly": 231.77
        },
        "20074": {
            "year_quarter": 20074,
            "year": 2007,
            "quarter": 4,
            "eps": -0.33,
            "eps_growth_year": -466.67,
            "eps_4q": -0.24,
            "eps_4q_growth_year": -146.38,
            "roe": -2.78,
            "roe_4q": -2.43,
            "gross_profit": 50556,
            "gross_margin": 11.85,
            "gross_margin_4q_avg": 12.31,
            "net_income": -16626,
            "net_income_4q": null,
            "revenue": 426715,
            "revenue_4q": null,
            "common_shares": 521171,
            "book_valuer_per_share": 11.87,
            "book_valuer_per_share_4q_avg": 11.61,
            "equity": 618975,
            "current_ratio": 263.5,
            "debt_ratio": 50.1,
            "inventory_turnover_ratio": 1.8,
            "account_receivable_turnover_ratio": null,
            "reinvestment_rate": -82.07,
            "research_to_sale_ratio": null,
            "price_fair": 1.59,
            "eps_avg_yearly": 0.53,
            "eps_latest_yearly": 0.04,
            "eps_growth_yearly": -11.94
        },
        "20081": {
            "year_quarter": 20081,
            "year": 2008,
            "quarter": 1,
            "eps": 0,
            "eps_growth_year": null,
            "eps_4q": -0.24,
            "eps_4q_growth_year": -160.13,
            "roe": 0.04,
            "roe_4q": -2.06,
            "gross_profit": 39333,
            "gross_margin": 11.94,
            "gross_margin_4q_avg": 12.31,
            "net_income": 237,
            "net_income_4q": null,
            "revenue": 329364,
            "revenue_4q": null,
            "common_shares": 521171,
            "book_valuer_per_share": 11.87,
            "book_valuer_per_share_4q_avg": 11.69,
            "equity": 619118,
            "current_ratio": 269.69,
            "debt_ratio": 48.24,
            "inventory_turnover_ratio": 1.36,
            "account_receivable_turnover_ratio": null,
            "reinvestment_rate": -94.85,
            "research_to_sale_ratio": null,
            "price_fair": 1.58,
            "eps_avg_yearly": 0.53,
            "eps_latest_yearly": 0.04,
            "eps_growth_yearly": -4.16
        },
        "20082": {
            "year_quarter": 20082,
            "year": 2008,
            "quarter": 2,
            "eps": 0.09,
            "eps_growth_year": 28.57,
            "eps_4q": -0.24,
            "eps_4q_growth_year": -187.15,
            "roe": 0.71,
            "roe_4q": -1.9799999999999998,
            "gross_profit": 47185,
            "gross_margin": 10.69,
            "gross_margin_4q_avg": 12.05,
            "net_income": 4419,
            "net_income_4q": null,
            "revenue": 441297,
            "revenue_4q": null,
            "common_shares": 521171,
            "book_valuer_per_share": 11.96,
            "book_valuer_per_share_4q_avg": 11.83,
            "equity": 623608,
            "current_ratio": 230.47,
            "debt_ratio": 50.65,
            "inventory_turnover_ratio": 1.82,
            "account_receivable_turnover_ratio": null,
            "reinvestment_rate": -100.69,
            "research_to_sale_ratio": null,
            "price_fair": 8.53,
            "eps_avg_yearly": 0.54,
            "eps_latest_yearly": 0.04,
            "eps_growth_yearly": 5.85
        },
        "20083": {
            "year_quarter": 20083,
            "year": 2008,
            "quarter": 3,
            "eps": 0.2,
            "eps_growth_year": 1900,
            "eps_4q": -0.03,
            "eps_4q_growth_year": -121.89,
            "roe": 1.65,
            "roe_4q": -0.3799999999999999,
            "gross_profit": 48435,
            "gross_margin": 14.08,
            "gross_margin_4q_avg": 12.14,
            "net_income": 10400,
            "net_income_4q": null,
            "revenue": 343924,
            "revenue_4q": null,
            "common_shares": 526383,
            "book_valuer_per_share": 12.05,
            "book_valuer_per_share_4q_avg": 11.94,
            "equity": 634616,
            "current_ratio": 238.31,
            "debt_ratio": 49.35,
            "inventory_turnover_ratio": 1.35,
            "account_receivable_turnover_ratio": null,
            "reinvestment_rate": -109.84,
            "research_to_sale_ratio": null,
            "price_fair": 10.85,
            "eps_avg_yearly": 0.53,
            "eps_latest_yearly": 0.8,
            "eps_growth_yearly": 10.29
        },
        "20084": {
            "year_quarter": 20084,
            "year": 2008,
            "quarter": 4,
            "eps": -0.01,
            "eps_growth_year": null,
            "eps_4q": 0.27,
            "eps_4q_growth_year": null,
            "roe": -0.1,
            "roe_4q": 2.3,
            "gross_profit": 37201,
            "gross_margin": 14.39,
            "gross_margin_4q_avg": 12.78,
            "net_income": -636,
            "net_income_4q": null,
            "revenue": 258574,
            "revenue_4q": null,
            "common_shares": 526383,
            "book_valuer_per_share": 12.19,
            "book_valuer_per_share_4q_avg": 12.02,
            "equity": 642058,
            "current_ratio": 177.69,
            "debt_ratio": 42.97,
            "inventory_turnover_ratio": 1.11,
            "account_receivable_turnover_ratio": 1.59,
            "reinvestment_rate": -133.74,
            "research_to_sale_ratio": null,
            "price_fair": 11.8,
            "eps_avg_yearly": 0.51,
            "eps_latest_yearly": 0.8,
            "eps_growth_yearly": 13.23
        },
        "20091": {
            "year_quarter": 20091,
            "year": 2009,
            "quarter": 1,
            "eps": 0.02,
            "eps_growth_year": null,
            "eps_4q": 0.31,
            "eps_4q_growth_year": null,
            "roe": 0.15,
            "roe_4q": 2.41,
            "gross_profit": 34428,
            "gross_margin": 16.84,
            "gross_margin_4q_avg": 14,
            "net_income": 977,
            "net_income_4q": null,
            "revenue": 204490,
            "revenue_4q": null,
            "common_shares": 526383,
            "book_valuer_per_share": 12.21,
            "book_valuer_per_share_4q_avg": 12.1,
            "equity": 643278,
            "current_ratio": 175.63,
            "debt_ratio": 43.18,
            "inventory_turnover_ratio": 1.04,
            "account_receivable_turnover_ratio": 0.72,
            "reinvestment_rate": -151.43,
            "research_to_sale_ratio": null,
            "price_fair": 16.57,
            "eps_avg_yearly": 0.49,
            "eps_latest_yearly": 0.8,
            "eps_growth_yearly": 23.59
        },
        "20092": {
            "year_quarter": 20092,
            "year": 2009,
            "quarter": 2,
            "eps": 0.21,
            "eps_growth_year": 133.33,
            "eps_4q": 0.41,
            "eps_4q_growth_year": null,
            "roe": 1.74,
            "roe_4q": 3.4399999999999995,
            "gross_profit": 54531,
            "gross_margin": 17.99,
            "gross_margin_4q_avg": 15.83,
            "net_income": 11287,
            "net_income_4q": null,
            "revenue": 303158,
            "revenue_4q": null,
            "common_shares": 526383,
            "book_valuer_per_share": 12.44,
            "book_valuer_per_share_4q_avg": 12.22,
            "equity": 655480,
            "current_ratio": 173.91,
            "debt_ratio": 43.91,
            "inventory_turnover_ratio": 1.64,
            "account_receivable_turnover_ratio": 1.05,
            "reinvestment_rate": -123.86,
            "research_to_sale_ratio": null,
            "price_fair": 19.44,
            "eps_avg_yearly": 0.56,
            "eps_latest_yearly": 0.84,
            "eps_growth_yearly": 470.81
        },
        "20093": {
            "year_quarter": 20093,
            "year": 2009,
            "quarter": 3,
            "eps": 0.18,
            "eps_growth_year": -10,
            "eps_4q": 0.39,
            "eps_4q_growth_year": null,
            "roe": 1.48,
            "roe_4q": 3.2699999999999996,
            "gross_profit": 57430,
            "gross_margin": 19.66,
            "gross_margin_4q_avg": 17.22,
            "net_income": 9783,
            "net_income_4q": null,
            "revenue": 292157,
            "revenue_4q": null,
            "common_shares": 536911,
            "book_valuer_per_share": 12.38,
            "book_valuer_per_share_4q_avg": 12.31,
            "equity": 665138,
            "current_ratio": 212.88,
            "debt_ratio": 38.48,
            "inventory_turnover_ratio": 1.51,
            "account_receivable_turnover_ratio": 0.88,
            "reinvestment_rate": -110.59,
            "research_to_sale_ratio": null,
            "price_fair": 20.07,
            "eps_avg_yearly": 0.57,
            "eps_latest_yearly": 0.72,
            "eps_growth_yearly": 420.02
        },
        "20094": {
            "year_quarter": 20094,
            "year": 2009,
            "quarter": 4,
            "eps": 0.24,
            "eps_growth_year": null,
            "eps_4q": 0.65,
            "eps_4q_growth_year": 139.14,
            "roe": 1.89,
            "roe_4q": 5.260000000000001,
            "gross_profit": 54761,
            "gross_margin": 17.48,
            "gross_margin_4q_avg": 17.99,
            "net_income": 12670,
            "net_income_4q": null,
            "revenue": 313254,
            "revenue_4q": null,
            "common_shares": 536911,
            "book_valuer_per_share": 12.55,
            "book_valuer_per_share_4q_avg": 12.4,
            "equity": 673989,
            "current_ratio": 232.79,
            "debt_ratio": 37.33,
            "inventory_turnover_ratio": 1.71,
            "account_receivable_turnover_ratio": 1.85,
            "reinvestment_rate": -86.81,
            "research_to_sale_ratio": null,
            "price_fair": 21.47,
            "eps_avg_yearly": 0.61,
            "eps_latest_yearly": 0.96,
            "eps_growth_yearly": 431.66
        },
        "20101": {
            "year_quarter": 20101,
            "year": 2010,
            "quarter": 1,
            "eps": 0.2,
            "eps_growth_year": 900,
            "eps_4q": 0.82,
            "eps_4q_growth_year": 164.99,
            "roe": 1.54,
            "roe_4q": 6.65,
            "gross_profit": 45869,
            "gross_margin": 16.25,
            "gross_margin_4q_avg": 17.85,
            "net_income": 10483,
            "net_income_4q": null,
            "revenue": 282318,
            "revenue_4q": null,
            "common_shares": 536911,
            "book_valuer_per_share": 12.74,
            "book_valuer_per_share_4q_avg": 12.53,
            "equity": 684428,
            "current_ratio": 226.1,
            "debt_ratio": 38.09,
            "inventory_turnover_ratio": 1.54,
            "account_receivable_turnover_ratio": 0.86,
            "reinvestment_rate": -77.04,
            "research_to_sale_ratio": 2.83,
            "price_fair": 22.56,
            "eps_avg_yearly": 0.64,
            "eps_latest_yearly": 0.8,
            "eps_growth_yearly": 430.17
        },
        "20102": {
            "year_quarter": 20102,
            "year": 2010,
            "quarter": 2,
            "eps": 0.4,
            "eps_growth_year": 89.93,
            "eps_4q": 0.99,
            "eps_4q_growth_year": 141.46,
            "roe": 3.22,
            "roe_4q": 8.129999999999999,
            "gross_profit": 62626,
            "gross_margin": 18.24,
            "gross_margin_4q_avg": 17.91,
            "net_income": 22272,
            "net_income_4q": null,
            "revenue": 343371,
            "revenue_4q": null,
            "common_shares": 536911,
            "book_valuer_per_share": 13.03,
            "book_valuer_per_share_4q_avg": 12.68,
            "equity": 699848,
            "current_ratio": 237.7,
            "debt_ratio": 36.87,
            "inventory_turnover_ratio": 1.67,
            "account_receivable_turnover_ratio": 0.99,
            "reinvestment_rate": -60.98,
            "research_to_sale_ratio": 2.56,
            "price_fair": 26.13,
            "eps_avg_yearly": 0.75,
            "eps_latest_yearly": 1.6,
            "eps_growth_yearly": 460.94
        },
        "20103": {
            "year_quarter": 20103,
            "year": 2010,
            "quarter": 3,
            "eps": 0.39,
            "eps_growth_year": 117.7,
            "eps_4q": 1.21,
            "eps_4q_growth_year": 206.21,
            "roe": 3.08,
            "roe_4q": 9.73,
            "gross_profit": 70075,
            "gross_margin": 19.96,
            "gross_margin_4q_avg": 17.98,
            "net_income": 21881,
            "net_income_4q": null,
            "revenue": 351007,
            "revenue_4q": null,
            "common_shares": 558387,
            "book_valuer_per_share": 12.92,
            "book_valuer_per_share_4q_avg": 12.81,
            "equity": 721553,
            "current_ratio": 225.99,
            "debt_ratio": 38.08,
            "inventory_turnover_ratio": 1.65,
            "account_receivable_turnover_ratio": 0.94,
            "reinvestment_rate": -48.55,
            "research_to_sale_ratio": 2.51,
            "price_fair": 29.87,
            "eps_avg_yearly": 0.85,
            "eps_latest_yearly": 1.56,
            "eps_growth_yearly": 465.06
        },
        "20104": {
            "year_quarter": 20104,
            "year": 2010,
            "quarter": 4,
            "eps": 0.15,
            "eps_growth_year": -36.86,
            "eps_4q": 1.13,
            "eps_4q_growth_year": 74.52,
            "roe": 1.17,
            "roe_4q": 9.010000000000002,
            "gross_profit": 58432,
            "gross_margin": 16.32,
            "gross_margin_4q_avg": 17.69,
            "net_income": 8462,
            "net_income_4q": null,
            "revenue": 358146,
            "revenue_4q": null,
            "common_shares": 558387,
            "book_valuer_per_share": 13.02,
            "book_valuer_per_share_4q_avg": 12.93,
            "equity": 727380,
            "current_ratio": 232.87,
            "debt_ratio": 37.66,
            "inventory_turnover_ratio": 1.69,
            "account_receivable_turnover_ratio": 0.97,
            "reinvestment_rate": -47.67,
            "research_to_sale_ratio": 2.61,
            "price_fair": 30.8,
            "eps_avg_yearly": 0.88,
            "eps_latest_yearly": 0.6,
            "eps_growth_yearly": 455.49
        },
        "20111": {
            "year_quarter": 20111,
            "year": 2011,
            "quarter": 1,
            "eps": 0.35,
            "eps_growth_year": 75,
            "eps_4q": 1.3,
            "eps_4q_growth_year": 57.3,
            "roe": 2.69,
            "roe_4q": 10.16,
            "gross_profit": 54885,
            "gross_margin": 16.14,
            "gross_margin_4q_avg": 17.67,
            "net_income": 19809,
            "net_income_4q": null,
            "revenue": 339993,
            "revenue_4q": null,
            "common_shares": 558387,
            "book_valuer_per_share": 13.38,
            "book_valuer_per_share_4q_avg": 13.09,
            "equity": 747515,
            "current_ratio": 235.55,
            "debt_ratio": 37.18,
            "inventory_turnover_ratio": 1.53,
            "account_receivable_turnover_ratio": 0.91,
            "reinvestment_rate": -34.98,
            "research_to_sale_ratio": 2.76,
            "price_fair": 32.62,
            "eps_avg_yearly": 0.93,
            "eps_latest_yearly": 1.4,
            "eps_growth_yearly": 463.27
        },
        "20112": {
            "year_quarter": 20112,
            "year": 2011,
            "quarter": 2,
            "eps": 0.36,
            "eps_growth_year": -8.99,
            "eps_4q": 1.19,
            "eps_4q_growth_year": 20.73,
            "roe": 2.91,
            "roe_4q": 9.85,
            "gross_profit": 65184,
            "gross_margin": 20.01,
            "gross_margin_4q_avg": 18.11,
            "net_income": 21890,
            "net_income_4q": null,
            "revenue": 325832,
            "revenue_4q": null,
            "common_shares": 558387,
            "book_valuer_per_share": 13.57,
            "book_valuer_per_share_4q_avg": 13.22,
            "equity": 757923,
            "current_ratio": 248.04,
            "debt_ratio": 36.33,
            "inventory_turnover_ratio": 1.21,
            "account_receivable_turnover_ratio": 0.84,
            "reinvestment_rate": -21.3,
            "research_to_sale_ratio": 3.37,
            "price_fair": 34.24,
            "eps_avg_yearly": 0.98,
            "eps_latest_yearly": 1.44,
            "eps_growth_yearly": 422.2
        },
        "20113": {
            "year_quarter": 20113,
            "year": 2011,
            "quarter": 3,
            "eps": 0.37,
            "eps_growth_year": -4.74,
            "eps_4q": 1.21,
            "eps_4q_growth_year": -0.09,
            "roe": 2.92,
            "roe_4q": 9.69,
            "gross_profit": 61420,
            "gross_margin": 16.51,
            "gross_margin_4q_avg": 17.25,
            "net_income": 22512,
            "net_income_4q": null,
            "revenue": 371941,
            "revenue_4q": null,
            "common_shares": 603058,
            "book_valuer_per_share": 12.95,
            "book_valuer_per_share_4q_avg": 13.23,
            "equity": 781375,
            "current_ratio": 255.44,
            "debt_ratio": 35.68,
            "inventory_turnover_ratio": 1.39,
            "account_receivable_turnover_ratio": 0.92,
            "reinvestment_rate": -14.87,
            "research_to_sale_ratio": 2.77,
            "price_fair": 38.82,
            "eps_avg_yearly": 1.11,
            "eps_latest_yearly": 1.48,
            "eps_growth_yearly": 454.38
        },
        "20114": {
            "year_quarter": 20114,
            "year": 2011,
            "quarter": 4,
            "eps": 0.21,
            "eps_growth_year": 37.25,
            "eps_4q": 1.27,
            "eps_4q_growth_year": 12.63,
            "roe": 1.6,
            "roe_4q": 10.12,
            "gross_profit": 51835,
            "gross_margin": 16.82,
            "gross_margin_4q_avg": 17.37,
            "net_income": 12543,
            "net_income_4q": null,
            "revenue": 308149,
            "revenue_4q": null,
            "common_shares": 603058,
            "book_valuer_per_share": 13.05,
            "book_valuer_per_share_4q_avg": 13.24,
            "equity": 787267,
            "current_ratio": 268.11,
            "debt_ratio": 34.67,
            "inventory_turnover_ratio": 1.17,
            "account_receivable_turnover_ratio": 0.77,
            "reinvestment_rate": -7.47,
            "research_to_sale_ratio": 3.35,
            "price_fair": 38.03,
            "eps_avg_yearly": 1.09,
            "eps_latest_yearly": 0.84,
            "eps_growth_yearly": 402.1
        },
        "20121": {
            "year_quarter": 20121,
            "year": 2012,
            "quarter": 1,
            "eps": 0.28,
            "eps_growth_year": -20,
            "eps_4q": 1.22,
            "eps_4q_growth_year": -5.92,
            "roe": 2.09,
            "roe_4q": 9.52,
            "gross_profit": 64211,
            "gross_margin": 17.87,
            "gross_margin_4q_avg": 17.8,
            "net_income": 16644,
            "net_income_4q": null,
            "revenue": 359399,
            "revenue_4q": null,
            "common_shares": 603058,
            "book_valuer_per_share": 13.32,
            "book_valuer_per_share_4q_avg": 13.22,
            "equity": 803416,
            "current_ratio": 252.53,
            "debt_ratio": 35.9,
            "inventory_turnover_ratio": 1.43,
            "account_receivable_turnover_ratio": 0.9,
            "reinvestment_rate": 1.12,
            "research_to_sale_ratio": 2.99,
            "price_fair": 38.12,
            "eps_avg_yearly": 1.09,
            "eps_latest_yearly": 1.12,
            "eps_growth_yearly": 381.42
        },
        "20122": {
            "year_quarter": 20122,
            "year": 2012,
            "quarter": 2,
            "eps": 0.23,
            "eps_growth_year": -35.78,
            "eps_4q": 1.03,
            "eps_4q_growth_year": -13.42,
            "roe": 1.88,
            "roe_4q": 8.49,
            "gross_profit": 56063,
            "gross_margin": 17.29,
            "gross_margin_4q_avg": 17.12,
            "net_income": 15041,
            "net_income_4q": null,
            "revenue": 324343,
            "revenue_4q": null,
            "common_shares": 603058,
            "book_valuer_per_share": 13.24,
            "book_valuer_per_share_4q_avg": 13.14,
            "equity": 798652,
            "current_ratio": 273.77,
            "debt_ratio": 33.21,
            "inventory_turnover_ratio": 1.45,
            "account_receivable_turnover_ratio": 0.79,
            "reinvestment_rate": 3.42,
            "research_to_sale_ratio": 2.91,
            "price_fair": 37.7,
            "eps_avg_yearly": 1.08,
            "eps_latest_yearly": 0.92,
            "eps_growth_yearly": 349.08
        },
        "20123": {
            "year_quarter": 20123,
            "year": 2012,
            "quarter": 3,
            "eps": 0.36,
            "eps_growth_year": -3.24,
            "eps_4q": 1.05,
            "eps_4q_growth_year": -13.15,
            "roe": 2.88,
            "roe_4q": 8.45,
            "gross_profit": 75711,
            "gross_margin": 19.71,
            "gross_margin_4q_avg": 17.92,
            "net_income": 23308,
            "net_income_4q": null,
            "revenue": 384167,
            "revenue_4q": null,
            "common_shares": 645272,
            "book_valuer_per_share": 12.73,
            "book_valuer_per_share_4q_avg": 13.09,
            "equity": 821776,
            "current_ratio": 278.84,
            "debt_ratio": 33.19,
            "inventory_turnover_ratio": 1.68,
            "account_receivable_turnover_ratio": 0.91,
            "reinvestment_rate": 3.92,
            "research_to_sale_ratio": 3.04,
            "price_fair": 39.3,
            "eps_avg_yearly": 1.12,
            "eps_latest_yearly": 1.44,
            "eps_growth_yearly": 330.3
        },
        "20124": {
            "year_quarter": 20124,
            "year": 2012,
            "quarter": 4,
            "eps": 0.2,
            "eps_growth_year": -6.02,
            "eps_4q": 1.05,
            "eps_4q_growth_year": -17.68,
            "roe": 1.53,
            "roe_4q": 8.379999999999999,
            "gross_profit": 61273,
            "gross_margin": 17.7,
            "gross_margin_4q_avg": 18.14,
            "net_income": 12613,
            "net_income_4q": null,
            "revenue": 346226,
            "revenue_4q": null,
            "common_shares": 645272,
            "book_valuer_per_share": 12.84,
            "book_valuer_per_share_4q_avg": 13.03,
            "equity": 828887,
            "current_ratio": 291.72,
            "debt_ratio": 32.54,
            "inventory_turnover_ratio": 1.47,
            "account_receivable_turnover_ratio": 0.82,
            "reinvestment_rate": 8.45,
            "research_to_sale_ratio": 3.05,
            "price_fair": 38.55,
            "eps_avg_yearly": 1.1,
            "eps_latest_yearly": 0.8,
            "eps_growth_yearly": 296.43
        },
        "20131": {
            "year_quarter": 20131,
            "year": 2013,
            "quarter": 1,
            "eps": 0.21,
            "eps_growth_year": -25,
            "eps_4q": 1,
            "eps_4q_growth_year": -18.32,
            "roe": 1.61,
            "roe_4q": 7.8999999999999995,
            "gross_profit": 52048,
            "gross_margin": 16.14,
            "gross_margin_4q_avg": 17.71,
            "net_income": 13351,
            "net_income_4q": null,
            "revenue": 322398,
            "revenue_4q": null,
            "common_shares": 645272,
            "book_valuer_per_share": 12.84,
            "book_valuer_per_share_4q_avg": 12.91,
            "equity": 828872,
            "current_ratio": 289.4,
            "debt_ratio": 33.11,
            "inventory_turnover_ratio": 1.37,
            "account_receivable_turnover_ratio": 0.8,
            "reinvestment_rate": 5.79,
            "research_to_sale_ratio": 3.09,
            "price_fair": 37.98,
            "eps_avg_yearly": 1.09,
            "eps_latest_yearly": 0.84,
            "eps_growth_yearly": 279.16
        },
        "20132": {
            "year_quarter": 20132,
            "year": 2013,
            "quarter": 2,
            "eps": 0.18,
            "eps_growth_year": -22.78,
            "eps_4q": 0.9,
            "eps_4q_growth_year": -12.56,
            "roe": 1.49,
            "roe_4q": 7.51,
            "gross_profit": 57998,
            "gross_margin": 16.93,
            "gross_margin_4q_avg": 17.62,
            "net_income": 12295,
            "net_income_4q": null,
            "revenue": 342629,
            "revenue_4q": null,
            "common_shares": 645272,
            "book_valuer_per_share": 12.72,
            "book_valuer_per_share_4q_avg": 12.78,
            "equity": 821161,
            "current_ratio": 302.54,
            "debt_ratio": 32,
            "inventory_turnover_ratio": 1.52,
            "account_receivable_turnover_ratio": 0.86,
            "reinvestment_rate": 8.11,
            "research_to_sale_ratio": 2.75,
            "price_fair": 37.71,
            "eps_avg_yearly": 1.08,
            "eps_latest_yearly": 0.72,
            "eps_growth_yearly": 38.08
        },
        "20133": {
            "year_quarter": 20133,
            "year": 2013,
            "quarter": 3,
            "eps": 0.15,
            "eps_growth_year": -58.47,
            "eps_4q": 0.71,
            "eps_4q_growth_year": -31.74,
            "roe": 1.26,
            "roe_4q": 5.890000000000001,
            "gross_profit": 63474,
            "gross_margin": 17.25,
            "gross_margin_4q_avg": 17.01,
            "net_income": 10373,
            "net_income_4q": null,
            "revenue": 368042,
            "revenue_4q": null,
            "common_shares": 680762,
            "book_valuer_per_share": 12.2,
            "book_valuer_per_share_4q_avg": 12.65,
            "equity": 831144,
            "current_ratio": 319.26,
            "debt_ratio": 30.99,
            "inventory_turnover_ratio": 1.64,
            "account_receivable_turnover_ratio": 0.93,
            "reinvestment_rate": 7.73,
            "research_to_sale_ratio": 2.66,
            "price_fair": 37.45,
            "eps_avg_yearly": 1.07,
            "eps_latest_yearly": 0.6,
            "eps_growth_yearly": 37.49
        },
        "20134": {
            "year_quarter": 20134,
            "year": 2013,
            "quarter": 4,
            "eps": 0.13,
            "eps_growth_year": -31.3,
            "eps_4q": 0.66,
            "eps_4q_growth_year": -36.68,
            "roe": 1.1,
            "roe_4q": 5.460000000000001,
            "gross_profit": 52400,
            "gross_margin": 15.87,
            "gross_margin_4q_avg": 16.55,
            "net_income": 9142,
            "net_income_4q": null,
            "revenue": 330203,
            "revenue_4q": null,
            "common_shares": 680762,
            "book_valuer_per_share": 12.29,
            "book_valuer_per_share_4q_avg": 12.51,
            "equity": 837315,
            "current_ratio": 341.23,
            "debt_ratio": 30.06,
            "inventory_turnover_ratio": 1.48,
            "account_receivable_turnover_ratio": 0.87,
            "reinvestment_rate": 7.43,
            "research_to_sale_ratio": 3.18,
            "price_fair": 36.49,
            "eps_avg_yearly": 1.04,
            "eps_latest_yearly": 0.52,
            "eps_growth_yearly": 25.82
        },
        "20141": {
            "year_quarter": 20141,
            "year": 2014,
            "quarter": 1,
            "eps": 0.12,
            "eps_growth_year": -42.86,
            "eps_4q": 0.59,
            "eps_4q_growth_year": -40.69,
            "roe": 1,
            "roe_4q": 4.8500000000000005,
            "gross_profit": 47092,
            "gross_margin": 15.54,
            "gross_margin_4q_avg": 16.4,
            "net_income": 8434,
            "net_income_4q": null,
            "revenue": 302954,
            "revenue_4q": null,
            "common_shares": 680762,
            "book_valuer_per_share": 12.42,
            "book_valuer_per_share_4q_avg": 12.41,
            "equity": 845637,
            "current_ratio": 354.19,
            "debt_ratio": 29.45,
            "inventory_turnover_ratio": 1.37,
            "account_receivable_turnover_ratio": 0.86,
            "reinvestment_rate": 8.78,
            "research_to_sale_ratio": 3.01,
            "price_fair": 35.79,
            "eps_avg_yearly": 1.02,
            "eps_latest_yearly": 0.48,
            "eps_growth_yearly": 28.07
        },
        "20142": {
            "year_quarter": 20142,
            "year": 2014,
            "quarter": 2,
            "eps": 0.06,
            "eps_growth_year": -66.67,
            "eps_4q": 0.46,
            "eps_4q_growth_year": -48.84,
            "roe": 0.52,
            "roe_4q": 3.88,
            "gross_profit": 54397,
            "gross_margin": 16.5,
            "gross_margin_4q_avg": 16.29,
            "net_income": 4335,
            "net_income_4q": null,
            "revenue": 329647,
            "revenue_4q": null,
            "common_shares": 680762,
            "book_valuer_per_share": 12.22,
            "book_valuer_per_share_4q_avg": 12.28,
            "equity": 832248,
            "current_ratio": 320.2,
            "debt_ratio": 31.28,
            "inventory_turnover_ratio": 1.45,
            "account_receivable_turnover_ratio": 0.93,
            "reinvestment_rate": 12.26,
            "research_to_sale_ratio": 3.13,
            "price_fair": 2.81,
            "eps_avg_yearly": 0.94,
            "eps_latest_yearly": 0.24,
            "eps_growth_yearly": -9.43
        },
        "20143": {
            "year_quarter": 20143,
            "year": 2014,
            "quarter": 3,
            "eps": 0.11,
            "eps_growth_year": -26.67,
            "eps_4q": 0.41,
            "eps_4q_growth_year": -42.3,
            "roe": 0.92,
            "roe_4q": 3.54,
            "gross_profit": 54189,
            "gross_margin": 16.74,
            "gross_margin_4q_avg": 16.16,
            "net_income": 7675,
            "net_income_4q": null,
            "revenue": 323804,
            "revenue_4q": null,
            "common_shares": 717781,
            "book_valuer_per_share": 11.73,
            "book_valuer_per_share_4q_avg": 12.17,
            "equity": 842423,
            "current_ratio": 325.18,
            "debt_ratio": 30.5,
            "inventory_turnover_ratio": 1.4,
            "account_receivable_turnover_ratio": 0.9,
            "reinvestment_rate": 11.14,
            "research_to_sale_ratio": 3.77,
            "price_fair": 19.11,
            "eps_avg_yearly": 0.87,
            "eps_latest_yearly": 0.44,
            "eps_growth_yearly": 12.02
        },
        "20144": {
            "year_quarter": 20144,
            "year": 2014,
            "quarter": 4,
            "eps": 0.23,
            "eps_growth_year": 68.67,
            "eps_4q": 0.51,
            "eps_4q_growth_year": -22.92,
            "roe": 1.9,
            "roe_4q": 4.34,
            "gross_profit": 56684,
            "gross_margin": 17.73,
            "gross_margin_4q_avg": 16.63,
            "net_income": 16258,
            "net_income_4q": null,
            "revenue": 319727,
            "revenue_4q": null,
            "common_shares": 717781,
            "book_valuer_per_share": 12.08,
            "book_valuer_per_share_4q_avg": 12.11,
            "equity": 867259,
            "current_ratio": 402.12,
            "debt_ratio": 27.01,
            "inventory_turnover_ratio": 1.49,
            "account_receivable_turnover_ratio": 0.93,
            "reinvestment_rate": 10.55,
            "research_to_sale_ratio": 4.13,
            "price_fair": 31.06,
            "eps_avg_yearly": 0.89,
            "eps_latest_yearly": 0.92,
            "eps_growth_yearly": 54.68
        },
        "20151": {
            "year_quarter": 20151,
            "year": 2015,
            "quarter": 1,
            "eps": 0.12,
            "eps_growth_year": 0,
            "eps_4q": 0.51,
            "eps_4q_growth_year": -13.17,
            "roe": 0.98,
            "roe_4q": 4.32,
            "gross_profit": 54266,
            "gross_margin": 19.83,
            "gross_margin_4q_avg": 17.7,
            "net_income": 8578,
            "net_income_4q": null,
            "revenue": 273628,
            "revenue_4q": null,
            "common_shares": 717781,
            "book_valuer_per_share": 12.21,
            "book_valuer_per_share_4q_avg": 12.06,
            "equity": 876906,
            "current_ratio": 430.6,
            "debt_ratio": 25.85,
            "inventory_turnover_ratio": 1.37,
            "account_receivable_turnover_ratio": 0.86,
            "reinvestment_rate": 10.44,
            "research_to_sale_ratio": 4.13,
            "price_fair": 16.09,
            "eps_avg_yearly": 0.83,
            "eps_latest_yearly": 0.48,
            "eps_growth_yearly": 9.39
        },
        "20152": {
            "year_quarter": 20152,
            "year": 2015,
            "quarter": 2,
            "eps": 0.07,
            "eps_growth_year": 16.67,
            "eps_4q": 0.51,
            "eps_4q_growth_year": 11.13,
            "roe": 0.59,
            "roe_4q": 4.39,
            "gross_profit": 54732,
            "gross_margin": 20.24,
            "gross_margin_4q_avg": 18.64,
            "net_income": 5133,
            "net_income_4q": null,
            "revenue": 270371,
            "revenue_4q": null,
            "common_shares": 714691,
            "book_valuer_per_share": 12.11,
            "book_valuer_per_share_4q_avg": 12.03,
            "equity": 865509,
            "current_ratio": 382.28,
            "debt_ratio": 27.65,
            "inventory_turnover_ratio": 1.28,
            "account_receivable_turnover_ratio": 0.9,
            "reinvestment_rate": 6.22,
            "research_to_sale_ratio": 3.88,
            "price_fair": 2.27,
            "eps_avg_yearly": 0.76,
            "eps_latest_yearly": 0.28,
            "eps_growth_yearly": -1.74
        },
        "20153": {
            "year_quarter": 20153,
            "year": 2015,
            "quarter": 3,
            "eps": 0.14,
            "eps_growth_year": 27.27,
            "eps_4q": 0.55,
            "eps_4q_growth_year": 32.57,
            "roe": 1.15,
            "roe_4q": 4.619999999999999,
            "gross_profit": 49005,
            "gross_margin": 18.15,
            "gross_margin_4q_avg": 18.99,
            "net_income": 10039,
            "net_income_4q": null,
            "revenue": 270070,
            "revenue_4q": null,
            "common_shares": 732140,
            "book_valuer_per_share": 12,
            "book_valuer_per_share_4q_avg": 12.1,
            "equity": 878710,
            "current_ratio": 409.13,
            "debt_ratio": 23.82,
            "inventory_turnover_ratio": 1.28,
            "account_receivable_turnover_ratio": 0.93,
            "reinvestment_rate": 5.81,
            "research_to_sale_ratio": 4.17,
            "price_fair": 22.8,
            "eps_avg_yearly": 0.7,
            "eps_latest_yearly": 0.56,
            "eps_growth_yearly": 22.57
        },
        "20154": {
            "year_quarter": 20154,
            "year": 2015,
            "quarter": 4,
            "eps": 0.25,
            "eps_growth_year": 8.27,
            "eps_4q": 0.57,
            "eps_4q_growth_year": 11.4,
            "roe": 2.03,
            "roe_4q": 4.75,
            "gross_profit": 57223,
            "gross_margin": 20.28,
            "gross_margin_4q_avg": 19.63,
            "net_income": 17955,
            "net_income_4q": null,
            "revenue": 282193,
            "revenue_4q": null,
            "common_shares": 732140,
            "book_valuer_per_share": 12.12,
            "book_valuer_per_share_4q_avg": 12.11,
            "equity": 888020,
            "current_ratio": 453.28,
            "debt_ratio": 22.48,
            "inventory_turnover_ratio": 1.47,
            "account_receivable_turnover_ratio": 1.01,
            "reinvestment_rate": 2.91,
            "research_to_sale_ratio": 2.77,
            "price_fair": 24.85,
            "eps_avg_yearly": 0.71,
            "eps_latest_yearly": 1,
            "eps_growth_yearly": 53.02
        },
        "20161": {
            "year_quarter": 20161,
            "year": 2016,
            "quarter": 1,
            "eps": 0.06,
            "eps_growth_year": -50,
            "eps_4q": 0.51,
            "eps_4q_growth_year": 0.26,
            "roe": 0.51,
            "roe_4q": 4.28,
            "gross_profit": 49288,
            "gross_margin": 20.64,
            "gross_margin_4q_avg": 19.83,
            "net_income": 4554,
            "net_income_4q": null,
            "revenue": 238835,
            "revenue_4q": null,
            "common_shares": 732140,
            "book_valuer_per_share": 12.18,
            "book_valuer_per_share_4q_avg": 12.1,
            "equity": 892375,
            "current_ratio": 448.83,
            "debt_ratio": 22.3,
            "inventory_turnover_ratio": 1.28,
            "account_receivable_turnover_ratio": 0.91,
            "reinvestment_rate": -5.1,
            "research_to_sale_ratio": 3.73,
            "price_fair": 22.93,
            "eps_avg_yearly": 0.66,
            "eps_latest_yearly": 0.24,
            "eps_growth_yearly": 25.69
        },
        "20162": {
            "year_quarter": 20162,
            "year": 2016,
            "quarter": 2,
            "eps": 0.17,
            "eps_growth_year": 142.86,
            "eps_4q": 0.6,
            "eps_4q_growth_year": 17.56,
            "roe": 1.4,
            "roe_4q": 5.09,
            "gross_profit": 53113,
            "gross_margin": 18.75,
            "gross_margin_4q_avg": 19.46,
            "net_income": 12423,
            "net_income_4q": null,
            "revenue": 283265,
            "revenue_4q": null,
            "common_shares": 726095,
            "book_valuer_per_share": 12.19,
            "book_valuer_per_share_4q_avg": 12.12,
            "equity": 885767,
            "current_ratio": 389.28,
            "debt_ratio": 24.11,
            "inventory_turnover_ratio": 1.53,
            "account_receivable_turnover_ratio": 1.02,
            "reinvestment_rate": -6.8,
            "research_to_sale_ratio": 3.82,
            "price_fair": 22.4,
            "eps_avg_yearly": 0.64,
            "eps_latest_yearly": 0.68,
            "eps_growth_yearly": 75.98
        },
        "20163": {
            "year_quarter": 20163,
            "year": 2016,
            "quarter": 3,
            "eps": 0.08,
            "eps_growth_year": -42.86,
            "eps_4q": 0.55,
            "eps_4q_growth_year": -0.24,
            "roe": 0.63,
            "roe_4q": 4.57,
            "gross_profit": 58644,
            "gross_margin": 21.67,
            "gross_margin_4q_avg": 20.34,
            "net_income": 5626,
            "net_income_4q": null,
            "revenue": 270579,
            "revenue_4q": null,
            "common_shares": 743979,
            "book_valuer_per_share": 11.96,
            "book_valuer_per_share_4q_avg": 12.11,
            "equity": 889989,
            "current_ratio": 404.32,
            "debt_ratio": 23.54,
            "inventory_turnover_ratio": 1.35,
            "account_receivable_turnover_ratio": 0.9,
            "reinvestment_rate": -7.07,
            "research_to_sale_ratio": 3.57,
            "price_fair": 19.95,
            "eps_avg_yearly": 0.57,
            "eps_latest_yearly": 0.32,
            "eps_growth_yearly": 48.62
        },
        "20164": {
            "year_quarter": 20164,
            "year": 2016,
            "quarter": 4,
            "eps": 0.15,
            "eps_growth_year": -37.9,
            "eps_4q": 0.46,
            "eps_4q_growth_year": -19.93,
            "roe": 1.27,
            "roe_4q": 3.8099999999999996,
            "gross_profit": 48841,
            "gross_margin": 16.8,
            "gross_margin_4q_avg": 19.47,
            "net_income": 11331,
            "net_income_4q": null,
            "revenue": 290742,
            "revenue_4q": null,
            "common_shares": 743979,
            "book_valuer_per_share": 11.95,
            "book_valuer_per_share_4q_avg": 12.07,
            "equity": 889677,
            "current_ratio": 410.34,
            "debt_ratio": 23.59,
            "inventory_turnover_ratio": 1.48,
            "account_receivable_turnover_ratio": 0.95,
            "reinvestment_rate": 1.82,
            "research_to_sale_ratio": 2.54,
            "price_fair": 19.51,
            "eps_avg_yearly": 0.56,
            "eps_latest_yearly": 0.6,
            "eps_growth_yearly": 81.6
        },
        "20171": {
            "year_quarter": 20171,
            "year": 2017,
            "quarter": 1,
            "eps": 0,
            "eps_growth_year": -100,
            "eps_4q": 0.39,
            "eps_4q_growth_year": -23.76,
            "roe": -0.02,
            "roe_4q": 3.28,
            "gross_profit": 48188,
            "gross_margin": 18.03,
            "gross_margin_4q_avg": 18.81,
            "net_income": -187,
            "net_income_4q": null,
            "revenue": 267328,
            "revenue_4q": null,
            "common_shares": 743979,
            "book_valuer_per_share": 11.91,
            "book_valuer_per_share_4q_avg": 12,
            "equity": 886571,
            "current_ratio": 415.43,
            "debt_ratio": 22.45,
            "inventory_turnover_ratio": 1.41,
            "account_receivable_turnover_ratio": 0.87,
            "reinvestment_rate": 10.58,
            "research_to_sale_ratio": 2.75,
            "price_fair": 18.85,
            "eps_avg_yearly": 0.54,
            "eps_latest_yearly": 0.6,
            "eps_growth_yearly": 85.71
        },
        "20172": {
            "year_quarter": 20172,
            "year": 2017,
            "quarter": 2,
            "eps": 0.05,
            "eps_growth_year": -70.59,
            "eps_4q": 0.28,
            "eps_4q_growth_year": -53.74,
            "roe": 0.46,
            "roe_4q": 2.34,
            "gross_profit": 42867,
            "gross_margin": 15.69,
            "gross_margin_4q_avg": 18.05,
            "net_income": 4044,
            "net_income_4q": null,
            "revenue": 273275,
            "revenue_4q": null,
            "common_shares": 733274,
            "book_valuer_per_share": 11.96,
            "book_valuer_per_share_4q_avg": 11.95,
            "equity": 877154,
            "current_ratio": 202.6,
            "debt_ratio": 33.9,
            "inventory_turnover_ratio": 1.39,
            "account_receivable_turnover_ratio": 0.9,
            "reinvestment_rate": 131.09,
            "research_to_sale_ratio": 2.83,
            "price_fair": 18.4,
            "eps_avg_yearly": 0.53,
            "eps_latest_yearly": 0.6,
            "eps_growth_yearly": 95.92
        },
        "20173": {
            "year_quarter": 20173,
            "year": 2017,
            "quarter": 3,
            "eps": 0.14,
            "eps_growth_year": 75,
            "eps_4q": 0.34,
            "eps_4q_growth_year": -36.84,
            "roe": 1.18,
            "roe_4q": 2.8899999999999997,
            "gross_profit": 48078,
            "gross_margin": 18.14,
            "gross_margin_4q_avg": 17.17,
            "net_income": 10439,
            "net_income_4q": null,
            "revenue": 265047,
            "revenue_4q": null,
            "common_shares": 744273,
            "book_valuer_per_share": 11.93,
            "book_valuer_per_share_4q_avg": 11.94,
            "equity": 888488,
            "current_ratio": 230.7,
            "debt_ratio": 29.82,
            "inventory_turnover_ratio": 1.21,
            "account_receivable_turnover_ratio": 0.85,
            "reinvestment_rate": 135.02,
            "research_to_sale_ratio": 3.84,
            "price_fair": 18.3,
            "eps_avg_yearly": 0.52,
            "eps_latest_yearly": 0.56,
            "eps_growth_yearly": 152.11
        },
        "20174": {
            "year_quarter": 20174,
            "year": 2017,
            "quarter": 4,
            "eps": 0.06,
            "eps_growth_year": -61.18,
            "eps_4q": 0.25,
            "eps_4q_growth_year": -44.93,
            "roe": 0.49,
            "roe_4q": 2.11,
            "gross_profit": 48234,
            "gross_margin": 16.35,
            "gross_margin_4q_avg": 17.05,
            "net_income": 4400,
            "net_income_4q": null,
            "revenue": 295003,
            "revenue_4q": null,
            "common_shares": 744273,
            "book_valuer_per_share": 12.01,
            "book_valuer_per_share_4q_avg": 11.95,
            "equity": 894140,
            "current_ratio": 208.27,
            "debt_ratio": 32.88,
            "inventory_turnover_ratio": 1.5,
            "account_receivable_turnover_ratio": 0.9,
            "reinvestment_rate": 134.53,
            "research_to_sale_ratio": 3.16,
            "price_fair": 17.6,
            "eps_avg_yearly": 0.5,
            "eps_latest_yearly": 0.24,
            "eps_growth_yearly": 139.59
        },
        "20181": {
            "year_quarter": 20181,
            "year": 2018,
            "quarter": 1,
            "eps": -0.1,
            "eps_growth_year": null,
            "eps_4q": 0.16,
            "eps_4q_growth_year": -60.24,
            "roe": -0.82,
            "roe_4q": 1.31,
            "gross_profit": 36330,
            "gross_margin": 14.56,
            "gross_margin_4q_avg": 16.19,
            "net_income": -7272,
            "net_income_4q": null,
            "revenue": 249483,
            "revenue_4q": null,
            "common_shares": 744273,
            "book_valuer_per_share": 11.92,
            "book_valuer_per_share_4q_avg": 11.96,
            "equity": 887468,
            "current_ratio": 180.26,
            "debt_ratio": 38.19,
            "inventory_turnover_ratio": 1.35,
            "account_receivable_turnover_ratio": 0.78,
            "reinvestment_rate": 155.59,
            "research_to_sale_ratio": 3.17,
            "price_fair": 17.66,
            "eps_avg_yearly": 0.5,
            "eps_latest_yearly": 0.24,
            "eps_growth_yearly": 152.69
        },
        "20182": {
            "year_quarter": 20182,
            "year": 2018,
            "quarter": 2,
            "eps": 0.25,
            "eps_growth_year": 400,
            "eps_4q": 0.35,
            "eps_4q_growth_year": 25.91,
            "roe": 2.12,
            "roe_4q": 2.97,
            "gross_profit": 42670,
            "gross_margin": 14.77,
            "gross_margin_4q_avg": 15.96,
            "net_income": 18901,
            "net_income_4q": null,
            "revenue": 288859,
            "revenue_4q": null,
            "common_shares": 744273,
            "book_valuer_per_share": 12.02,
            "book_valuer_per_share_4q_avg": 11.97,
            "equity": 894883,
            "current_ratio": 219.56,
            "debt_ratio": 30.99,
            "inventory_turnover_ratio": 1.42,
            "account_receivable_turnover_ratio": 0.91,
            "reinvestment_rate": 134.72,
            "research_to_sale_ratio": 3.12,
            "price_fair": 18.43,
            "eps_avg_yearly": 0.53,
            "eps_latest_yearly": 0.24,
            "eps_growth_yearly": 182.08
        },
        "20183": {
            "year_quarter": 20183,
            "year": 2018,
            "quarter": 3,
            "eps": 0.1,
            "eps_growth_year": -28.57,
            "eps_4q": 0.32,
            "eps_4q_growth_year": -8.5,
            "roe": 0.85,
            "roe_4q": 2.6400000000000006,
            "gross_profit": 41573,
            "gross_margin": 15.14,
            "gross_margin_4q_avg": 15.21,
            "net_income": 7655,
            "net_income_4q": null,
            "revenue": 274600,
            "revenue_4q": null,
            "common_shares": 751716,
            "book_valuer_per_share": 11.99,
            "book_valuer_per_share_4q_avg": 11.99,
            "equity": 901390,
            "current_ratio": 229.55,
            "debt_ratio": 30.08,
            "inventory_turnover_ratio": 1.34,
            "account_receivable_turnover_ratio": 0.81,
            "reinvestment_rate": 132.86,
            "research_to_sale_ratio": 3.1,
            "price_fair": 18.32,
            "eps_avg_yearly": 0.52,
            "eps_latest_yearly": 0.4,
            "eps_growth_yearly": 134.31
        },
        "20184": {
            "year_quarter": 20184,
            "year": 2018,
            "quarter": 4,
            "eps": 0.11,
            "eps_growth_year": 82.77,
            "eps_4q": 0.36,
            "eps_4q_growth_year": 45.14,
            "roe": 0.91,
            "roe_4q": 3.06,
            "gross_profit": 33796,
            "gross_margin": 12.49,
            "gross_margin_4q_avg": 14.24,
            "net_income": 8122,
            "net_income_4q": null,
            "revenue": 270571,
            "revenue_4q": null,
            "common_shares": 751716,
            "book_valuer_per_share": 11.76,
            "book_valuer_per_share_4q_avg": 11.92,
            "equity": 884427,
            "current_ratio": 198.76,
            "debt_ratio": 32.98,
            "inventory_turnover_ratio": 1.52,
            "account_receivable_turnover_ratio": 0.84,
            "reinvestment_rate": 153.52,
            "research_to_sale_ratio": 2.92,
            "price_fair": 16.92,
            "eps_avg_yearly": 0.48,
            "eps_latest_yearly": 0.44,
            "eps_growth_yearly": 101.28
        },
        "20191": {
            "year_quarter": 20191,
            "year": 2019,
            "quarter": 1,
            "eps": 0.08,
            "eps_growth_year": null,
            "eps_4q": 0.55,
            "eps_4q_growth_year": 254.06,
            "roe": 0.67,
            "roe_4q": 4.550000000000001,
            "gross_profit": 39925,
            "gross_margin": 16.52,
            "gross_margin_4q_avg": 14.73,
            "net_income": 6015,
            "net_income_4q": null,
            "revenue": 241747,
            "revenue_4q": null,
            "common_shares": 751716,
            "book_valuer_per_share": 12.22,
            "book_valuer_per_share_4q_avg": 12,
            "equity": 900792,
            "current_ratio": 259.76,
            "debt_ratio": 39.12,
            "inventory_turnover_ratio": 1.38,
            "account_receivable_turnover_ratio": 0.82,
            "reinvestment_rate": 205.74,
            "research_to_sale_ratio": 3.41,
            "price_fair": 16.45,
            "eps_avg_yearly": 0.47,
            "eps_latest_yearly": 0.32,
            "eps_growth_yearly": 108.13
        },
        "20192": {
            "year_quarter": 20192,
            "year": 2019,
            "quarter": 2,
            "eps": -0.13,
            "eps_growth_year": -152,
            "eps_4q": 0.16,
            "eps_4q_growth_year": -54.19,
            "roe": -1.12,
            "roe_4q": 1.31,
            "gross_profit": 47146,
            "gross_margin": 18.55,
            "gross_margin_4q_avg": 15.68,
            "net_income": -9910,
            "net_income_4q": null,
            "revenue": 254120,
            "revenue_4q": null,
            "common_shares": 751716,
            "book_valuer_per_share": 11.68,
            "book_valuer_per_share_4q_avg": 11.91,
            "equity": 861028,
            "current_ratio": 235.04,
            "debt_ratio": 41.3,
            "inventory_turnover_ratio": 1.38,
            "account_receivable_turnover_ratio": 0.87,
            "reinvestment_rate": 244.43,
            "research_to_sale_ratio": 2.89,
            "price_fair": 17.05,
            "eps_avg_yearly": 0.49,
            "eps_latest_yearly": 0.32,
            "eps_growth_yearly": 133.11
        },
        "20193": {
            "year_quarter": 20193,
            "year": 2019,
            "quarter": 3,
            "eps": 0.25,
            "eps_growth_year": 150,
            "eps_4q": 0.31,
            "eps_4q_growth_year": -1.48,
            "roe": 2.13,
            "roe_4q": 2.59,
            "gross_profit": 50520,
            "gross_margin": 20.24,
            "gross_margin_4q_avg": 16.95,
            "net_income": 18363,
            "net_income_4q": null,
            "revenue": 249544,
            "revenue_4q": null,
            "common_shares": 751716,
            "book_valuer_per_share": 11.88,
            "book_valuer_per_share_4q_avg": 11.89,
            "equity": 864968,
            "current_ratio": 249.67,
            "debt_ratio": 39.8,
            "inventory_turnover_ratio": 1.3,
            "account_receivable_turnover_ratio": 0.87,
            "reinvestment_rate": 229.69,
            "research_to_sale_ratio": 3.47,
            "price_fair": 16.8,
            "eps_avg_yearly": 0.48,
            "eps_latest_yearly": 0.32,
            "eps_growth_yearly": 106.42
        },
        "20194": {
            "year_quarter": 20194,
            "year": 2019,
            "quarter": 4,
            "eps": 0.23,
            "eps_growth_year": 115.17,
            "eps_4q": 0.43,
            "eps_4q_growth_year": 18.3,
            "roe": 1.93,
            "roe_4q": 3.6099999999999994,
            "gross_profit": 52527,
            "gross_margin": 21.25,
            "gross_margin_4q_avg": 19.14,
            "net_income": 16919,
            "net_income_4q": null,
            "revenue": 247192,
            "revenue_4q": null,
            "common_shares": 751716,
            "book_valuer_per_share": 12.14,
            "book_valuer_per_share_4q_avg": 11.98,
            "equity": 883983,
            "current_ratio": 225.87,
            "debt_ratio": 42.29,
            "inventory_turnover_ratio": 1.32,
            "account_receivable_turnover_ratio": 0.95,
            "reinvestment_rate": 235.01,
            "research_to_sale_ratio": 3.58,
            "price_fair": 16.52,
            "eps_avg_yearly": 0.47,
            "eps_latest_yearly": 0.92,
            "eps_growth_yearly": 71.79
        },
        "20201": {
            "year_quarter": 20201,
            "year": 2020,
            "quarter": 1,
            "eps": -0.08,
            "eps_growth_year": -200,
            "eps_4q": 0.27,
            "eps_4q_growth_year": -50.97,
            "roe": -0.64,
            "roe_4q": 2.3,
            "gross_profit": 36438,
            "gross_margin": 19.53,
            "gross_margin_4q_avg": 19.89,
            "net_income": -5663,
            "net_income_4q": null,
            "revenue": 186570,
            "revenue_4q": null,
            "common_shares": 751716,
            "book_valuer_per_share": 12.06,
            "book_valuer_per_share_4q_avg": 11.94,
            "equity": 878068,
            "current_ratio": 239.2,
            "debt_ratio": 41.06,
            "inventory_turnover_ratio": 1.09,
            "account_receivable_turnover_ratio": 0.8,
            "reinvestment_rate": 257.35,
            "research_to_sale_ratio": 3.26,
            "price_fair": 17.42,
            "eps_avg_yearly": 0.5,
            "eps_latest_yearly": 0.92,
            "eps_growth_yearly": 113.55
        },
        "20202": {
            "year_quarter": 20202,
            "year": 2020,
            "quarter": 2,
            "eps": 0.13,
            "eps_growth_year": null,
            "eps_4q": 0.55,
            "eps_4q_growth_year": 240.03,
            "roe": 1.12,
            "roe_4q": 4.54,
            "gross_profit": 35767,
            "gross_margin": 20.38,
            "gross_margin_4q_avg": 20.35,
            "net_income": 9550,
            "net_income_4q": null,
            "revenue": 175465,
            "revenue_4q": null,
            "common_shares": 751716,
            "book_valuer_per_share": 11.64,
            "book_valuer_per_share_4q_avg": 11.93,
            "equity": 831668,
            "current_ratio": 226,
            "debt_ratio": 42.52,
            "inventory_turnover_ratio": 1.05,
            "account_receivable_turnover_ratio": 0.81,
            "reinvestment_rate": 258.93,
            "research_to_sale_ratio": 3.82,
            "price_fair": 16.63,
            "eps_avg_yearly": 0.48,
            "eps_latest_yearly": 0.92,
            "eps_growth_yearly": 36.07
        },
        "20203": {
            "year_quarter": 20203,
            "year": 2020,
            "quarter": 3,
            "eps": 0.37,
            "eps_growth_year": 48,
            "eps_4q": 0.66,
            "eps_4q_growth_year": 113.25,
            "roe": 3.13,
            "roe_4q": 5.54,
            "gross_profit": 56511,
            "gross_margin": 23.19,
            "gross_margin_4q_avg": 21.09,
            "net_income": 26468,
            "net_income_4q": null,
            "revenue": 243649,
            "revenue_4q": null,
            "common_shares": 751716,
            "book_valuer_per_share": 12.02,
            "book_valuer_per_share_4q_avg": 11.97,
            "equity": 858517,
            "current_ratio": 193.77,
            "debt_ratio": 47.38,
            "inventory_turnover_ratio": 1.44,
            "account_receivable_turnover_ratio": 1.06,
            "reinvestment_rate": 214.39,
            "research_to_sale_ratio": 1.75,
            "price_fair": 21.7,
            "eps_avg_yearly": 0.62,
            "eps_latest_yearly": 1.48,
            "eps_growth_yearly": 154.85
        },
        "20204": {
            "year_quarter": 20204,
            "year": 2020,
            "quarter": 4,
            "eps": -0.17,
            "eps_growth_year": -172.34,
            "eps_4q": 0.26,
            "eps_4q_growth_year": -40.44,
            "roe": -1.41,
            "roe_4q": 2.1999999999999997,
            "gross_profit": 48616,
            "gross_margin": 21.24,
            "gross_margin_4q_avg": 21.09,
            "net_income": -12010,
            "net_income_4q": null,
            "revenue": 228898,
            "revenue_4q": null,
            "common_shares": 751716,
            "book_valuer_per_share": 11.88,
            "book_valuer_per_share_4q_avg": 11.9,
            "equity": 848715,
            "current_ratio": 232.36,
            "debt_ratio": 46.67,
            "inventory_turnover_ratio": 1.52,
            "account_receivable_turnover_ratio": 0.95,
            "reinvestment_rate": 166.95,
            "research_to_sale_ratio": 3.28,
            "price_fair": 21.8,
            "eps_avg_yearly": 0.62,
            "eps_latest_yearly": 1.48,
            "eps_growth_yearly": 126.97
        },
        "20211": {
            "year_quarter": 20211,
            "year": 2021,
            "quarter": 1,
            "eps": 3.08,
            "eps_growth_year": null,
            "eps_4q": 3.42,
            "eps_4q_growth_year": 1161.73,
            "roe": 22.95,
            "roe_4q": 25.79,
            "gross_profit": 40118,
            "gross_margin": 17.3,
            "gross_margin_4q_avg": 20.53,
            "net_income": 220019,
            "net_income_4q": null,
            "revenue": 231909,
            "revenue_4q": null,
            "common_shares": 751716,
            "book_valuer_per_share": 14.96,
            "book_valuer_per_share_4q_avg": 12.63,
            "equity": 1068518,
            "current_ratio": 185.41,
            "debt_ratio": 41.32,
            "inventory_turnover_ratio": 1.79,
            "account_receivable_turnover_ratio": 0.98,
            "reinvestment_rate": 50.03,
            "research_to_sale_ratio": 1.57,
            "price_fair": 21.8,
            "eps_avg_yearly": 0.62,
            "eps_latest_yearly": 1.48,
            "eps_growth_yearly": 126.97
        },
        "20212": {
            "year_quarter": 20212,
            "year": 2021,
            "quarter": 2,
            "eps": -0.47,
            "eps_growth_year": -461.54,
            "eps_4q": 2.87,
            "eps_4q_growth_year": 423.6,
            "roe": -3.22,
            "roe_4q": 21.45,
            "gross_profit": 35694,
            "gross_margin": 18.32,
            "gross_margin_4q_avg": 20.01,
            "net_income": -33466,
            "net_income_4q": null,
            "revenue": 194796,
            "revenue_4q": null,
            "common_shares": 751716,
            "book_valuer_per_share": 14.45,
            "book_valuer_per_share_4q_avg": 13.33,
            "equity": 1011835,
            "current_ratio": 191.8,
            "debt_ratio": 38.95,
            "inventory_turnover_ratio": 1.29,
            "account_receivable_turnover_ratio": 0.83,
            "reinvestment_rate": -3.55,
            "research_to_sale_ratio": 1.26,
            "price_fair": 21.8,
            "eps_avg_yearly": 0.62,
            "eps_latest_yearly": 1.48,
            "eps_growth_yearly": 126.97
        },
        "20213": {
            "year_quarter": 20213,
            "year": 2021,
            "quarter": 3,
            "eps": 0.04,
            "eps_growth_year": -89.19,
            "eps_4q": 2.51,
            "eps_4q_growth_year": 279.92,
            "roe": 0.31,
            "roe_4q": 18.63,
            "gross_profit": 26739,
            "gross_margin": 16.99,
            "gross_margin_4q_avg": 18.46,
            "net_income": 3089,
            "net_income_4q": null,
            "revenue": 157336,
            "revenue_4q": null,
            "common_shares": 751716,
            "book_valuer_per_share": 14.27,
            "book_valuer_per_share_4q_avg": 13.89,
            "equity": 1008211,
            "current_ratio": 186.33,
            "debt_ratio": 40.12,
            "inventory_turnover_ratio": 0.97,
            "account_receivable_turnover_ratio": 0.74,
            "reinvestment_rate": -7.33,
            "research_to_sale_ratio": 1.45,
            "price_fair": 22.17,
            "eps_avg_yearly": 0.63,
            "eps_latest_yearly": 1.48,
            "eps_growth_yearly": 28.13
        },
        "20214": {
            "year_quarter": 20214,
            "year": 2021,
            "quarter": 4,
            "eps": 0.87,
            "eps_growth_year": null,
            "eps_4q": 3.56,
            "eps_4q_growth_year": 1284.96,
            "roe": 5.85,
            "roe_4q": 25.889999999999997,
            "gross_profit": 22013,
            "gross_margin": 12.39,
            "gross_margin_4q_avg": 16.25,
            "net_income": 61625,
            "net_income_4q": null,
            "revenue": 177617,
            "revenue_4q": null,
            "common_shares": 743096,
            "book_valuer_per_share": 15.16,
            "book_valuer_per_share_4q_avg": 14.71,
            "equity": 1097959,
            "current_ratio": 207.74,
            "debt_ratio": 36.43,
            "inventory_turnover_ratio": 1.19,
            "account_receivable_turnover_ratio": 0.89,
            "reinvestment_rate": -13.51,
            "research_to_sale_ratio": 1.91,
            "price_fair": 41.07,
            "eps_avg_yearly": 1.17,
            "eps_latest_yearly": 3.48,
            "eps_growth_yearly": 1449.56
        },
        "20221": {
            "year_quarter": 20221,
            "year": 2022,
            "quarter": 1,
            "eps": -0.13,
            "eps_growth_year": -104.22,
            "eps_4q": 0.31,
            "eps_4q_growth_year": -90.98,
            "roe": -0.78,
            "roe_4q": 2.159999999999999,
            "gross_profit": 21673,
            "gross_margin": 13.22,
            "gross_margin_4q_avg": 15.23,
            "net_income": -8576,
            "net_income_4q": null,
            "revenue": 163914,
            "revenue_4q": null,
            "common_shares": 743096,
            "book_valuer_per_share": 15.04,
            "book_valuer_per_share_4q_avg": 14.73,
            "equity": 1090379,
            "current_ratio": 219.65,
            "debt_ratio": 34.14,
            "inventory_turnover_ratio": 1.06,
            "account_receivable_turnover_ratio": 0.84,
            "reinvestment_rate": -16.17,
            "research_to_sale_ratio": 1.36,
            "price_fair": 41.07,
            "eps_avg_yearly": 1.17,
            "eps_latest_yearly": 3.48,
            "eps_growth_yearly": 1449.56
        },
        "20222": {
            "year_quarter": 20222,
            "year": 2022,
            "quarter": 2,
            "eps": 0.01,
            "eps_growth_year": null,
            "eps_4q": 0.68,
            "eps_4q_growth_year": -76.31,
            "roe": 0.06,
            "roe_4q": 5.4399999999999995,
            "gross_profit": 25166,
            "gross_margin": 11.73,
            "gross_margin_4q_avg": 13.58,
            "net_income": 652,
            "net_income_4q": null,
            "revenue": 214508,
            "revenue_4q": null,
            "common_shares": 743096,
            "book_valuer_per_share": 14.54,
            "book_valuer_per_share_4q_avg": 14.75,
            "equity": 1040478,
            "current_ratio": 180.65,
            "debt_ratio": 40.88,
            "inventory_turnover_ratio": 1.3,
            "account_receivable_turnover_ratio": 0.99,
            "reinvestment_rate": -13.09,
            "research_to_sale_ratio": 0.91,
            "price_fair": 41.07,
            "eps_avg_yearly": 1.17,
            "eps_latest_yearly": 3.48,
            "eps_growth_yearly": 1449.56
        },
        "20223": {
            "year_quarter": 20223,
            "year": 2022,
            "quarter": 3,
            "eps": 0.16,
            "eps_growth_year": 300,
            "eps_4q": 0.79,
            "eps_4q_growth_year": -68.54,
            "roe": 1.2,
            "roe_4q": 6.33,
            "gross_profit": 22835,
            "gross_margin": 15.2,
            "gross_margin_4q_avg": 13.14,
            "net_income": 12730,
            "net_income_4q": null,
            "revenue": 150246,
            "revenue_4q": null,
            "common_shares": 743096,
            "book_valuer_per_share": 14.75,
            "book_valuer_per_share_4q_avg": 14.87,
            "equity": 1088553,
            "current_ratio": 184.99,
            "debt_ratio": 40.3,
            "inventory_turnover_ratio": 0.87,
            "account_receivable_turnover_ratio": 0.68,
            "reinvestment_rate": -7.73,
            "research_to_sale_ratio": 0.41,
            "price_fair": 42.47,
            "eps_avg_yearly": 1.21,
            "eps_latest_yearly": 0.64,
            "eps_growth_yearly": 2489.56
        },
        "20224": {
            "year_quarter": 20224,
            "year": 2022,
            "quarter": 4,
            "eps": -0.22,
            "eps_growth_year": -125.06,
            "eps_4q": -0.17,
            "eps_4q_growth_year": -104.66,
            "roe": -1.69,
            "roe_4q": -1.21,
            "gross_profit": 21073,
            "gross_margin": 13.25,
            "gross_margin_4q_avg": 13.35,
            "net_income": -18306,
            "net_income_4q": null,
            "revenue": 158991,
            "revenue_4q": null,
            "common_shares": 849045,
            "book_valuer_per_share": 12.67,
            "book_valuer_per_share_4q_avg": 14.25,
            "equity": 1071770,
            "current_ratio": 196.78,
            "debt_ratio": 37.09,
            "inventory_turnover_ratio": 1.05,
            "account_receivable_turnover_ratio": 0.85,
            "reinvestment_rate": -17.34,
            "research_to_sale_ratio": 1.29,
            "price_fair": 47.88,
            "eps_avg_yearly": 1.37,
            "eps_latest_yearly": 0.64,
            "eps_growth_yearly": 2979.47
        },
        "20231": {
            "year_quarter": 20231,
            "year": 2023,
            "quarter": 1,
            "eps": 0.02,
            "eps_growth_year": null,
            "eps_4q": -0.03,
            "eps_4q_growth_year": -110.87,
            "roe": -0,
            "roe_4q": -0.43,
            "gross_profit": 12659,
            "gross_margin": 10.98,
            "gross_margin_4q_avg": 12.79,
            "net_income": -50,
            "net_income_4q": null,
            "revenue": 115284,
            "revenue_4q": null,
            "common_shares": 849045,
            "book_valuer_per_share": 12.71,
            "book_valuer_per_share_4q_avg": 13.67,
            "equity": 1082395,
            "current_ratio": 200.61,
            "debt_ratio": 35.82,
            "inventory_turnover_ratio": 0.84,
            "account_receivable_turnover_ratio": 0.71,
            "reinvestment_rate": -38.55,
            "research_to_sale_ratio": 1.7,
            "price_fair": 57.05,
            "eps_avg_yearly": 1.63,
            "eps_latest_yearly": 0.64,
            "eps_growth_yearly": 3751.62
        },
        "20232": {
            "year_quarter": 20232,
            "year": 2023,
            "quarter": 2,
            "eps": -0.14,
            "eps_growth_year": -1500,
            "eps_4q": -0.18,
            "eps_4q_growth_year": -126.14,
            "roe": -1.19,
            "roe_4q": -1.68,
            "gross_profit": 13216,
            "gross_margin": 10.37,
            "gross_margin_4q_avg": 12.45,
            "net_income": -12806,
            "net_income_4q": null,
            "revenue": 127396,
            "revenue_4q": null,
            "common_shares": 849045,
            "book_valuer_per_share": 12.5,
            "book_valuer_per_share_4q_avg": 13.16,
            "equity": 1063633,
            "current_ratio": 194.23,
            "debt_ratio": 37.71,
            "inventory_turnover_ratio": 0.93,
            "account_receivable_turnover_ratio": 0.82,
            "reinvestment_rate": -44.48,
            "research_to_sale_ratio": 1.91,
            "price_fair": 57.05,
            "eps_avg_yearly": 1.63,
            "eps_latest_yearly": 0.64,
            "eps_growth_yearly": 3751.62
        },
        "20233": {
            "year_quarter": 20233,
            "year": 2023,
            "quarter": 3,
            "eps": -0.11,
            "eps_growth_year": -168.75,
            "eps_4q": -0.45,
            "eps_4q_growth_year": -157.15,
            "roe": -1,
            "roe_4q": -3.88,
            "gross_profit": 14617,
            "gross_margin": 10.18,
            "gross_margin_4q_avg": 11.2,
            "net_income": -10508,
            "net_income_4q": null,
            "revenue": 143634,
            "revenue_4q": null,
            "common_shares": 849045,
            "book_valuer_per_share": 12.35,
            "book_valuer_per_share_4q_avg": 12.56,
            "equity": 1039166,
            "current_ratio": 212.94,
            "debt_ratio": 38.78,
            "inventory_turnover_ratio": 1.08,
            "account_receivable_turnover_ratio": 0.86,
            "reinvestment_rate": -44.75,
            "research_to_sale_ratio": 2.3,
            "price_fair": 57.05,
            "eps_avg_yearly": 1.63,
            "eps_latest_yearly": 0.64,
            "eps_growth_yearly": 3751.62
        }
    },
    "months": {
        "2001-06": {
            "month": "2001-06",
            "price": "17.40",
            "revenue": 49944
        },
        "2001-07": {
            "month": "2001-07",
            "price": "14.24",
            "revenue": 56358
        },
        "2001-08": {
            "month": "2001-08",
            "price": "12.34",
            "revenue": 56249
        },
        "2001-09": {
            "month": "2001-09",
            "price": "10.39",
            "revenue": 51923
        },
        "2001-10": {
            "month": "2001-10",
            "price": "9.57",
            "revenue": 59400
        },
        "2001-11": {
            "month": "2001-11",
            "price": "11.27",
            "revenue": 55685
        },
        "2001-12": {
            "month": "2001-12",
            "price": "15.55",
            "revenue": 51988
        },
        "2002-01": {
            "month": "2002-01",
            "price": "21.91",
            "revenue": 50479
        },
        "2002-02": {
            "month": "2002-02",
            "price": "20.90",
            "revenue": 34315
        },
        "2002-03": {
            "month": "2002-03",
            "price": "20.23",
            "revenue": 74157
        },
        "2002-04": {
            "month": "2002-04",
            "price": "21.09",
            "revenue": 72190
        },
        "2002-05": {
            "month": "2002-05",
            "price": "16.37",
            "revenue": 69101
        },
        "2002-06": {
            "month": "2002-06",
            "price": "14.89",
            "revenue": 65413
        },
        "2002-07": {
            "month": "2002-07",
            "price": "12.12",
            "revenue": 65103
        },
        "2002-08": {
            "month": "2002-08",
            "price": "11.85",
            "revenue": 72730
        },
        "2002-09": {
            "month": "2002-09",
            "price": "11.91",
            "revenue": 74001
        },
        "2002-10": {
            "month": "2002-10",
            "price": "10.30",
            "revenue": 72960
        },
        "2002-11": {
            "month": "2002-11",
            "price": "11.51",
            "revenue": 69112
        },
        "2002-12": {
            "month": "2002-12",
            "price": "11.02",
            "revenue": 63246
        },
        "2003-01": {
            "month": "2003-01",
            "price": "12.88",
            "revenue": 67557
        },
        "2003-02": {
            "month": "2003-02",
            "price": "11.85",
            "revenue": 65617
        },
        "2003-03": {
            "month": "2003-03",
            "price": "11.04",
            "revenue": 77827
        },
        "2003-04": {
            "month": "2003-04",
            "price": "11.66",
            "revenue": 76459
        },
        "2003-05": {
            "month": "2003-05",
            "price": "10.49",
            "revenue": 83370
        },
        "2003-06": {
            "month": "2003-06",
            "price": "11.76",
            "revenue": 71151
        },
        "2003-07": {
            "month": "2003-07",
            "price": "12.99",
            "revenue": 81303
        },
        "2003-08": {
            "month": "2003-08",
            "price": "11.37",
            "revenue": 84688
        },
        "2003-09": {
            "month": "2003-09",
            "price": "10.61",
            "revenue": 71478
        },
        "2003-10": {
            "month": "2003-10",
            "price": "10.21",
            "revenue": 87772
        },
        "2003-11": {
            "month": "2003-11",
            "price": "10.23",
            "revenue": 81530
        },
        "2003-12": {
            "month": "2003-12",
            "price": "10.17",
            "revenue": 85351
        },
        "2004-01": {
            "month": "2004-01",
            "price": "10.50",
            "revenue": 65572
        },
        "2004-02": {
            "month": "2004-02",
            "price": "13.14",
            "revenue": 91548
        },
        "2004-03": {
            "month": "2004-03",
            "price": "12.83",
            "revenue": 84743
        },
        "2004-04": {
            "month": "2004-04",
            "price": "12.22",
            "revenue": 80055
        },
        "2004-05": {
            "month": "2004-05",
            "price": "11.01",
            "revenue": 77501
        },
        "2004-06": {
            "month": "2004-06",
            "price": "10.62",
            "revenue": 77082
        },
        "2004-07": {
            "month": "2004-07",
            "price": "9.94",
            "revenue": 100347
        },
        "2004-08": {
            "month": "2004-08",
            "price": "9.99",
            "revenue": 106039
        },
        "2004-09": {
            "month": "2004-09",
            "price": "10.92",
            "revenue": 101655
        },
        "2004-10": {
            "month": "2004-10",
            "price": "11.04",
            "revenue": 106104
        },
        "2004-11": {
            "month": "2004-11",
            "price": "10.28",
            "revenue": 104384
        },
        "2004-12": {
            "month": "2004-12",
            "price": "10.28",
            "revenue": 83734
        },
        "2005-01": {
            "month": "2005-01",
            "price": "10.06",
            "revenue": 86936
        },
        "2005-02": {
            "month": "2005-02",
            "price": "10.06",
            "revenue": 70957
        },
        "2005-03": {
            "month": "2005-03",
            "price": "9.59",
            "revenue": 131739
        },
        "2005-04": {
            "month": "2005-04",
            "price": "10.16",
            "revenue": 100746
        },
        "2005-05": {
            "month": "2005-05",
            "price": "10.82",
            "revenue": 94267
        },
        "2005-06": {
            "month": "2005-06",
            "price": "10.26",
            "revenue": 105831
        },
        "2005-07": {
            "month": "2005-07",
            "price": "10.18",
            "revenue": 94101
        },
        "2005-08": {
            "month": "2005-08",
            "price": "9.99",
            "revenue": 105784
        },
        "2005-09": {
            "month": "2005-09",
            "price": "9.41",
            "revenue": 111322
        },
        "2005-10": {
            "month": "2005-10",
            "price": "8.53",
            "revenue": 106735
        },
        "2005-11": {
            "month": "2005-11",
            "price": "8.78",
            "revenue": 85284
        },
        "2005-12": {
            "month": "2005-12",
            "price": "8.57",
            "revenue": 90020
        },
        "2006-01": {
            "month": "2006-01",
            "price": "8.90",
            "revenue": 74061
        },
        "2006-02": {
            "month": "2006-02",
            "price": "8.63",
            "revenue": 83200
        },
        "2006-03": {
            "month": "2006-03",
            "price": "8.79",
            "revenue": 109578
        },
        "2006-04": {
            "month": "2006-04",
            "price": "9.76",
            "revenue": 106113
        },
        "2006-05": {
            "month": "2006-05",
            "price": "11.53",
            "revenue": 127665
        },
        "2006-06": {
            "month": "2006-06",
            "price": "12.66",
            "revenue": 125196
        },
        "2006-07": {
            "month": "2006-07",
            "price": "15.60",
            "revenue": 111931
        },
        "2006-08": {
            "month": "2006-08",
            "price": "13.30",
            "revenue": 133718
        },
        "2006-09": {
            "month": "2006-09",
            "price": "12.52",
            "revenue": 108608
        },
        "2006-10": {
            "month": "2006-10",
            "price": "15.73",
            "revenue": 85080
        },
        "2006-11": {
            "month": "2006-11",
            "price": "17.87",
            "revenue": 114127
        },
        "2006-12": {
            "month": "2006-12",
            "price": "38.13",
            "revenue": 111932
        },
        "2007-01": {
            "month": "2007-01",
            "price": "49.98",
            "revenue": 126003
        },
        "2007-02": {
            "month": "2007-02",
            "price": "51.40",
            "revenue": 57710
        },
        "2007-03": {
            "month": "2007-03",
            "price": "56.28",
            "revenue": 136655
        },
        "2007-04": {
            "month": "2007-04",
            "price": "54.46",
            "revenue": 119762
        },
        "2007-05": {
            "month": "2007-05",
            "price": "53.88",
            "revenue": 149888
        },
        "2007-06": {
            "month": "2007-06",
            "price": "54.10",
            "revenue": 116348
        },
        "2007-07": {
            "month": "2007-07",
            "price": "53.22",
            "revenue": 109259
        },
        "2007-08": {
            "month": "2007-08",
            "price": "37.12",
            "revenue": 129142
        },
        "2007-09": {
            "month": "2007-09",
            "price": "32.81",
            "revenue": 113804
        },
        "2007-10": {
            "month": "2007-10",
            "price": "33.41",
            "revenue": 142853
        },
        "2007-11": {
            "month": "2007-11",
            "price": "25.29",
            "revenue": 146570
        },
        "2007-12": {
            "month": "2007-12",
            "price": "18.84",
            "revenue": 137292
        },
        "2008-01": {
            "month": "2008-01",
            "price": "17.35",
            "revenue": 107235
        },
        "2008-02": {
            "month": "2008-02",
            "price": "17.15",
            "revenue": 89668
        },
        "2008-03": {
            "month": "2008-03",
            "price": "20.32",
            "revenue": 132461
        },
        "2008-04": {
            "month": "2008-04",
            "price": "24.41",
            "revenue": 111924
        },
        "2008-05": {
            "month": "2008-05",
            "price": "24.21",
            "revenue": 152258
        },
        "2008-06": {
            "month": "2008-06",
            "price": "21.32",
            "revenue": 177115
        },
        "2008-07": {
            "month": "2008-07",
            "price": "16.00",
            "revenue": 121253
        },
        "2008-08": {
            "month": "2008-08",
            "price": "15.85",
            "revenue": 116305
        },
        "2008-09": {
            "month": "2008-09",
            "price": "11.31",
            "revenue": 108553
        },
        "2008-10": {
            "month": "2008-10",
            "price": "8.98",
            "revenue": 105983
        },
        "2008-11": {
            "month": "2008-11",
            "price": "9.03",
            "revenue": 76030
        },
        "2008-12": {
            "month": "2008-12",
            "price": "9.01",
            "revenue": 74151
        },
        "2009-01": {
            "month": "2009-01",
            "price": "12.20",
            "revenue": 41138
        },
        "2009-02": {
            "month": "2009-02",
            "price": "16.32",
            "revenue": 78047
        },
        "2009-03": {
            "month": "2009-03",
            "price": "16.14",
            "revenue": 84543
        },
        "2009-04": {
            "month": "2009-04",
            "price": "18.35",
            "revenue": 101768
        },
        "2009-05": {
            "month": "2009-05",
            "price": "18.54",
            "revenue": 89626
        },
        "2009-06": {
            "month": "2009-06",
            "price": "15.74",
            "revenue": 110129
        },
        "2009-07": {
            "month": "2009-07",
            "price": "17.22",
            "revenue": 108539
        },
        "2009-08": {
            "month": "2009-08",
            "price": "16.46",
            "revenue": 85132
        },
        "2009-09": {
            "month": "2009-09",
            "price": "18.01",
            "revenue": 96055
        },
        "2009-10": {
            "month": "2009-10",
            "price": "22.27",
            "revenue": 95755
        },
        "2009-11": {
            "month": "2009-11",
            "price": "20.70",
            "revenue": 109916
        },
        "2009-12": {
            "month": "2009-12",
            "price": "24.90",
            "revenue": 105263
        },
        "2010-01": {
            "month": "2010-01",
            "price": "29.26",
            "revenue": 96217
        },
        "2010-02": {
            "month": "2010-02",
            "price": "25.24",
            "revenue": 56439
        },
        "2010-03": {
            "month": "2010-03",
            "price": "28.19",
            "revenue": 126874
        },
        "2010-04": {
            "month": "2010-04",
            "price": "37.73",
            "revenue": 120377
        },
        "2010-05": {
            "month": "2010-05",
            "price": "34.98",
            "revenue": 114831
        },
        "2010-06": {
            "month": "2010-06",
            "price": "31.78",
            "revenue": 105189
        },
        "2010-07": {
            "month": "2010-07",
            "price": "35.26",
            "revenue": 114016
        },
        "2010-08": {
            "month": "2010-08",
            "price": "46.37",
            "revenue": 128051
        },
        "2010-09": {
            "month": "2010-09",
            "price": "51.00",
            "revenue": 103731
        },
        "2010-10": {
            "month": "2010-10",
            "price": "41.68",
            "revenue": 128463
        },
        "2010-11": {
            "month": "2010-11",
            "price": "33.73",
            "revenue": 115554
        },
        "2010-12": {
            "month": "2010-12",
            "price": "35.35",
            "revenue": 109032
        },
        "2011-01": {
            "month": "2011-01",
            "price": "32.48",
            "revenue": 96129
        },
        "2011-02": {
            "month": "2011-02",
            "price": "29.54",
            "revenue": 91038
        },
        "2011-03": {
            "month": "2011-03",
            "price": "33.15",
            "revenue": 151422
        },
        "2011-04": {
            "month": "2011-04",
            "price": "33.89",
            "revenue": 110838
        },
        "2011-05": {
            "month": "2011-05",
            "price": "32.40",
            "revenue": 102912
        },
        "2011-06": {
            "month": "2011-06",
            "price": "32.99",
            "revenue": 113896
        },
        "2011-07": {
            "month": "2011-07",
            "price": "30.39",
            "revenue": 112916
        },
        "2011-08": {
            "month": "2011-08",
            "price": "21.47",
            "revenue": 124136
        },
        "2011-09": {
            "month": "2011-09",
            "price": "18.78",
            "revenue": 125445
        },
        "2011-10": {
            "month": "2011-10",
            "price": "17.79",
            "revenue": 99401
        },
        "2011-11": {
            "month": "2011-11",
            "price": "18.05",
            "revenue": 104549
        },
        "2011-12": {
            "month": "2011-12",
            "price": "16.05",
            "revenue": 95643
        },
        "2012-01": {
            "month": "2012-01",
            "price": "16.49",
            "revenue": 82140
        },
        "2012-02": {
            "month": "2012-02",
            "price": "21.01",
            "revenue": 150225
        },
        "2012-03": {
            "month": "2012-03",
            "price": "25.34",
            "revenue": 131202
        },
        "2012-04": {
            "month": "2012-04",
            "price": "21.46",
            "revenue": 108325
        },
        "2012-05": {
            "month": "2012-05",
            "price": "19.58",
            "revenue": 117162
        },
        "2012-06": {
            "month": "2012-06",
            "price": "18.03",
            "revenue": 93432
        },
        "2012-07": {
            "month": "2012-07",
            "price": "18.44",
            "revenue": 127395
        },
        "2012-08": {
            "month": "2012-08",
            "price": "19.69",
            "revenue": 138862
        },
        "2012-09": {
            "month": "2012-09",
            "price": "21.51",
            "revenue": 112458
        },
        "2012-10": {
            "month": "2012-10",
            "price": "19.25",
            "revenue": 133880
        },
        "2012-11": {
            "month": "2012-11",
            "price": "17.11",
            "revenue": 109707
        },
        "2012-12": {
            "month": "2012-12",
            "price": "18.24",
            "revenue": 98668
        },
        "2013-01": {
            "month": "2013-01",
            "price": "18.40",
            "revenue": 112813
        },
        "2013-02": {
            "month": "2013-02",
            "price": "17.91",
            "revenue": 88753
        },
        "2013-03": {
            "month": "2013-03",
            "price": "17.79",
            "revenue": 120832
        },
        "2013-04": {
            "month": "2013-04",
            "price": "18.10",
            "revenue": 112306
        },
        "2013-05": {
            "month": "2013-05",
            "price": "18.41",
            "revenue": 115590
        },
        "2013-06": {
            "month": "2013-06",
            "price": "20.80",
            "revenue": 114733
        },
        "2013-07": {
            "month": "2013-07",
            "price": "20.79",
            "revenue": 117164
        },
        "2013-08": {
            "month": "2013-08",
            "price": "18.68",
            "revenue": 134685
        },
        "2013-09": {
            "month": "2013-09",
            "price": "17.94",
            "revenue": 116193
        },
        "2013-10": {
            "month": "2013-10",
            "price": "18.12",
            "revenue": 115080
        },
        "2013-11": {
            "month": "2013-11",
            "price": "16.95",
            "revenue": 116622
        },
        "2013-12": {
            "month": "2013-12",
            "price": "17.07",
            "revenue": 98501
        },
        "2014-01": {
            "month": "2014-01",
            "price": "17.44",
            "revenue": 91715
        },
        "2014-02": {
            "month": "2014-02",
            "price": "17.25",
            "revenue": 95063
        },
        "2014-03": {
            "month": "2014-03",
            "price": "17.85",
            "revenue": 116176
        },
        "2014-04": {
            "month": "2014-04",
            "price": "17.53",
            "revenue": 113959
        },
        "2014-05": {
            "month": "2014-05",
            "price": "16.53",
            "revenue": 109560
        },
        "2014-06": {
            "month": "2014-06",
            "price": "16.29",
            "revenue": 106128
        },
        "2014-07": {
            "month": "2014-07",
            "price": "16.10",
            "revenue": 107331
        },
        "2014-08": {
            "month": "2014-08",
            "price": "15.04",
            "revenue": 118953
        },
        "2014-09": {
            "month": "2014-09",
            "price": "14.25",
            "revenue": 97520
        },
        "2014-10": {
            "month": "2014-10",
            "price": "13.02",
            "revenue": 112765
        },
        "2014-11": {
            "month": "2014-11",
            "price": "12.39",
            "revenue": 103517
        },
        "2014-12": {
            "month": "2014-12",
            "price": "12.72",
            "revenue": 103444
        },
        "2015-01": {
            "month": "2015-01",
            "price": "13.70",
            "revenue": 98290
        },
        "2015-02": {
            "month": "2015-02",
            "price": "13.29",
            "revenue": 55299
        },
        "2015-03": {
            "month": "2015-03",
            "price": "13.72",
            "revenue": 120039
        },
        "2015-04": {
            "month": "2015-04",
            "price": "13.71",
            "revenue": 90715
        },
        "2015-05": {
            "month": "2015-05",
            "price": "12.47",
            "revenue": 95312
        },
        "2015-06": {
            "month": "2015-06",
            "price": "11.40",
            "revenue": 84344
        },
        "2015-07": {
            "month": "2015-07",
            "price": "11.00",
            "revenue": 88740
        },
        "2015-08": {
            "month": "2015-08",
            "price": "9.44",
            "revenue": 92463
        },
        "2015-09": {
            "month": "2015-09",
            "price": "9.35",
            "revenue": 88867
        },
        "2015-10": {
            "month": "2015-10",
            "price": "10.35",
            "revenue": 96706
        },
        "2015-11": {
            "month": "2015-11",
            "price": "10.44",
            "revenue": 87034
        },
        "2015-12": {
            "month": "2015-12",
            "price": "9.29",
            "revenue": 98454
        },
        "2016-01": {
            "month": "2016-01",
            "price": "8.96",
            "revenue": 80190
        },
        "2016-02": {
            "month": "2016-02",
            "price": "9.42",
            "revenue": 54963
        },
        "2016-03": {
            "month": "2016-03",
            "price": "10.31",
            "revenue": 103682
        },
        "2016-04": {
            "month": "2016-04",
            "price": "10.21",
            "revenue": 98606
        },
        "2016-05": {
            "month": "2016-05",
            "price": "9.62",
            "revenue": 93388
        },
        "2016-06": {
            "month": "2016-06",
            "price": "9.75",
            "revenue": 91271
        },
        "2016-07": {
            "month": "2016-07",
            "price": "10.54",
            "revenue": 91706
        },
        "2016-08": {
            "month": "2016-08",
            "price": "11.31",
            "revenue": 95781
        },
        "2016-09": {
            "month": "2016-09",
            "price": "12.96",
            "revenue": 83092
        },
        "2016-10": {
            "month": "2016-10",
            "price": "11.61",
            "revenue": 90155
        },
        "2016-11": {
            "month": "2016-11",
            "price": "10.66",
            "revenue": 95881
        },
        "2016-12": {
            "month": "2016-12",
            "price": "11.55",
            "revenue": 104706
        },
        "2017-01": {
            "month": "2017-01",
            "price": "11.88",
            "revenue": 84605
        },
        "2017-02": {
            "month": "2017-02",
            "price": "14.75",
            "revenue": 76766
        },
        "2017-03": {
            "month": "2017-03",
            "price": "21.96",
            "revenue": 105957
        },
        "2017-04": {
            "month": "2017-04",
            "price": "23.08",
            "revenue": 87958
        },
        "2017-05": {
            "month": "2017-05",
            "price": "22.81",
            "revenue": 95449
        },
        "2017-06": {
            "month": "2017-06",
            "price": "24.30",
            "revenue": 89867
        },
        "2017-07": {
            "month": "2017-07",
            "price": "23.25",
            "revenue": 76658
        },
        "2017-08": {
            "month": "2017-08",
            "price": "22.56",
            "revenue": 95596
        },
        "2017-09": {
            "month": "2017-09",
            "price": "24.74",
            "revenue": 92794
        },
        "2017-10": {
            "month": "2017-10",
            "price": "24.83",
            "revenue": 93300
        },
        "2017-11": {
            "month": "2017-11",
            "price": "22.46",
            "revenue": 102580
        },
        "2017-12": {
            "month": "2017-12",
            "price": "21.05",
            "revenue": 99123
        },
        "2018-01": {
            "month": "2018-01",
            "price": "22.57",
            "revenue": 96549
        },
        "2018-02": {
            "month": "2018-02",
            "price": "21.60",
            "revenue": 46340
        },
        "2018-03": {
            "month": "2018-03",
            "price": "21.35",
            "revenue": 106594
        },
        "2018-04": {
            "month": "2018-04",
            "price": "21.23",
            "revenue": 85532
        },
        "2018-05": {
            "month": "2018-05",
            "price": "21.60",
            "revenue": 110948
        },
        "2018-06": {
            "month": "2018-06",
            "price": "22.18",
            "revenue": 92379
        },
        "2018-07": {
            "month": "2018-07",
            "price": "22.07",
            "revenue": 96066
        },
        "2018-08": {
            "month": "2018-08",
            "price": "22.18",
            "revenue": 95217
        },
        "2018-09": {
            "month": "2018-09",
            "price": "20.59",
            "revenue": 83317
        },
        "2018-10": {
            "month": "2018-10",
            "price": "20.22",
            "revenue": 102340
        },
        "2018-11": {
            "month": "2018-11",
            "price": "19.76",
            "revenue": 93218
        },
        "2018-12": {
            "month": "2018-12",
            "price": "19.65",
            "revenue": 75013
        },
        "2019-01": {
            "month": "2019-01",
            "price": "18.93",
            "revenue": 86416
        },
        "2019-02": {
            "month": "2019-02",
            "price": "18.32",
            "revenue": 66581
        },
        "2019-03": {
            "month": "2019-03",
            "price": "16.54",
            "revenue": 88750
        },
        "2019-04": {
            "month": "2019-04",
            "price": "15.36",
            "revenue": 83242
        },
        "2019-05": {
            "month": "2019-05",
            "price": "14.23",
            "revenue": 93189
        },
        "2019-06": {
            "month": "2019-06",
            "price": "14.56",
            "revenue": 77689
        },
        "2019-07": {
            "month": "2019-07",
            "price": "14.63",
            "revenue": 77024
        },
        "2019-08": {
            "month": "2019-08",
            "price": "14.73",
            "revenue": 90765
        },
        "2019-09": {
            "month": "2019-09",
            "price": "14.41",
            "revenue": 81755
        },
        "2019-10": {
            "month": "2019-10",
            "price": "14.04",
            "revenue": 92727
        },
        "2019-11": {
            "month": "2019-11",
            "price": "14.12",
            "revenue": 74592
        },
        "2019-12": {
            "month": "2019-12",
            "price": "14.20",
            "revenue": 79873
        },
        "2020-01": {
            "month": "2020-01",
            "price": "16.18",
            "revenue": 55825
        },
        "2020-02": {
            "month": "2020-02",
            "price": "16.00",
            "revenue": 57456
        },
        "2020-03": {
            "month": "2020-03",
            "price": "14.60",
            "revenue": 73289
        },
        "2020-04": {
            "month": "2020-04",
            "price": "14.26",
            "revenue": 48551
        },
        "2020-05": {
            "month": "2020-05",
            "price": "14.14",
            "revenue": 55610
        },
        "2020-06": {
            "month": "2020-06",
            "price": "14.19",
            "revenue": 71304
        },
        "2020-07": {
            "month": "2020-07",
            "price": "14.22",
            "revenue": 77902
        },
        "2020-08": {
            "month": "2020-08",
            "price": "13.89",
            "revenue": 76755
        },
        "2020-09": {
            "month": "2020-09",
            "price": "14.48",
            "revenue": 88992
        },
        "2020-10": {
            "month": "2020-10",
            "price": "14.54",
            "revenue": 70723
        },
        "2020-11": {
            "month": "2020-11",
            "price": "14.58",
            "revenue": 77149
        },
        "2020-12": {
            "month": "2020-12",
            "price": "16.43",
            "revenue": 81026
        },
        "2021-01": {
            "month": "2021-01",
            "price": "15.52",
            "revenue": 69557
        },
        "2021-02": {
            "month": "2021-02",
            "price": "15.09",
            "revenue": 61319
        },
        "2021-03": {
            "month": "2021-03",
            "price": "14.71",
            "revenue": 101033
        },
        "2021-04": {
            "month": "2021-04",
            "price": "16.20",
            "revenue": 69205
        },
        "2021-05": {
            "month": "2021-05",
            "price": "16.18",
            "revenue": 75920
        },
        "2021-06": {
            "month": "2021-06",
            "price": "15.75",
            "revenue": 49672
        },
        "2021-07": {
            "month": "2021-07",
            "price": "15.44",
            "revenue": 57222
        },
        "2021-08": {
            "month": "2021-08",
            "price": "14.58",
            "revenue": 43339
        },
        "2021-09": {
            "month": "2021-09",
            "price": "14.16",
            "revenue": 56775
        },
        "2021-10": {
            "month": "2021-10",
            "price": "14.43",
            "revenue": 46312
        },
        "2021-11": {
            "month": "2021-11",
            "price": "14.58",
            "revenue": 65945
        },
        "2021-12": {
            "month": "2021-12",
            "price": "14.95",
            "revenue": 65897
        },
        "2022-01": {
            "month": "2022-01",
            "price": "15.08",
            "revenue": 44714
        },
        "2022-02": {
            "month": "2022-02",
            "price": "14.86",
            "revenue": 44047
        },
        "2022-03": {
            "month": "2022-03",
            "price": "14.62",
            "revenue": 75153
        },
        "2022-04": {
            "month": "2022-04",
            "price": "16.44",
            "revenue": 70956
        },
        "2022-05": {
            "month": "2022-05",
            "price": "15.25",
            "revenue": 67097
        },
        "2022-06": {
            "month": "2022-06",
            "price": "15.21",
            "revenue": 76455
        },
        "2022-07": {
            "month": "2022-07",
            "price": "14.78",
            "revenue": 48301
        },
        "2022-08": {
            "month": "2022-08",
            "price": "15.38",
            "revenue": 50930
        },
        "2022-09": {
            "month": "2022-09",
            "price": "14.48",
            "revenue": 27834
        },
        "2022-10": {
            "month": "2022-10",
            "price": "12.37",
            "revenue": 52586
        },
        "2022-11": {
            "month": "2022-11",
            "price": "12.57",
            "revenue": 60631
        },
        "2022-12": {
            "month": "2022-12",
            "price": "12.63",
            "revenue": 45760
        },
        "2023-01": {
            "month": "2023-01",
            "price": "12.27",
            "revenue": 23554
        },
        "2023-02": {
            "month": "2023-02",
            "price": "12.40",
            "revenue": 49116
        },
        "2023-03": {
            "month": "2023-03",
            "price": "12.58",
            "revenue": 42615
        },
        "2023-04": {
            "month": "2023-04",
            "price": "12.55",
            "revenue": 37739
        },
        "2023-05": {
            "month": "2023-05",
            "price": "12.76",
            "revenue": 37576
        },
        "2023-06": {
            "month": "2023-06",
            "price": "12.96",
            "revenue": 52081
        },
        "2023-07": {
            "month": "2023-07",
            "price": "13.40",
            "revenue": 46381
        },
        "2023-08": {
            "month": "2023-08",
            "price": "13.08",
            "revenue": 49099
        },
        "2023-09": {
            "month": "2023-09",
            "price": "12.69",
            "revenue": 48155
        },
        "2023-10": {
            "month": "2023-10",
            "price": "12.57",
            "revenue": 47194
        },
        "2023-11": {
            "month": "2023-11",
            "price": "12.80",
            "revenue": 56398
        },
        "2023-12": {
            "month": "2023-12",
            "price": "12.89",
            "revenue": 38698
        }
    }
}
