{
    "summary": {
        "stock_name": "德淵",
        "stock_id": "4720",
        "category": "化工",
        "main_business": "熱熔膠等黏劑.塗劑.填縫劑.脫模劑等化學品之加工製造買賣業務<br>醫療器材買賣業務<br>迴流設備振動機產品標示設備等自動化設備之設計組合維修買賣業務",
        "website_url": "http://www.texyear.com",
        "ceo": "蕭向志",
        "pe_ratio": 59,
        "report_year_from": 2001,
        "report_year_to": 2023,
        "age": 22,
        "eps_negative_percentage": 0,
        "eps_growth_avg": {
            "last_all": -0.24,
            "last_2y": -14.32,
            "last_4y": 1.19,
            "last_8y": -0.81,
            "last_12y": 2.6,
            "last_16y": 6.1,
            "last_20y": -0.24,
            "at_2006_last_3y": -2.3,
            "at_2007_last_3y": 15.5,
            "at_2008_last_3y": 10.14,
            "at_2009_last_3y": 17.47,
            "at_2010_last_3y": -20.03,
            "at_2011_last_3y": -10.38,
            "at_2012_last_3y": 11.06,
            "at_2013_last_3y": 10.26,
            "at_2014_last_3y": 38.21,
            "at_2015_last_3y": 17.07,
            "at_2016_last_3y": 4.67,
            "at_2017_last_3y": -3.31,
            "at_2018_last_3y": -17.24,
            "at_2019_last_3y": -10.39,
            "at_2020_last_3y": 9.91,
            "at_2021_last_3y": 11.17,
            "at_2022_last_3y": -0.03,
            "at_2023_last_3y": -0.03,
            "at_2006_last_all": -1.74,
            "at_2007_last_all": 8.78,
            "at_2008_last_all": -1.24,
            "at_2009_last_all": -4.86,
            "at_2010_last_all": -9.87,
            "at_2011_last_all": 1.12,
            "at_2012_last_all": 3.23,
            "at_2013_last_all": 0.18,
            "at_2014_last_all": 4.92,
            "at_2015_last_all": 5.67,
            "at_2016_last_all": 3.62,
            "at_2017_last_all": -0.69,
            "at_2018_last_all": -0.29,
            "at_2019_last_all": 2.1,
            "at_2020_last_all": 4.94,
            "at_2021_last_all": 1.68,
            "at_2022_last_all": -0.24,
            "at_2023_last_all": -0.24
        },
        "latest_eps": 0.25,
        "latest_price": 14.7,
        "latest_roe": 1.41,
        "latest_gross_margin": 18.18,
        "latest_equity": 1440937,
        "latest_revenue": 833283,
        "latest_gross_profit": 151511,
        "latest_net_income": 9937,
        "latest_debt_ratio": 53.19,
        "latest_current_ratio": 150.3,
        "latest_account_receivable_turnover_ratio": 1.38,
        "latest_inventory_turnover_ratio": 1.19,
        "latest_reinvestment_rate": -89.99,
        "latest_research_to_sale_ratio": 2.5
    },
    "eps_dividends": {
        "1999": {
            "cash": 0,
            "stock": 1.5,
            "eps": 0
        },
        "2000": {
            "cash": 0,
            "stock": 2.5,
            "eps": 0
        },
        "2001": {
            "cash": 1,
            "stock": 1,
            "eps": 2.13
        },
        "2002": {
            "cash": 0.7,
            "stock": 1,
            "eps": 2.14
        },
        "2003": {
            "cash": 0.7,
            "stock": 1,
            "eps": 1.93
        },
        "2004": {
            "cash": 0.5,
            "stock": 1,
            "eps": 1.16
        },
        "2005": {
            "cash": 0.3,
            "stock": 0.5,
            "eps": 0.47
        },
        "2006": {
            "cash": 0,
            "stock": 0.5,
            "eps": 1.01
        },
        "2007": {
            "cash": 0.3,
            "stock": 0.5,
            "eps": 1.63
        },
        "2008": {
            "cash": 0.5,
            "stock": 0.5,
            "eps": 0.63
        },
        "2009": {
            "cash": 0,
            "stock": 0.5,
            "eps": 0.44
        },
        "2010": {
            "cash": 0.25,
            "stock": 0.25,
            "eps": 0.22
        },
        "2011": {
            "cash": 0.45,
            "stock": 0.5,
            "eps": 0.82
        },
        "2012": {
            "cash": 0,
            "stock": 0,
            "eps": 1.02
        },
        "2013": {
            "cash": 0.7,
            "stock": 0.3,
            "eps": 0.68
        },
        "2014": {
            "cash": 0.6,
            "stock": 0,
            "eps": 1.1
        },
        "2015": {
            "cash": 0.3,
            "stock": 0.7,
            "eps": 1.27
        },
        "2016": {
            "cash": 1,
            "stock": 0,
            "eps": 0.95
        },
        "2017": {
            "cash": 0.6,
            "stock": 0,
            "eps": 0.33
        },
        "2018": {
            "cash": 0.2,
            "stock": 0,
            "eps": 0.35
        },
        "2019": {
            "cash": 0.15,
            "stock": 0,
            "eps": 0.5
        },
        "2020": {
            "cash": 0.3,
            "stock": 0,
            "eps": 0.78
        },
        "2021": {
            "cash": 0,
            "stock": 0.5,
            "eps": 0.31
        },
        "2022": {
            "cash": 0.2,
            "stock": 0,
            "eps": 0.19
        },
        "2023": {
            "cash": 0.2,
            "stock": 0,
            "eps": 0.12
        }
    },
    "dividends": {
        "1999-05-29": {
            "cash": 0,
            "stock": 1.5
        },
        "2000-06-17": {
            "cash": 0,
            "stock": 2.5
        },
        "2001-05-21": {
            "cash": 1,
            "stock": 1
        },
        "2002-05-29": {
            "cash": 0.7,
            "stock": 1
        },
        "2003-03-21": {
            "cash": 0.7,
            "stock": 1
        },
        "2004-03-19": {
            "cash": 0.5,
            "stock": 1
        },
        "2005-03-31": {
            "cash": 0.3,
            "stock": 0.5
        },
        "2006-03-24": {
            "cash": 0,
            "stock": 0.5
        },
        "2007-03-23": {
            "cash": 0.3,
            "stock": 0.5
        },
        "2008-03-21": {
            "cash": 0.5,
            "stock": 0.5
        },
        "2009-03-27": {
            "cash": 0,
            "stock": 0.5
        },
        "2010-03-26": {
            "cash": 0.25,
            "stock": 0.25
        },
        "2011-01-01": {
            "cash": 0.25,
            "stock": 0.5
        },
        "2011-03-25": {
            "cash": 0.2,
            "stock": 0
        },
        "2013-03-27": {
            "cash": 0.7,
            "stock": 0.3
        },
        "2014-06-17": {
            "cash": 0.6,
            "stock": 0
        },
        "2015-08-21": {
            "cash": 0.3,
            "stock": 0.7
        },
        "2016-08-19": {
            "cash": 1,
            "stock": 0
        },
        "2017-08-31": {
            "cash": 0.6,
            "stock": 0
        },
        "2018-08-29": {
            "cash": 0.2,
            "stock": 0
        },
        "2019-08-23": {
            "cash": 0.15,
            "stock": 0
        },
        "2020-08-21": {
            "cash": 0.3,
            "stock": 0
        },
        "2021-03-26": {
            "cash": 0,
            "stock": 0.5
        },
        "2022-09-02": {
            "cash": 0.2,
            "stock": 0
        },
        "2023-08-30": {
            "cash": 0.2,
            "stock": 0
        }
    },
    "prices": {
        "200101": "無",
        "200102": "無",
        "200103": "21.15",
        "200104": "20.59",
        "200105": "17.98",
        "200106": "16.38",
        "200107": "14.85",
        "200108": "13.36",
        "200109": "12.53",
        "200110": "12.87",
        "200111": "13.71",
        "200112": "15.43",
        "200201": "16.77",
        "200202": "17.76",
        "200203": "18.54",
        "200204": "19.05",
        "200205": "19.65",
        "200206": "23.02",
        "200207": "23.71",
        "200208": "20.92",
        "200209": "19.72",
        "200210": "18.10",
        "200211": "20.07",
        "200212": "21.82",
        "200301": "21.12",
        "200302": "19.70",
        "200303": "19.55",
        "200304": "19.55",
        "200305": "18.48",
        "200306": "19.38",
        "200307": "18.58",
        "200308": "17.34",
        "200309": "18.05",
        "200310": "17.76",
        "200311": "18.30",
        "200312": "18.15",
        "200401": "18.84",
        "200402": "19.60",
        "200403": "19.09",
        "200404": "18.84",
        "200405": "17.96",
        "200406": "17.89",
        "200407": "17.36",
        "200408": "15.72",
        "200409": "14.87",
        "200410": "14.81",
        "200411": "14.16",
        "200412": "13.75",
        "200501": "13.83",
        "200502": "13.70",
        "200503": "14.26",
        "200504": "13.92",
        "200505": "12.31",
        "200506": "12.16",
        "200507": "12.01",
        "200508": "10.84",
        "200509": "9.86",
        "200510": "9.80",
        "200511": "9.39",
        "200512": "9.21",
        "200601": "9.10",
        "200602": "9.41",
        "200603": "9.43",
        "200604": "9.15",
        "200605": "10.05",
        "200606": "9.35",
        "200607": "9.25",
        "200608": "9.05",
        "200609": "8.65",
        "200610": "8.99",
        "200611": "9.36",
        "200612": "10.63",
        "200701": "11.68",
        "200702": "11.79",
        "200703": "12.13",
        "200704": "12.92",
        "200705": "13.34",
        "200706": "16.00",
        "200707": "20.80",
        "200708": "20.68",
        "200709": "18.79",
        "200710": "17.11",
        "200711": "14.73",
        "200712": "13.95",
        "200801": "13.09",
        "200802": "12.39",
        "200803": "12.84",
        "200804": "13.35",
        "200805": "13.82",
        "200806": "12.71",
        "200807": "11.60",
        "200808": "10.81",
        "200809": "10.46",
        "200810": "12.29",
        "200811": "13.26",
        "200812": "11.44",
        "200901": "11.68",
        "200902": "11.14",
        "200903": "11.41",
        "200904": "12.79",
        "200905": "13.36",
        "200906": "14.53",
        "200907": "13.54",
        "200908": "13.04",
        "200909": "13.57",
        "200910": "15.65",
        "200911": "16.44",
        "200912": "16.15",
        "201001": "15.86",
        "201002": "14.29",
        "201003": "17.05",
        "201004": "19.72",
        "201005": "17.60",
        "201006": "18.75",
        "201007": "18.91",
        "201008": "25.23",
        "201009": "25.74",
        "201010": "22.56",
        "201011": "20.16",
        "201012": "20.27",
        "201101": "20.45",
        "201102": "19.98",
        "201103": "20.69",
        "201104": "20.71",
        "201105": "17.65",
        "201106": "17.70",
        "201107": "16.44",
        "201108": "14.03",
        "201109": "13.15",
        "201110": "13.12",
        "201111": "12.69",
        "201112": "12.25",
        "201201": "12.71",
        "201202": "15.77",
        "201203": "16.63",
        "201204": "15.56",
        "201205": "14.35",
        "201206": "14.25",
        "201207": "14.24",
        "201208": "14.08",
        "201209": "14.65",
        "201210": "14.29",
        "201211": "14.03",
        "201212": "14.51",
        "201301": "15.03",
        "201302": "14.93",
        "201303": "14.97",
        "201304": "14.98",
        "201305": "15.00",
        "201306": "15.19",
        "201307": "15.22",
        "201308": "14.30",
        "201309": "14.66",
        "201310": "15.12",
        "201311": "14.80",
        "201312": "14.65",
        "201401": "14.92",
        "201402": "14.78",
        "201403": "14.85",
        "201404": "14.83",
        "201405": "14.61",
        "201406": "14.56",
        "201407": "14.20",
        "201408": "14.23",
        "201409": "15.73",
        "201410": "15.42",
        "201411": "15.60",
        "201412": "15.52",
        "201501": "15.25",
        "201502": "15.18",
        "201503": "15.17",
        "201504": "15.78",
        "201505": "16.16",
        "201506": "15.73",
        "201507": "15.35",
        "201508": "14.74",
        "201509": "14.97",
        "201510": "15.35",
        "201511": "16.20",
        "201512": "16.43",
        "201601": "16.22",
        "201602": "16.65",
        "201603": "17.00",
        "201604": "16.69",
        "201605": "16.52",
        "201606": "16.52",
        "201607": "16.48",
        "201608": "15.45",
        "201609": "15.28",
        "201610": "15.22",
        "201611": "14.96",
        "201612": "14.83",
        "201701": "14.97",
        "201702": "14.99",
        "201703": "14.91",
        "201704": "14.60",
        "201705": "14.30",
        "201706": "14.27",
        "201707": "14.32",
        "201708": "13.99",
        "201709": "14.12",
        "201710": "14.19",
        "201711": "14.18",
        "201712": "14.20",
        "201801": "14.49",
        "201802": "14.33",
        "201803": "14.49",
        "201804": "14.87",
        "201805": "14.53",
        "201806": "14.07",
        "201807": "13.92",
        "201808": "13.70",
        "201809": "13.41",
        "201810": "12.55",
        "201811": "12.82",
        "201812": "13.36",
        "201901": "13.90",
        "201902": "13.59",
        "201903": "13.57",
        "201904": "13.60",
        "201905": "13.46",
        "201906": "13.46",
        "201907": "13.72",
        "201908": "14.12",
        "201909": "13.97",
        "201910": "13.91",
        "201911": "13.79",
        "201912": "13.68",
        "202001": "13.83",
        "202002": "14.02",
        "202003": "12.59",
        "202004": "12.37",
        "202005": "16.51",
        "202006": "14.13",
        "202007": "13.57",
        "202008": "13.24",
        "202009": "14.02",
        "202010": "13.23",
        "202011": "13.81",
        "202012": "15.45",
        "202101": "15.85",
        "202102": "15.22",
        "202103": "15.95",
        "202104": "18.31",
        "202105": "15.64",
        "202106": "15.05",
        "202107": "14.83",
        "202108": "13.93",
        "202109": "13.99",
        "202110": "14.69",
        "202111": "14.81",
        "202112": "14.85",
        "202201": "17.88",
        "202202": "16.36",
        "202203": "15.65",
        "202204": "15.04",
        "202205": "14.34",
        "202206": "14.51",
        "202207": "13.48",
        "202208": "14.34",
        "202209": "16.11",
        "202210": "14.17",
        "202211": "14.17",
        "202212": "14.23",
        "202301": "13.95",
        "202302": "14.44",
        "202303": "14.43",
        "202304": "14.68",
        "202305": "14.94",
        "202306": "15.18",
        "202307": "14.90",
        "202308": "14.40",
        "202309": "14.78"
    },
    "quarters": {
        "20011": {
            "year_quarter": 20011,
            "year": 2001,
            "quarter": 1,
            "eps": 0.2,
            "eps_growth_year": -53.49,
            "eps_4q": 2.06,
            "eps_4q_growth_year": null,
            "roe": 1.3,
            "roe_4q": 1.3,
            "gross_profit": 41770,
            "gross_margin": 22.8,
            "gross_margin_4q_avg": 22.8,
            "net_income": 5559,
            "revenue": 183212,
            "common_shares": 275000,
            "book_valuer_per_share": 15.66,
            "book_valuer_per_share_4q_avg": 15.66,
            "equity": 430558,
            "current_ratio": 198.19,
            "debt_ratio": 32.15,
            "inventory_turnover_ratio": 1.13,
            "account_receivable_turnover_ratio": null,
            "reinvestment_rate": null,
            "research_to_sale_ratio": null,
            "price_fair": 0,
            "eps_avg_yearly": 0,
            "eps_latest_yearly": 0,
            "eps_growth_yearly": 0
        },
        "20012": {
            "year_quarter": 20012,
            "year": 2001,
            "quarter": 2,
            "eps": 0.52,
            "eps_growth_year": -40.91,
            "eps_4q": 1.89,
            "eps_4q_growth_year": null,
            "roe": 3.38,
            "roe_4q": 4.68,
            "gross_profit": 48739,
            "gross_margin": 22,
            "gross_margin_4q_avg": 22.4,
            "net_income": 14319,
            "revenue": 221499,
            "common_shares": 275000,
            "book_valuer_per_share": 15.14,
            "book_valuer_per_share_4q_avg": 15.4,
            "equity": 416450,
            "current_ratio": 158.99,
            "debt_ratio": 37.8,
            "inventory_turnover_ratio": 1.42,
            "account_receivable_turnover_ratio": null,
            "reinvestment_rate": null,
            "research_to_sale_ratio": null,
            "price_fair": 0,
            "eps_avg_yearly": 0,
            "eps_latest_yearly": 0,
            "eps_growth_yearly": 0
        },
        "20013": {
            "year_quarter": 20013,
            "year": 2001,
            "quarter": 3,
            "eps": 0.82,
            "eps_growth_year": 49.09,
            "eps_4q": 2.05,
            "eps_4q_growth_year": null,
            "roe": 5.78,
            "roe_4q": 10.46,
            "gross_profit": 57668,
            "gross_margin": 23.43,
            "gross_margin_4q_avg": 22.74,
            "net_income": 24768,
            "revenue": 246118,
            "common_shares": 302500,
            "book_valuer_per_share": 14.54,
            "book_valuer_per_share_4q_avg": 15.11,
            "equity": 439842,
            "current_ratio": 159.77,
            "debt_ratio": 35.72,
            "inventory_turnover_ratio": 1.64,
            "account_receivable_turnover_ratio": null,
            "reinvestment_rate": null,
            "research_to_sale_ratio": null,
            "price_fair": 0,
            "eps_avg_yearly": 0,
            "eps_latest_yearly": 0,
            "eps_growth_yearly": 0
        },
        "20014": {
            "year_quarter": 20014,
            "year": 2001,
            "quarter": 4,
            "eps": 0.59,
            "eps_growth_year": -6.35,
            "eps_4q": 2.07,
            "eps_4q_growth_year": -7.31,
            "roe": 3.79,
            "roe_4q": 14.25,
            "gross_profit": 55838,
            "gross_margin": 22.25,
            "gross_margin_4q_avg": 22.62,
            "net_income": 17843,
            "revenue": 250988,
            "common_shares": 302500,
            "book_valuer_per_share": 15.21,
            "book_valuer_per_share_4q_avg": 15.14,
            "equity": 502813,
            "current_ratio": 215.38,
            "debt_ratio": 31.52,
            "inventory_turnover_ratio": 1.68,
            "account_receivable_turnover_ratio": null,
            "reinvestment_rate": null,
            "research_to_sale_ratio": null,
            "price_fair": 0,
            "eps_avg_yearly": 0,
            "eps_latest_yearly": 0,
            "eps_growth_yearly": 0
        },
        "20021": {
            "year_quarter": 20021,
            "year": 2002,
            "quarter": 1,
            "eps": 0.44,
            "eps_growth_year": 120,
            "eps_4q": 2.34,
            "eps_4q_growth_year": 13.89,
            "roe": 2.7,
            "roe_4q": 15.649999999999999,
            "gross_profit": 50654,
            "gross_margin": 21.32,
            "gross_margin_4q_avg": 22.25,
            "net_income": 13173,
            "revenue": 237630,
            "common_shares": 302500,
            "book_valuer_per_share": 15.66,
            "book_valuer_per_share_4q_avg": 15.14,
            "equity": 473579,
            "current_ratio": 182.79,
            "debt_ratio": 30.84,
            "inventory_turnover_ratio": 1.64,
            "account_receivable_turnover_ratio": null,
            "reinvestment_rate": null,
            "research_to_sale_ratio": null,
            "price_fair": 5.28,
            "eps_avg_yearly": 1.76,
            "eps_latest_yearly": 1.76,
            "eps_growth_yearly": -101.69
        },
        "20022": {
            "year_quarter": 20022,
            "year": 2002,
            "quarter": 2,
            "eps": 0.63,
            "eps_growth_year": 21.15,
            "eps_4q": 2.46,
            "eps_4q_growth_year": 30.08,
            "roe": 4.09,
            "roe_4q": 16.36,
            "gross_profit": 63188,
            "gross_margin": 22.6,
            "gross_margin_4q_avg": 22.4,
            "net_income": 19167,
            "revenue": 279613,
            "common_shares": 302500,
            "book_valuer_per_share": 15.32,
            "book_valuer_per_share_4q_avg": 15.18,
            "equity": 463350,
            "current_ratio": 139.17,
            "debt_ratio": 41.59,
            "inventory_turnover_ratio": 1.99,
            "account_receivable_turnover_ratio": null,
            "reinvestment_rate": null,
            "research_to_sale_ratio": null,
            "price_fair": 74.9,
            "eps_avg_yearly": 2.14,
            "eps_latest_yearly": 2.52,
            "eps_growth_yearly": 35.52
        },
        "20023": {
            "year_quarter": 20023,
            "year": 2002,
            "quarter": 3,
            "eps": 0.46,
            "eps_growth_year": -43.9,
            "eps_4q": 1.95,
            "eps_4q_growth_year": -4.65,
            "roe": 3.27,
            "roe_4q": 13.849999999999998,
            "gross_profit": 57809,
            "gross_margin": 19.57,
            "gross_margin_4q_avg": 21.44,
            "net_income": 15457,
            "revenue": 295380,
            "common_shares": 332750,
            "book_valuer_per_share": 14.51,
            "book_valuer_per_share_4q_avg": 15.18,
            "equity": 482856,
            "current_ratio": 160.33,
            "debt_ratio": 35.49,
            "inventory_turnover_ratio": 1.99,
            "account_receivable_turnover_ratio": null,
            "reinvestment_rate": null,
            "research_to_sale_ratio": null,
            "price_fair": 6.12,
            "eps_avg_yearly": 2.04,
            "eps_latest_yearly": 1.84,
            "eps_growth_yearly": -12.3
        },
        "20024": {
            "year_quarter": 20024,
            "year": 2002,
            "quarter": 4,
            "eps": 0.61,
            "eps_growth_year": 3.39,
            "eps_4q": 2.05,
            "eps_4q_growth_year": -0.9,
            "roe": 3.97,
            "roe_4q": 14.030000000000001,
            "gross_profit": 68624,
            "gross_margin": 21.32,
            "gross_margin_4q_avg": 21.2,
            "net_income": 20280,
            "revenue": 321899,
            "common_shares": 332750,
            "book_valuer_per_share": 15.11,
            "book_valuer_per_share_4q_avg": 15.15,
            "equity": 538356,
            "current_ratio": 173.19,
            "debt_ratio": 37.73,
            "inventory_turnover_ratio": 1.86,
            "account_receivable_turnover_ratio": null,
            "reinvestment_rate": null,
            "research_to_sale_ratio": null,
            "price_fair": 71.44,
            "eps_avg_yearly": 2.14,
            "eps_latest_yearly": 2.44,
            "eps_growth_yearly": 23.38
        },
        "20031": {
            "year_quarter": 20031,
            "year": 2003,
            "quarter": 1,
            "eps": 0.32,
            "eps_growth_year": -27.27,
            "eps_4q": 2,
            "eps_4q_growth_year": -14.49,
            "roe": 1.99,
            "roe_4q": 13.32,
            "gross_profit": 58471,
            "gross_margin": 19.72,
            "gross_margin_4q_avg": 20.8,
            "net_income": 10444,
            "revenue": 296471,
            "common_shares": 332750,
            "book_valuer_per_share": 15.43,
            "book_valuer_per_share_4q_avg": 15.09,
            "equity": 513412,
            "current_ratio": 183.63,
            "debt_ratio": 32.17,
            "inventory_turnover_ratio": 1.79,
            "account_receivable_turnover_ratio": null,
            "reinvestment_rate": null,
            "research_to_sale_ratio": null,
            "price_fair": 5.9,
            "eps_avg_yearly": 1.97,
            "eps_latest_yearly": 1.28,
            "eps_growth_yearly": -19.33
        },
        "20032": {
            "year_quarter": 20032,
            "year": 2003,
            "quarter": 2,
            "eps": 0.53,
            "eps_growth_year": -15.87,
            "eps_4q": 1.93,
            "eps_4q_growth_year": -21.62,
            "roe": 3.43,
            "roe_4q": 12.66,
            "gross_profit": 56424,
            "gross_margin": 19.54,
            "gross_margin_4q_avg": 20.04,
            "net_income": 17470,
            "revenue": 288703,
            "common_shares": 332750,
            "book_valuer_per_share": 15.18,
            "book_valuer_per_share_4q_avg": 15.06,
            "equity": 505085,
            "current_ratio": 167.6,
            "debt_ratio": 34.2,
            "inventory_turnover_ratio": 1.98,
            "account_receivable_turnover_ratio": null,
            "reinvestment_rate": null,
            "research_to_sale_ratio": null,
            "price_fair": 69.77,
            "eps_avg_yearly": 1.99,
            "eps_latest_yearly": 2.12,
            "eps_growth_yearly": 27.64
        },
        "20033": {
            "year_quarter": 20033,
            "year": 2003,
            "quarter": 3,
            "eps": 0.52,
            "eps_growth_year": 13.04,
            "eps_4q": 1.81,
            "eps_4q_growth_year": -7.21,
            "roe": 3.78,
            "roe_4q": 13.17,
            "gross_profit": 69182,
            "gross_margin": 19.73,
            "gross_margin_4q_avg": 20.08,
            "net_income": 19387,
            "revenue": 350721,
            "common_shares": 370000,
            "book_valuer_per_share": 14.07,
            "book_valuer_per_share_4q_avg": 14.95,
            "equity": 520542,
            "current_ratio": 156.91,
            "debt_ratio": 37.27,
            "inventory_turnover_ratio": 2.38,
            "account_receivable_turnover_ratio": null,
            "reinvestment_rate": null,
            "research_to_sale_ratio": null,
            "price_fair": 65.42,
            "eps_avg_yearly": 2.01,
            "eps_latest_yearly": 2.08,
            "eps_growth_yearly": 22.62
        },
        "20034": {
            "year_quarter": 20034,
            "year": 2003,
            "quarter": 4,
            "eps": 0.56,
            "eps_growth_year": -8.2,
            "eps_4q": 1.84,
            "eps_4q_growth_year": -10.1,
            "roe": 3.89,
            "roe_4q": 13.09,
            "gross_profit": 76635,
            "gross_margin": 21.75,
            "gross_margin_4q_avg": 20.19,
            "net_income": 20679,
            "revenue": 352363,
            "common_shares": 370000,
            "book_valuer_per_share": 14.65,
            "book_valuer_per_share_4q_avg": 14.83,
            "equity": 542220,
            "current_ratio": 172.3,
            "debt_ratio": 41.41,
            "inventory_turnover_ratio": 1.71,
            "account_receivable_turnover_ratio": null,
            "reinvestment_rate": 16.12,
            "research_to_sale_ratio": null,
            "price_fair": 68.45,
            "eps_avg_yearly": 2.04,
            "eps_latest_yearly": 2.24,
            "eps_growth_yearly": 23.64
        },
        "20041": {
            "year_quarter": 20041,
            "year": 2004,
            "quarter": 1,
            "eps": 0.34,
            "eps_growth_year": 6.25,
            "eps_4q": 1.88,
            "eps_4q_growth_year": -5.89,
            "roe": 2.32,
            "roe_4q": 13.42,
            "gross_profit": 60596,
            "gross_margin": 18.37,
            "gross_margin_4q_avg": 19.85,
            "net_income": 12668,
            "revenue": 329868,
            "common_shares": 370000,
            "book_valuer_per_share": 14.9,
            "book_valuer_per_share_4q_avg": 14.7,
            "equity": 551271,
            "current_ratio": 179.69,
            "debt_ratio": 34.8,
            "inventory_turnover_ratio": 1.57,
            "account_receivable_turnover_ratio": null,
            "reinvestment_rate": -11.22,
            "research_to_sale_ratio": null,
            "price_fair": 26.56,
            "eps_avg_yearly": 1.96,
            "eps_latest_yearly": 1.36,
            "eps_growth_yearly": 3.55
        },
        "20042": {
            "year_quarter": 20042,
            "year": 2004,
            "quarter": 2,
            "eps": 0.55,
            "eps_growth_year": 3.77,
            "eps_4q": 1.99,
            "eps_4q_growth_year": 2.91,
            "roe": 3.66,
            "roe_4q": 13.65,
            "gross_profit": 68497,
            "gross_margin": 18.64,
            "gross_margin_4q_avg": 19.62,
            "net_income": 20180,
            "revenue": 367514,
            "common_shares": 370000,
            "book_valuer_per_share": 14.94,
            "book_valuer_per_share_4q_avg": 14.64,
            "equity": 552958,
            "current_ratio": 161.17,
            "debt_ratio": 39.63,
            "inventory_turnover_ratio": 2.18,
            "account_receivable_turnover_ratio": null,
            "reinvestment_rate": -11.66,
            "research_to_sale_ratio": null,
            "price_fair": 69.44,
            "eps_avg_yearly": 1.98,
            "eps_latest_yearly": 2.2,
            "eps_growth_yearly": 27.9
        },
        "20043": {
            "year_quarter": 20043,
            "year": 2004,
            "quarter": 3,
            "eps": 0.29,
            "eps_growth_year": -44.23,
            "eps_4q": 1.58,
            "eps_4q_growth_year": -12.6,
            "roe": 2.14,
            "roe_4q": 12.010000000000002,
            "gross_profit": 58481,
            "gross_margin": 17.3,
            "gross_margin_4q_avg": 19.02,
            "net_income": 11994,
            "revenue": 338057,
            "common_shares": 411000,
            "book_valuer_per_share": 13.78,
            "book_valuer_per_share_4q_avg": 14.57,
            "equity": 566163,
            "current_ratio": 166.57,
            "debt_ratio": 36.51,
            "inventory_turnover_ratio": 1.98,
            "account_receivable_turnover_ratio": null,
            "reinvestment_rate": -6.03,
            "research_to_sale_ratio": null,
            "price_fair": 34.7,
            "eps_avg_yearly": 1.91,
            "eps_latest_yearly": 1.16,
            "eps_growth_yearly": 8.17
        },
        "20044": {
            "year_quarter": 20044,
            "year": 2004,
            "quarter": 4,
            "eps": -0.02,
            "eps_growth_year": -103.57,
            "eps_4q": 1.07,
            "eps_4q_growth_year": -41.88,
            "roe": -0.17,
            "roe_4q": 7.950000000000001,
            "gross_profit": 51134,
            "gross_margin": 16.89,
            "gross_margin_4q_avg": 17.8,
            "net_income": -974,
            "revenue": 302821,
            "common_shares": 411000,
            "book_valuer_per_share": 13.52,
            "book_valuer_per_share_4q_avg": 14.29,
            "equity": 555668,
            "current_ratio": 170.18,
            "debt_ratio": 43.02,
            "inventory_turnover_ratio": 1.23,
            "account_receivable_turnover_ratio": null,
            "reinvestment_rate": 21.3,
            "research_to_sale_ratio": null,
            "price_fair": 34.7,
            "eps_avg_yearly": 1.91,
            "eps_latest_yearly": 1.16,
            "eps_growth_yearly": 8.17
        },
        "20051": {
            "year_quarter": 20051,
            "year": 2005,
            "quarter": 1,
            "eps": 0.1,
            "eps_growth_year": -70.59,
            "eps_4q": 0.86,
            "eps_4q_growth_year": -54.61,
            "roe": 0.74,
            "roe_4q": 6.37,
            "gross_profit": 45746,
            "gross_margin": 14.64,
            "gross_margin_4q_avg": 16.87,
            "net_income": 4131,
            "revenue": 312562,
            "common_shares": 411000,
            "book_valuer_per_share": 13.56,
            "book_valuer_per_share_4q_avg": 13.95,
            "equity": 557298,
            "current_ratio": 187,
            "debt_ratio": 33.2,
            "inventory_turnover_ratio": 1.34,
            "account_receivable_turnover_ratio": null,
            "reinvestment_rate": -4.14,
            "research_to_sale_ratio": null,
            "price_fair": 34.7,
            "eps_avg_yearly": 1.91,
            "eps_latest_yearly": 1.16,
            "eps_growth_yearly": 8.17
        },
        "20052": {
            "year_quarter": 20052,
            "year": 2005,
            "quarter": 2,
            "eps": 0.24,
            "eps_growth_year": -56.36,
            "eps_4q": 0.61,
            "eps_4q_growth_year": -69.1,
            "roe": 1.74,
            "roe_4q": 4.45,
            "gross_profit": 47658,
            "gross_margin": 14.08,
            "gross_margin_4q_avg": 15.73,
            "net_income": 9719,
            "revenue": 338422,
            "common_shares": 411000,
            "book_valuer_per_share": 13.68,
            "book_valuer_per_share_4q_avg": 13.64,
            "equity": 562227,
            "current_ratio": 172.94,
            "debt_ratio": 34.81,
            "inventory_turnover_ratio": 2.19,
            "account_receivable_turnover_ratio": null,
            "reinvestment_rate": -3.9,
            "research_to_sale_ratio": null,
            "price_fair": 64.05,
            "eps_avg_yearly": 1.83,
            "eps_latest_yearly": 0.96,
            "eps_growth_yearly": 54.16
        },
        "20053": {
            "year_quarter": 20053,
            "year": 2005,
            "quarter": 3,
            "eps": 0.17,
            "eps_growth_year": -41.38,
            "eps_4q": 0.47,
            "eps_4q_growth_year": -70.57,
            "roe": 1.29,
            "roe_4q": 3.6000000000000005,
            "gross_profit": 46489,
            "gross_margin": 14.37,
            "gross_margin_4q_avg": 15,
            "net_income": 7391,
            "revenue": 323572,
            "common_shares": 433000,
            "book_valuer_per_share": 13.38,
            "book_valuer_per_share_4q_avg": 13.54,
            "equity": 579394,
            "current_ratio": 155.82,
            "debt_ratio": 35.28,
            "inventory_turnover_ratio": 2.04,
            "account_receivable_turnover_ratio": null,
            "reinvestment_rate": -8.62,
            "research_to_sale_ratio": null,
            "price_fair": 60.95,
            "eps_avg_yearly": 1.74,
            "eps_latest_yearly": 0.68,
            "eps_growth_yearly": 41.02
        },
        "20054": {
            "year_quarter": 20054,
            "year": 2005,
            "quarter": 4,
            "eps": -0.04,
            "eps_growth_year": null,
            "eps_4q": 0.45,
            "eps_4q_growth_year": -57.94,
            "roe": -0.27,
            "roe_4q": 3.5,
            "gross_profit": 40817,
            "gross_margin": 13.57,
            "gross_margin_4q_avg": 14.17,
            "net_income": -1562,
            "revenue": 300884,
            "common_shares": 433000,
            "book_valuer_per_share": 13.3,
            "book_valuer_per_share_4q_avg": 13.48,
            "equity": 575774,
            "current_ratio": 188.38,
            "debt_ratio": 39.12,
            "inventory_turnover_ratio": 1.5,
            "account_receivable_turnover_ratio": null,
            "reinvestment_rate": 2.59,
            "research_to_sale_ratio": null,
            "price_fair": 60.95,
            "eps_avg_yearly": 1.74,
            "eps_latest_yearly": 0.68,
            "eps_growth_yearly": 41.02
        },
        "20061": {
            "year_quarter": 20061,
            "year": 2006,
            "quarter": 1,
            "eps": 0.18,
            "eps_growth_year": 80,
            "eps_4q": 0.55,
            "eps_4q_growth_year": -36.15,
            "roe": 1.32,
            "roe_4q": 4.08,
            "gross_profit": 40770,
            "gross_margin": 14.69,
            "gross_margin_4q_avg": 14.18,
            "net_income": 7645,
            "revenue": 277479,
            "common_shares": 433000,
            "book_valuer_per_share": 13.44,
            "book_valuer_per_share_4q_avg": 13.45,
            "equity": 582131,
            "current_ratio": 195.99,
            "debt_ratio": 31.58,
            "inventory_turnover_ratio": 1.38,
            "account_receivable_turnover_ratio": null,
            "reinvestment_rate": -11.51,
            "research_to_sale_ratio": null,
            "price_fair": 60.9,
            "eps_avg_yearly": 1.74,
            "eps_latest_yearly": 0.68,
            "eps_growth_yearly": 52.91
        },
        "20062": {
            "year_quarter": 20062,
            "year": 2006,
            "quarter": 2,
            "eps": 0.17,
            "eps_growth_year": -29.17,
            "eps_4q": 0.48,
            "eps_4q_growth_year": -21.11,
            "roe": 1.24,
            "roe_4q": 3.58,
            "gross_profit": 39874,
            "gross_margin": 14.08,
            "gross_margin_4q_avg": 14.18,
            "net_income": 7283,
            "revenue": 283177,
            "common_shares": 433000,
            "book_valuer_per_share": 13.59,
            "book_valuer_per_share_4q_avg": 13.43,
            "equity": 588594,
            "current_ratio": 203.5,
            "debt_ratio": 30.14,
            "inventory_turnover_ratio": 1.89,
            "account_receivable_turnover_ratio": null,
            "reinvestment_rate": -14.9,
            "research_to_sale_ratio": null,
            "price_fair": 55.53,
            "eps_avg_yearly": 1.59,
            "eps_latest_yearly": 0.68,
            "eps_growth_yearly": 36.67
        },
        "20063": {
            "year_quarter": 20063,
            "year": 2006,
            "quarter": 3,
            "eps": 0.38,
            "eps_growth_year": 123.53,
            "eps_4q": 0.67,
            "eps_4q_growth_year": 43.96,
            "roe": 2.91,
            "roe_4q": 5.200000000000001,
            "gross_profit": 46646,
            "gross_margin": 14.43,
            "gross_margin_4q_avg": 14.19,
            "net_income": 17448,
            "revenue": 323216,
            "common_shares": 456000,
            "book_valuer_per_share": 13.38,
            "book_valuer_per_share_4q_avg": 13.43,
            "equity": 610334,
            "current_ratio": 225.02,
            "debt_ratio": 27.85,
            "inventory_turnover_ratio": 2.38,
            "account_receivable_turnover_ratio": null,
            "reinvestment_rate": -13.44,
            "research_to_sale_ratio": null,
            "price_fair": 54.6,
            "eps_avg_yearly": 1.56,
            "eps_latest_yearly": 1.52,
            "eps_growth_yearly": 86.84
        },
        "20064": {
            "year_quarter": 20064,
            "year": 2006,
            "quarter": 4,
            "eps": 0.28,
            "eps_growth_year": null,
            "eps_4q": 0.99,
            "eps_4q_growth_year": 119.35,
            "roe": 2.08,
            "roe_4q": 7.550000000000001,
            "gross_profit": 41893,
            "gross_margin": 12.12,
            "gross_margin_4q_avg": 13.83,
            "net_income": 12821,
            "revenue": 345639,
            "common_shares": 456000,
            "book_valuer_per_share": 13.64,
            "book_valuer_per_share_4q_avg": 13.51,
            "equity": 623608,
            "current_ratio": 210.61,
            "debt_ratio": 35.28,
            "inventory_turnover_ratio": 1.87,
            "account_receivable_turnover_ratio": null,
            "reinvestment_rate": -32.53,
            "research_to_sale_ratio": null,
            "price_fair": 50.75,
            "eps_avg_yearly": 1.45,
            "eps_latest_yearly": 1.12,
            "eps_growth_yearly": 67.2
        },
        "20071": {
            "year_quarter": 20071,
            "year": 2007,
            "quarter": 1,
            "eps": 0.3,
            "eps_growth_year": 66.67,
            "eps_4q": 1.13,
            "eps_4q_growth_year": 106.21,
            "roe": 2.16,
            "roe_4q": 8.39,
            "gross_profit": 42620,
            "gross_margin": 14.18,
            "gross_margin_4q_avg": 13.7,
            "net_income": 13638,
            "revenue": 300640,
            "common_shares": 456000,
            "book_valuer_per_share": 14.01,
            "book_valuer_per_share_4q_avg": 13.66,
            "equity": 638948,
            "current_ratio": 223.12,
            "debt_ratio": 26.85,
            "inventory_turnover_ratio": 1.61,
            "account_receivable_turnover_ratio": null,
            "reinvestment_rate": -12.41,
            "research_to_sale_ratio": null,
            "price_fair": 50.52,
            "eps_avg_yearly": 1.44,
            "eps_latest_yearly": 1.2,
            "eps_growth_yearly": 85.42
        },
        "20072": {
            "year_quarter": 20072,
            "year": 2007,
            "quarter": 2,
            "eps": 0.34,
            "eps_growth_year": 100,
            "eps_4q": 1.3,
            "eps_4q_growth_year": 168.52,
            "roe": 2.43,
            "roe_4q": 9.58,
            "gross_profit": 52153,
            "gross_margin": 14.92,
            "gross_margin_4q_avg": 13.91,
            "net_income": 15534,
            "revenue": 349456,
            "common_shares": 456000,
            "book_valuer_per_share": 14.03,
            "book_valuer_per_share_4q_avg": 13.77,
            "equity": 639896,
            "current_ratio": 194.41,
            "debt_ratio": 30.83,
            "inventory_turnover_ratio": 2.76,
            "account_receivable_turnover_ratio": null,
            "reinvestment_rate": -9.53,
            "research_to_sale_ratio": null,
            "price_fair": 48.3,
            "eps_avg_yearly": 1.38,
            "eps_latest_yearly": 1.36,
            "eps_growth_yearly": 67.99
        },
        "20073": {
            "year_quarter": 20073,
            "year": 2007,
            "quarter": 3,
            "eps": 0.5,
            "eps_growth_year": 31.58,
            "eps_4q": 1.37,
            "eps_4q_growth_year": 104.22,
            "roe": 3.69,
            "roe_4q": 10.360000000000001,
            "gross_profit": 60636,
            "gross_margin": 14.81,
            "gross_margin_4q_avg": 14.01,
            "net_income": 24120,
            "revenue": 409368,
            "common_shares": 481600,
            "book_valuer_per_share": 13.85,
            "book_valuer_per_share_4q_avg": 13.88,
            "equity": 667143,
            "current_ratio": 181.08,
            "debt_ratio": 38.66,
            "inventory_turnover_ratio": 3.05,
            "account_receivable_turnover_ratio": null,
            "reinvestment_rate": -6.33,
            "research_to_sale_ratio": null,
            "price_fair": 48.07,
            "eps_avg_yearly": 1.37,
            "eps_latest_yearly": 2,
            "eps_growth_yearly": 84.31
        },
        "20074": {
            "year_quarter": 20074,
            "year": 2007,
            "quarter": 4,
            "eps": 0.49,
            "eps_growth_year": 75,
            "eps_4q": 1.61,
            "eps_4q_growth_year": 62.67,
            "roe": 3.44,
            "roe_4q": 11.72,
            "gross_profit": 56394,
            "gross_margin": 14.98,
            "gross_margin_4q_avg": 14.72,
            "net_income": 23406,
            "revenue": 376559,
            "common_shares": 481600,
            "book_valuer_per_share": 14.36,
            "book_valuer_per_share_4q_avg": 14.06,
            "equity": 695135,
            "current_ratio": 189.72,
            "debt_ratio": 42.59,
            "inventory_turnover_ratio": 1.51,
            "account_receivable_turnover_ratio": null,
            "reinvestment_rate": -7.99,
            "research_to_sale_ratio": null,
            "price_fair": 47.25,
            "eps_avg_yearly": 1.35,
            "eps_latest_yearly": 1.96,
            "eps_growth_yearly": 81.08
        },
        "20081": {
            "year_quarter": 20081,
            "year": 2008,
            "quarter": 1,
            "eps": 0.05,
            "eps_growth_year": -83.33,
            "eps_4q": 1.12,
            "eps_4q_growth_year": -0.93,
            "roe": 0.38,
            "roe_4q": 9.94,
            "gross_profit": 70934,
            "gross_margin": 17.08,
            "gross_margin_4q_avg": 15.45,
            "net_income": 2956,
            "revenue": 415305,
            "common_shares": 611600,
            "book_valuer_per_share": 13.74,
            "book_valuer_per_share_4q_avg": 14,
            "equity": 844192,
            "current_ratio": 236.51,
            "debt_ratio": 33.78,
            "inventory_turnover_ratio": 1.15,
            "account_receivable_turnover_ratio": null,
            "reinvestment_rate": 36.62,
            "research_to_sale_ratio": null,
            "price_fair": 43.87,
            "eps_avg_yearly": 1.25,
            "eps_latest_yearly": 0.2,
            "eps_growth_yearly": 64.24
        },
        "20082": {
            "year_quarter": 20082,
            "year": 2008,
            "quarter": 2,
            "eps": 0.24,
            "eps_growth_year": -29.41,
            "eps_4q": 1.1,
            "eps_4q_growth_year": -15.66,
            "roe": 1.7,
            "roe_4q": 9.209999999999999,
            "gross_profit": 77257,
            "gross_margin": 16.01,
            "gross_margin_4q_avg": 15.72,
            "net_income": 14181,
            "revenue": 482553,
            "common_shares": 611600,
            "book_valuer_per_share": 13.5,
            "book_valuer_per_share_4q_avg": 13.86,
            "equity": 829025,
            "current_ratio": 211.96,
            "debt_ratio": 36.63,
            "inventory_turnover_ratio": 1.41,
            "account_receivable_turnover_ratio": null,
            "reinvestment_rate": 47.2,
            "research_to_sale_ratio": null,
            "price_fair": 40.25,
            "eps_avg_yearly": 1.15,
            "eps_latest_yearly": 0.96,
            "eps_growth_yearly": 170.32
        },
        "20083": {
            "year_quarter": 20083,
            "year": 2008,
            "quarter": 3,
            "eps": 0.37,
            "eps_growth_year": -26,
            "eps_4q": 0.99,
            "eps_4q_growth_year": -27.59,
            "roe": 2.81,
            "roe_4q": 8.33,
            "gross_profit": 101384,
            "gross_margin": 20,
            "gross_margin_4q_avg": 17.02,
            "net_income": 24005,
            "revenue": 507048,
            "common_shares": 647632,
            "book_valuer_per_share": 13.54,
            "book_valuer_per_share_4q_avg": 13.79,
            "equity": 880422,
            "current_ratio": 197.22,
            "debt_ratio": 36.64,
            "inventory_turnover_ratio": 1.31,
            "account_receivable_turnover_ratio": null,
            "reinvestment_rate": 74.17,
            "research_to_sale_ratio": null,
            "price_fair": 41.18,
            "eps_avg_yearly": 1.18,
            "eps_latest_yearly": 1.48,
            "eps_growth_yearly": 204.13
        },
        "20084": {
            "year_quarter": 20084,
            "year": 2008,
            "quarter": 4,
            "eps": -0.03,
            "eps_growth_year": -106.12,
            "eps_4q": 0.61,
            "eps_4q_growth_year": -62.04,
            "roe": -0.27,
            "roe_4q": 4.62,
            "gross_profit": 63116,
            "gross_margin": 16.41,
            "gross_margin_4q_avg": 17.38,
            "net_income": -2345,
            "revenue": 384665,
            "common_shares": 647632,
            "book_valuer_per_share": 13.6,
            "book_valuer_per_share_4q_avg": 13.6,
            "equity": 884226,
            "current_ratio": 222.26,
            "debt_ratio": 32.58,
            "inventory_turnover_ratio": 1.03,
            "account_receivable_turnover_ratio": 2.73,
            "reinvestment_rate": 78.07,
            "research_to_sale_ratio": null,
            "price_fair": 41.18,
            "eps_avg_yearly": 1.18,
            "eps_latest_yearly": 1.48,
            "eps_growth_yearly": 204.13
        },
        "20091": {
            "year_quarter": 20091,
            "year": 2009,
            "quarter": 1,
            "eps": -0.13,
            "eps_growth_year": -360,
            "eps_4q": 0.43,
            "eps_4q_growth_year": -61.84,
            "roe": -0.94,
            "roe_4q": 3.3,
            "gross_profit": 44784,
            "gross_margin": 13.72,
            "gross_margin_4q_avg": 16.54,
            "net_income": -8332,
            "revenue": 326319,
            "common_shares": 647632,
            "book_valuer_per_share": 13.6,
            "book_valuer_per_share_4q_avg": 13.56,
            "equity": 885507,
            "current_ratio": 221.95,
            "debt_ratio": 31.83,
            "inventory_turnover_ratio": 1.05,
            "account_receivable_turnover_ratio": 1.33,
            "reinvestment_rate": 126.83,
            "research_to_sale_ratio": null,
            "price_fair": 41.18,
            "eps_avg_yearly": 1.18,
            "eps_latest_yearly": 1.48,
            "eps_growth_yearly": 204.13
        },
        "20092": {
            "year_quarter": 20092,
            "year": 2009,
            "quarter": 2,
            "eps": 0.14,
            "eps_growth_year": -41.67,
            "eps_4q": 0.33,
            "eps_4q_growth_year": -70.26,
            "roe": 1.1,
            "roe_4q": 2.7,
            "gross_profit": 81525,
            "gross_margin": 19.94,
            "gross_margin_4q_avg": 17.52,
            "net_income": 9725,
            "revenue": 408843,
            "common_shares": 647632,
            "book_valuer_per_share": 13.55,
            "book_valuer_per_share_4q_avg": 13.57,
            "equity": 882383,
            "current_ratio": 202.58,
            "debt_ratio": 33.97,
            "inventory_turnover_ratio": 1.34,
            "account_receivable_turnover_ratio": 1.72,
            "reinvestment_rate": 146.77,
            "research_to_sale_ratio": null,
            "price_fair": 41.87,
            "eps_avg_yearly": 1.2,
            "eps_latest_yearly": 1.48,
            "eps_growth_yearly": 171.78
        },
        "20093": {
            "year_quarter": 20093,
            "year": 2009,
            "quarter": 3,
            "eps": 0.26,
            "eps_growth_year": -29.73,
            "eps_4q": 0.24,
            "eps_4q_growth_year": -75.73,
            "roe": 2.04,
            "roe_4q": 1.9300000000000002,
            "gross_profit": 99522,
            "gross_margin": 20.86,
            "gross_margin_4q_avg": 17.73,
            "net_income": 18133,
            "revenue": 477123,
            "common_shares": 680014,
            "book_valuer_per_share": 13.03,
            "book_valuer_per_share_4q_avg": 13.45,
            "equity": 891243,
            "current_ratio": 192.17,
            "debt_ratio": 36.78,
            "inventory_turnover_ratio": 1.63,
            "account_receivable_turnover_ratio": 1.55,
            "reinvestment_rate": 145.09,
            "research_to_sale_ratio": null,
            "price_fair": 43.02,
            "eps_avg_yearly": 1.23,
            "eps_latest_yearly": 1.04,
            "eps_growth_yearly": 213.56
        },
        "20094": {
            "year_quarter": 20094,
            "year": 2009,
            "quarter": 4,
            "eps": 0.17,
            "eps_growth_year": null,
            "eps_4q": 0.45,
            "eps_4q_growth_year": -26.51,
            "roe": 1.34,
            "roe_4q": 3.5400000000000005,
            "gross_profit": 96316,
            "gross_margin": 20.13,
            "gross_margin_4q_avg": 18.66,
            "net_income": 11958,
            "revenue": 478377,
            "common_shares": 680014,
            "book_valuer_per_share": 13.14,
            "book_valuer_per_share_4q_avg": 13.33,
            "equity": 899565,
            "current_ratio": 217.5,
            "debt_ratio": 39.91,
            "inventory_turnover_ratio": 1.59,
            "account_receivable_turnover_ratio": 3.03,
            "reinvestment_rate": 430.28,
            "research_to_sale_ratio": null,
            "price_fair": 41.42,
            "eps_avg_yearly": 1.18,
            "eps_latest_yearly": 0.68,
            "eps_growth_yearly": 184.22
        },
        "20101": {
            "year_quarter": 20101,
            "year": 2010,
            "quarter": 1,
            "eps": 0.19,
            "eps_growth_year": null,
            "eps_4q": 0.76,
            "eps_4q_growth_year": 78.03,
            "roe": 1.44,
            "roe_4q": 5.92,
            "gross_profit": 90325,
            "gross_margin": 17.7,
            "gross_margin_4q_avg": 19.66,
            "net_income": 13020,
            "revenue": 510212,
            "common_shares": 680014,
            "book_valuer_per_share": 13.25,
            "book_valuer_per_share_4q_avg": 13.24,
            "equity": 907416,
            "current_ratio": 205.32,
            "debt_ratio": 40.62,
            "inventory_turnover_ratio": 1.49,
            "account_receivable_turnover_ratio": 1.5,
            "reinvestment_rate": 451.96,
            "research_to_sale_ratio": 2.49,
            "price_fair": 40.28,
            "eps_avg_yearly": 1.15,
            "eps_latest_yearly": 0.76,
            "eps_growth_yearly": 173.67
        },
        "20102": {
            "year_quarter": 20102,
            "year": 2010,
            "quarter": 2,
            "eps": 0.18,
            "eps_growth_year": 25.62,
            "eps_4q": 0.78,
            "eps_4q_growth_year": 138.57,
            "roe": 1.4,
            "roe_4q": 6.22,
            "gross_profit": 88683,
            "gross_margin": 15.67,
            "gross_margin_4q_avg": 18.59,
            "net_income": 12681,
            "revenue": 566020,
            "common_shares": 680014,
            "book_valuer_per_share": 13.27,
            "book_valuer_per_share_4q_avg": 13.17,
            "equity": 907785,
            "current_ratio": 180.95,
            "debt_ratio": 43.98,
            "inventory_turnover_ratio": 1.45,
            "account_receivable_turnover_ratio": 1.42,
            "reinvestment_rate": 144.59,
            "research_to_sale_ratio": 2.3,
            "price_fair": 40.38,
            "eps_avg_yearly": 1.15,
            "eps_latest_yearly": 0.72,
            "eps_growth_yearly": 173.76
        },
        "20103": {
            "year_quarter": 20103,
            "year": 2010,
            "quarter": 3,
            "eps": -0.12,
            "eps_growth_year": -146.96,
            "eps_4q": 0.4,
            "eps_4q_growth_year": 66.62,
            "roe": -0.9,
            "roe_4q": 3.2800000000000002,
            "gross_profit": 88845,
            "gross_margin": 14.37,
            "gross_margin_4q_avg": 16.97,
            "net_income": -8052,
            "revenue": 618064,
            "common_shares": 697014,
            "book_valuer_per_share": 12.67,
            "book_valuer_per_share_4q_avg": 13.08,
            "equity": 889034,
            "current_ratio": 170.29,
            "debt_ratio": 46.12,
            "inventory_turnover_ratio": 1.59,
            "account_receivable_turnover_ratio": 1.4,
            "reinvestment_rate": 154.66,
            "research_to_sale_ratio": 1.89,
            "price_fair": 39.32,
            "eps_avg_yearly": 1.12,
            "eps_latest_yearly": 0.72,
            "eps_growth_yearly": 147.06
        },
        "20104": {
            "year_quarter": 20104,
            "year": 2010,
            "quarter": 4,
            "eps": -0.03,
            "eps_growth_year": -119.44,
            "eps_4q": 0.2,
            "eps_4q_growth_year": -54.45,
            "roe": -0.21,
            "roe_4q": 1.7299999999999998,
            "gross_profit": 92872,
            "gross_margin": 15.89,
            "gross_margin_4q_avg": 15.91,
            "net_income": -1834,
            "revenue": 584598,
            "common_shares": 697014,
            "book_valuer_per_share": 12.11,
            "book_valuer_per_share_4q_avg": 12.83,
            "equity": 849316,
            "current_ratio": 166.03,
            "debt_ratio": 47.26,
            "inventory_turnover_ratio": 1.52,
            "account_receivable_turnover_ratio": 1.38,
            "reinvestment_rate": 121.69,
            "research_to_sale_ratio": 2.14,
            "price_fair": 39.33,
            "eps_avg_yearly": 1.12,
            "eps_latest_yearly": 0.72,
            "eps_growth_yearly": 170
        },
        "20111": {
            "year_quarter": 20111,
            "year": 2011,
            "quarter": 1,
            "eps": 0.19,
            "eps_growth_year": 0,
            "eps_4q": 0.21,
            "eps_4q_growth_year": -72.72,
            "roe": 1.52,
            "roe_4q": 1.81,
            "gross_profit": 96910,
            "gross_margin": 18.4,
            "gross_margin_4q_avg": 16.08,
            "net_income": 13096,
            "revenue": 526746,
            "common_shares": 697014,
            "book_valuer_per_share": 12.47,
            "book_valuer_per_share_4q_avg": 12.63,
            "equity": 875027,
            "current_ratio": 162.9,
            "debt_ratio": 47.64,
            "inventory_turnover_ratio": 1.17,
            "account_receivable_turnover_ratio": 1.34,
            "reinvestment_rate": 170.51,
            "research_to_sale_ratio": 2.36,
            "price_fair": 39.06,
            "eps_avg_yearly": 1.12,
            "eps_latest_yearly": 0.72,
            "eps_growth_yearly": 184.15
        },
        "20112": {
            "year_quarter": 20112,
            "year": 2011,
            "quarter": 2,
            "eps": 0.1,
            "eps_growth_year": -45.46,
            "eps_4q": 0.13,
            "eps_4q_growth_year": -83.72,
            "roe": 0.83,
            "roe_4q": 1.2400000000000002,
            "gross_profit": 109282,
            "gross_margin": 18.77,
            "gross_margin_4q_avg": 16.86,
            "net_income": 7193,
            "revenue": 582269,
            "common_shares": 697014,
            "book_valuer_per_share": 12.28,
            "book_valuer_per_share_4q_avg": 12.38,
            "equity": 861646,
            "current_ratio": 147.74,
            "debt_ratio": 51.49,
            "inventory_turnover_ratio": 1.22,
            "account_receivable_turnover_ratio": 1.42,
            "reinvestment_rate": 190.9,
            "research_to_sale_ratio": 2.43,
            "price_fair": 35.7,
            "eps_avg_yearly": 1.02,
            "eps_latest_yearly": 0.4,
            "eps_growth_yearly": 159.86
        },
        "20113": {
            "year_quarter": 20113,
            "year": 2011,
            "quarter": 3,
            "eps": 0.26,
            "eps_growth_year": null,
            "eps_4q": 0.51,
            "eps_4q_growth_year": 27.59,
            "roe": 2.11,
            "roe_4q": 4.25,
            "gross_profit": 118256,
            "gross_margin": 18.2,
            "gross_margin_4q_avg": 17.82,
            "net_income": 18782,
            "revenue": 649754,
            "common_shares": 697014,
            "book_valuer_per_share": 13.09,
            "book_valuer_per_share_4q_avg": 12.49,
            "equity": 919282,
            "current_ratio": 148.56,
            "debt_ratio": 50.43,
            "inventory_turnover_ratio": 1.42,
            "account_receivable_turnover_ratio": 1.4,
            "reinvestment_rate": 217.08,
            "research_to_sale_ratio": 2.5,
            "price_fair": 32.34,
            "eps_avg_yearly": 0.92,
            "eps_latest_yearly": 1.04,
            "eps_growth_yearly": 205.04
        },
        "20114": {
            "year_quarter": 20114,
            "year": 2011,
            "quarter": 4,
            "eps": 0.27,
            "eps_growth_year": null,
            "eps_4q": 0.81,
            "eps_4q_growth_year": 298.56,
            "roe": 2.01,
            "roe_4q": 6.469999999999999,
            "gross_profit": 132773,
            "gross_margin": 19.62,
            "gross_margin_4q_avg": 18.75,
            "net_income": 18578,
            "revenue": 676700,
            "common_shares": 697014,
            "book_valuer_per_share": 13.26,
            "book_valuer_per_share_4q_avg": 12.78,
            "equity": 926098,
            "current_ratio": 154.74,
            "debt_ratio": 47.69,
            "inventory_turnover_ratio": 1.56,
            "account_receivable_turnover_ratio": 1.38,
            "reinvestment_rate": 180.6,
            "research_to_sale_ratio": 2.6,
            "price_fair": 29.26,
            "eps_avg_yearly": 0.84,
            "eps_latest_yearly": 1.08,
            "eps_growth_yearly": 207.38
        },
        "20121": {
            "year_quarter": 20121,
            "year": 2012,
            "quarter": 1,
            "eps": 0.22,
            "eps_growth_year": 15.79,
            "eps_4q": 0.85,
            "eps_4q_growth_year": 310.53,
            "roe": 1.66,
            "roe_4q": 6.609999999999999,
            "gross_profit": 125673,
            "gross_margin": 21.53,
            "gross_margin_4q_avg": 19.53,
            "net_income": 15478,
            "revenue": 583800,
            "common_shares": 697014,
            "book_valuer_per_share": 13.42,
            "book_valuer_per_share_4q_avg": 13.01,
            "equity": 935210,
            "current_ratio": 158.71,
            "debt_ratio": 47.07,
            "inventory_turnover_ratio": 1.47,
            "account_receivable_turnover_ratio": 1.27,
            "reinvestment_rate": 180.85,
            "research_to_sale_ratio": 3.08,
            "price_fair": 31.64,
            "eps_avg_yearly": 0.9,
            "eps_latest_yearly": 0.88,
            "eps_growth_yearly": 235.89
        },
        "20122": {
            "year_quarter": 20122,
            "year": 2012,
            "quarter": 2,
            "eps": 0.34,
            "eps_growth_year": 256.38,
            "eps_4q": 1.05,
            "eps_4q_growth_year": 730.15,
            "roe": 2.7,
            "roe_4q": 8.48,
            "gross_profit": 136522,
            "gross_margin": 21.48,
            "gross_margin_4q_avg": 20.21,
            "net_income": 25461,
            "revenue": 635623,
            "common_shares": 697014,
            "book_valuer_per_share": 13.58,
            "book_valuer_per_share_4q_avg": 13.34,
            "equity": 953867,
            "current_ratio": 168.53,
            "debt_ratio": 45.15,
            "inventory_turnover_ratio": 1.64,
            "account_receivable_turnover_ratio": 1.44,
            "reinvestment_rate": 158.01,
            "research_to_sale_ratio": 3.07,
            "price_fair": 33.04,
            "eps_avg_yearly": 0.94,
            "eps_latest_yearly": 1.36,
            "eps_growth_yearly": 105.71
        },
        "20123": {
            "year_quarter": 20123,
            "year": 2012,
            "quarter": 3,
            "eps": 0.27,
            "eps_growth_year": 4.37,
            "eps_4q": 1.08,
            "eps_4q_growth_year": 110.29,
            "roe": 2.14,
            "roe_4q": 8.51,
            "gross_profit": 149252,
            "gross_margin": 24.01,
            "gross_margin_4q_avg": 21.66,
            "net_income": 20512,
            "revenue": 621708,
            "common_shares": 731865,
            "book_valuer_per_share": 13.11,
            "book_valuer_per_share_4q_avg": 13.34,
            "equity": 966809,
            "current_ratio": 173.53,
            "debt_ratio": 43.72,
            "inventory_turnover_ratio": 1.65,
            "account_receivable_turnover_ratio": 1.4,
            "reinvestment_rate": 111.49,
            "research_to_sale_ratio": 3.86,
            "price_fair": 31.64,
            "eps_avg_yearly": 0.9,
            "eps_latest_yearly": 1.08,
            "eps_growth_yearly": 75.81
        },
        "20124": {
            "year_quarter": 20124,
            "year": 2012,
            "quarter": 4,
            "eps": 0.19,
            "eps_growth_year": -27.66,
            "eps_4q": 1.02,
            "eps_4q_growth_year": 25.09,
            "roe": 1.54,
            "roe_4q": 8.040000000000001,
            "gross_profit": 126524,
            "gross_margin": 22.68,
            "gross_margin_4q_avg": 22.43,
            "net_income": 14826,
            "revenue": 557809,
            "common_shares": 731865,
            "book_valuer_per_share": 13.08,
            "book_valuer_per_share_4q_avg": 13.3,
            "equity": 964704,
            "current_ratio": 189.73,
            "debt_ratio": 40.13,
            "inventory_turnover_ratio": 1.63,
            "account_receivable_turnover_ratio": 1.34,
            "reinvestment_rate": 53.03,
            "research_to_sale_ratio": 3.96,
            "price_fair": 31.18,
            "eps_avg_yearly": 0.89,
            "eps_latest_yearly": 0.76,
            "eps_growth_yearly": 58.14
        },
        "20131": {
            "year_quarter": 20131,
            "year": 2013,
            "quarter": 1,
            "eps": 0.14,
            "eps_growth_year": -36.36,
            "eps_4q": 0.95,
            "eps_4q_growth_year": 11.59,
            "roe": 1.08,
            "roe_4q": 7.46,
            "gross_profit": 108104,
            "gross_margin": 22.7,
            "gross_margin_4q_avg": 22.72,
            "net_income": 10422,
            "revenue": 476215,
            "common_shares": 731865,
            "book_valuer_per_share": 12.99,
            "book_valuer_per_share_4q_avg": 13.19,
            "equity": 958796,
            "current_ratio": 165.66,
            "debt_ratio": 43.94,
            "inventory_turnover_ratio": 1.4,
            "account_receivable_turnover_ratio": 1.26,
            "reinvestment_rate": 84.87,
            "research_to_sale_ratio": 3.41,
            "price_fair": 30.22,
            "eps_avg_yearly": 0.86,
            "eps_latest_yearly": 0.56,
            "eps_growth_yearly": 44.52
        },
        "20132": {
            "year_quarter": 20132,
            "year": 2013,
            "quarter": 2,
            "eps": 0.39,
            "eps_growth_year": 14.1,
            "eps_4q": 0.97,
            "eps_4q_growth_year": -7.47,
            "roe": 3.06,
            "roe_4q": 7.82,
            "gross_profit": 127711,
            "gross_margin": 23.06,
            "gross_margin_4q_avg": 23.11,
            "net_income": 29053,
            "revenue": 553926,
            "common_shares": 731865,
            "book_valuer_per_share": 12.76,
            "book_valuer_per_share_4q_avg": 12.99,
            "equity": 942012,
            "current_ratio": 157.34,
            "debt_ratio": 45.77,
            "inventory_turnover_ratio": 1.7,
            "account_receivable_turnover_ratio": 1.42,
            "reinvestment_rate": 61.25,
            "research_to_sale_ratio": 2.61,
            "price_fair": 32.09,
            "eps_avg_yearly": 0.92,
            "eps_latest_yearly": 1.56,
            "eps_growth_yearly": 96.04
        },
        "20133": {
            "year_quarter": 20133,
            "year": 2013,
            "quarter": 3,
            "eps": 0.03,
            "eps_growth_year": -89.07,
            "eps_4q": 0.74,
            "eps_4q_growth_year": -31.23,
            "roe": 0.3,
            "roe_4q": 5.9799999999999995,
            "gross_profit": 124093,
            "gross_margin": 22.82,
            "gross_margin_4q_avg": 22.82,
            "net_income": 2820,
            "revenue": 543735,
            "common_shares": 753821,
            "book_valuer_per_share": 12.35,
            "book_valuer_per_share_4q_avg": 12.8,
            "equity": 939235,
            "current_ratio": 154.43,
            "debt_ratio": 46.24,
            "inventory_turnover_ratio": 1.67,
            "account_receivable_turnover_ratio": 1.3,
            "reinvestment_rate": 47.31,
            "research_to_sale_ratio": 2.68,
            "price_fair": 29.62,
            "eps_avg_yearly": 0.85,
            "eps_latest_yearly": 0.12,
            "eps_growth_yearly": 41.27
        },
        "20134": {
            "year_quarter": 20134,
            "year": 2013,
            "quarter": 4,
            "eps": 0.12,
            "eps_growth_year": -36.97,
            "eps_4q": 0.68,
            "eps_4q_growth_year": -33.63,
            "roe": 1.02,
            "roe_4q": 5.46,
            "gross_profit": 113053,
            "gross_margin": 20.45,
            "gross_margin_4q_avg": 22.26,
            "net_income": 9695,
            "revenue": 552743,
            "common_shares": 753821,
            "book_valuer_per_share": 12.62,
            "book_valuer_per_share_4q_avg": 12.68,
            "equity": 966689,
            "current_ratio": 159.45,
            "debt_ratio": 44.44,
            "inventory_turnover_ratio": 1.8,
            "account_receivable_turnover_ratio": 1.32,
            "reinvestment_rate": -258.02,
            "research_to_sale_ratio": 2.53,
            "price_fair": 29.08,
            "eps_avg_yearly": 0.83,
            "eps_latest_yearly": 0.48,
            "eps_growth_yearly": 144.23
        },
        "20141": {
            "year_quarter": 20141,
            "year": 2014,
            "quarter": 1,
            "eps": 0.03,
            "eps_growth_year": -78.57,
            "eps_4q": 0.57,
            "eps_4q_growth_year": -40.3,
            "roe": 0.23,
            "roe_4q": 4.61,
            "gross_profit": 98866,
            "gross_margin": 21.3,
            "gross_margin_4q_avg": 21.91,
            "net_income": 2200,
            "revenue": 464268,
            "common_shares": 753821,
            "book_valuer_per_share": 12.62,
            "book_valuer_per_share_4q_avg": 12.59,
            "equity": 967974,
            "current_ratio": 161.27,
            "debt_ratio": 44.08,
            "inventory_turnover_ratio": 1.41,
            "account_receivable_turnover_ratio": 1.18,
            "reinvestment_rate": -278.25,
            "research_to_sale_ratio": 2.63,
            "price_fair": 27.35,
            "eps_avg_yearly": 0.78,
            "eps_latest_yearly": 0.12,
            "eps_growth_yearly": 117.53
        },
        "20142": {
            "year_quarter": 20142,
            "year": 2014,
            "quarter": 2,
            "eps": 0.18,
            "eps_growth_year": -53.85,
            "eps_4q": 0.36,
            "eps_4q_growth_year": -62.67,
            "roe": 1.49,
            "roe_4q": 3.04,
            "gross_profit": 116694,
            "gross_margin": 20.62,
            "gross_margin_4q_avg": 21.3,
            "net_income": 14187,
            "revenue": 566050,
            "common_shares": 753821,
            "book_valuer_per_share": 12.14,
            "book_valuer_per_share_4q_avg": 12.43,
            "equity": 932045,
            "current_ratio": 147.56,
            "debt_ratio": 47.44,
            "inventory_turnover_ratio": 1.53,
            "account_receivable_turnover_ratio": 1.45,
            "reinvestment_rate": 41.1,
            "research_to_sale_ratio": 1.84,
            "price_fair": 27.35,
            "eps_avg_yearly": 0.78,
            "eps_latest_yearly": 0.72,
            "eps_growth_yearly": 273
        },
        "20143": {
            "year_quarter": 20143,
            "year": 2014,
            "quarter": 3,
            "eps": 0.47,
            "eps_growth_year": 1466.67,
            "eps_4q": 0.8,
            "eps_4q_growth_year": 8.36,
            "roe": 3.78,
            "roe_4q": 6.52,
            "gross_profit": 125417,
            "gross_margin": 20.11,
            "gross_margin_4q_avg": 20.62,
            "net_income": 36237,
            "revenue": 623744,
            "common_shares": 753821,
            "book_valuer_per_share": 12.82,
            "book_valuer_per_share_4q_avg": 12.55,
            "equity": 984036,
            "current_ratio": 153.12,
            "debt_ratio": 46.54,
            "inventory_turnover_ratio": 1.54,
            "account_receivable_turnover_ratio": 1.41,
            "reinvestment_rate": 50.08,
            "research_to_sale_ratio": 1.92,
            "price_fair": 30.1,
            "eps_avg_yearly": 0.86,
            "eps_latest_yearly": 1.88,
            "eps_growth_yearly": 299.53
        },
        "20144": {
            "year_quarter": 20144,
            "year": 2014,
            "quarter": 4,
            "eps": 0.42,
            "eps_growth_year": 243.93,
            "eps_4q": 1.1,
            "eps_4q_growth_year": 62.54,
            "roe": 3.18,
            "roe_4q": 8.68,
            "gross_profit": 134175,
            "gross_margin": 20.43,
            "gross_margin_4q_avg": 20.62,
            "net_income": 31947,
            "revenue": 656840,
            "common_shares": 753821,
            "book_valuer_per_share": 13.39,
            "book_valuer_per_share_4q_avg": 12.74,
            "equity": 1027627,
            "current_ratio": 169.19,
            "debt_ratio": 41.96,
            "inventory_turnover_ratio": 1.69,
            "account_receivable_turnover_ratio": 1.35,
            "reinvestment_rate": 54.06,
            "research_to_sale_ratio": 1.78,
            "price_fair": 32.01,
            "eps_avg_yearly": 0.91,
            "eps_latest_yearly": 1.68,
            "eps_growth_yearly": 276.72
        },
        "20151": {
            "year_quarter": 20151,
            "year": 2015,
            "quarter": 1,
            "eps": 0.22,
            "eps_growth_year": 633.33,
            "eps_4q": 1.29,
            "eps_4q_growth_year": 127.68,
            "roe": 1.6,
            "roe_4q": 10.05,
            "gross_profit": 120682,
            "gross_margin": 21.49,
            "gross_margin_4q_avg": 20.66,
            "net_income": 16520,
            "revenue": 561482,
            "common_shares": 753821,
            "book_valuer_per_share": 13.52,
            "book_valuer_per_share_4q_avg": 12.97,
            "equity": 1037847,
            "current_ratio": 179.69,
            "debt_ratio": 39.65,
            "inventory_turnover_ratio": 1.68,
            "account_receivable_turnover_ratio": 1.19,
            "reinvestment_rate": 46.11,
            "research_to_sale_ratio": 1.74,
            "price_fair": 31.94,
            "eps_avg_yearly": 0.91,
            "eps_latest_yearly": 0.88,
            "eps_growth_yearly": 247.52
        },
        "20152": {
            "year_quarter": 20152,
            "year": 2015,
            "quarter": 2,
            "eps": 0.35,
            "eps_growth_year": 94.44,
            "eps_4q": 1.37,
            "eps_4q_growth_year": 278.07,
            "roe": 2.8,
            "roe_4q": 11.36,
            "gross_profit": 136514,
            "gross_margin": 22.27,
            "gross_margin_4q_avg": 21.08,
            "net_income": 29096,
            "revenue": 613001,
            "common_shares": 753821,
            "book_valuer_per_share": 13.52,
            "book_valuer_per_share_4q_avg": 13.31,
            "equity": 1037378,
            "current_ratio": 171.03,
            "debt_ratio": 42.1,
            "inventory_turnover_ratio": 1.74,
            "account_receivable_turnover_ratio": 1.31,
            "reinvestment_rate": 32.43,
            "research_to_sale_ratio": 1.75,
            "price_fair": 34.13,
            "eps_avg_yearly": 0.98,
            "eps_latest_yearly": 1.4,
            "eps_growth_yearly": 274.14
        },
        "20153": {
            "year_quarter": 20153,
            "year": 2015,
            "quarter": 3,
            "eps": 0.5,
            "eps_growth_year": 6.38,
            "eps_4q": 1.43,
            "eps_4q_growth_year": 78.27,
            "roe": 3.76,
            "roe_4q": 11.34,
            "gross_profit": 144505,
            "gross_margin": 22.13,
            "gross_margin_4q_avg": 21.58,
            "net_income": 40426,
            "revenue": 653025,
            "common_shares": 810767,
            "book_valuer_per_share": 13.47,
            "book_valuer_per_share_4q_avg": 13.48,
            "equity": 1113251,
            "current_ratio": 185.62,
            "debt_ratio": 42.66,
            "inventory_turnover_ratio": 1.82,
            "account_receivable_turnover_ratio": 1.23,
            "reinvestment_rate": 25.53,
            "research_to_sale_ratio": 1.72,
            "price_fair": 36.23,
            "eps_avg_yearly": 1.04,
            "eps_latest_yearly": 2,
            "eps_growth_yearly": 244.85
        },
        "20154": {
            "year_quarter": 20154,
            "year": 2015,
            "quarter": 4,
            "eps": 0.2,
            "eps_growth_year": -53.05,
            "eps_4q": 1.24,
            "eps_4q_growth_year": 12.9,
            "roe": 1.45,
            "roe_4q": 9.61,
            "gross_profit": 136994,
            "gross_margin": 21.93,
            "gross_margin_4q_avg": 21.96,
            "net_income": 16139,
            "revenue": 624755,
            "common_shares": 810767,
            "book_valuer_per_share": 13.32,
            "book_valuer_per_share_4q_avg": 13.46,
            "equity": 1108499,
            "current_ratio": 188.17,
            "debt_ratio": 41.83,
            "inventory_turnover_ratio": 1.83,
            "account_receivable_turnover_ratio": 1.15,
            "reinvestment_rate": 16.5,
            "research_to_sale_ratio": 1.83,
            "price_fair": 35.61,
            "eps_avg_yearly": 1.02,
            "eps_latest_yearly": 0.8,
            "eps_growth_yearly": 228.89
        },
        "20161": {
            "year_quarter": 20161,
            "year": 2016,
            "quarter": 1,
            "eps": 0.2,
            "eps_growth_year": -9.09,
            "eps_4q": 1.24,
            "eps_4q_growth_year": -3.97,
            "roe": 1.38,
            "roe_4q": 9.39,
            "gross_profit": 124113,
            "gross_margin": 21.36,
            "gross_margin_4q_avg": 21.92,
            "net_income": 15437,
            "revenue": 581186,
            "common_shares": 810767,
            "book_valuer_per_share": 13.46,
            "book_valuer_per_share_4q_avg": 13.44,
            "equity": 1124170,
            "current_ratio": 187.06,
            "debt_ratio": 41.9,
            "inventory_turnover_ratio": 1.52,
            "account_receivable_turnover_ratio": 1.19,
            "reinvestment_rate": 3.06,
            "research_to_sale_ratio": 2.17,
            "price_fair": 35.44,
            "eps_avg_yearly": 1.01,
            "eps_latest_yearly": 0.8,
            "eps_growth_yearly": 233.52
        },
        "20162": {
            "year_quarter": 20162,
            "year": 2016,
            "quarter": 2,
            "eps": 0.26,
            "eps_growth_year": -25.71,
            "eps_4q": 1.14,
            "eps_4q_growth_year": -16.84,
            "roe": 1.82,
            "roe_4q": 8.41,
            "gross_profit": 134870,
            "gross_margin": 20.71,
            "gross_margin_4q_avg": 21.53,
            "net_income": 19826,
            "revenue": 651200,
            "common_shares": 810767,
            "book_valuer_per_share": 12.54,
            "book_valuer_per_share_4q_avg": 13.2,
            "equity": 1052183,
            "current_ratio": 169.05,
            "debt_ratio": 45.08,
            "inventory_turnover_ratio": 1.63,
            "account_receivable_turnover_ratio": 1.37,
            "reinvestment_rate": 17.38,
            "research_to_sale_ratio": 2.06,
            "price_fair": 34.74,
            "eps_avg_yearly": 0.99,
            "eps_latest_yearly": 1.04,
            "eps_growth_yearly": 227.38
        },
        "20163": {
            "year_quarter": 20163,
            "year": 2016,
            "quarter": 3,
            "eps": 0.19,
            "eps_growth_year": -62,
            "eps_4q": 0.84,
            "eps_4q_growth_year": -41.38,
            "roe": 1.46,
            "roe_4q": 6.11,
            "gross_profit": 146369,
            "gross_margin": 22.25,
            "gross_margin_4q_avg": 21.56,
            "net_income": 15268,
            "revenue": 657851,
            "common_shares": 810767,
            "book_valuer_per_share": 12.46,
            "book_valuer_per_share_4q_avg": 12.95,
            "equity": 1045820,
            "current_ratio": 167.96,
            "debt_ratio": 48.28,
            "inventory_turnover_ratio": 1.71,
            "account_receivable_turnover_ratio": 1.32,
            "reinvestment_rate": 21.54,
            "research_to_sale_ratio": 2.11,
            "price_fair": 34.04,
            "eps_avg_yearly": 0.97,
            "eps_latest_yearly": 0.76,
            "eps_growth_yearly": 225.8
        },
        "20164": {
            "year_quarter": 20164,
            "year": 2016,
            "quarter": 4,
            "eps": 0.3,
            "eps_growth_year": 56.17,
            "eps_4q": 0.89,
            "eps_4q_growth_year": -27.86,
            "roe": 2.52,
            "roe_4q": 7.18,
            "gross_profit": 157990,
            "gross_margin": 21.78,
            "gross_margin_4q_avg": 21.53,
            "net_income": 27948,
            "revenue": 725261,
            "common_shares": 885767,
            "book_valuer_per_share": 12.76,
            "book_valuer_per_share_4q_avg": 12.81,
            "equity": 1168995,
            "current_ratio": 205.63,
            "debt_ratio": 51.65,
            "inventory_turnover_ratio": 1.83,
            "account_receivable_turnover_ratio": 1.38,
            "reinvestment_rate": 27.8,
            "research_to_sale_ratio": 1.92,
            "price_fair": 35,
            "eps_avg_yearly": 1,
            "eps_latest_yearly": 1.2,
            "eps_growth_yearly": 247.68
        },
        "20171": {
            "year_quarter": 20171,
            "year": 2017,
            "quarter": 1,
            "eps": -0.06,
            "eps_growth_year": -130,
            "eps_4q": 0.65,
            "eps_4q_growth_year": -47.36,
            "roe": -0.48,
            "roe_4q": 5.32,
            "gross_profit": 122041,
            "gross_margin": 18.99,
            "gross_margin_4q_avg": 20.93,
            "net_income": -5562,
            "revenue": 642705,
            "common_shares": 885767,
            "book_valuer_per_share": 12.31,
            "book_valuer_per_share_4q_avg": 12.52,
            "equity": 1129447,
            "current_ratio": 198.63,
            "debt_ratio": 50.72,
            "inventory_turnover_ratio": 1.54,
            "account_receivable_turnover_ratio": 1.25,
            "reinvestment_rate": 29.36,
            "research_to_sale_ratio": 1.78,
            "price_fair": 36.03,
            "eps_avg_yearly": 1.03,
            "eps_latest_yearly": 1.2,
            "eps_growth_yearly": 271.21
        },
        "20172": {
            "year_quarter": 20172,
            "year": 2017,
            "quarter": 2,
            "eps": 0.19,
            "eps_growth_year": -26.92,
            "eps_4q": 0.61,
            "eps_4q_growth_year": -47.02,
            "roe": 1.44,
            "roe_4q": 4.9399999999999995,
            "gross_profit": 127248,
            "gross_margin": 18.78,
            "gross_margin_4q_avg": 20.45,
            "net_income": 16136,
            "revenue": 677397,
            "common_shares": 885767,
            "book_valuer_per_share": 12.06,
            "book_valuer_per_share_4q_avg": 12.4,
            "equity": 1106063,
            "current_ratio": 178.56,
            "debt_ratio": 52.33,
            "inventory_turnover_ratio": 1.56,
            "account_receivable_turnover_ratio": 1.33,
            "reinvestment_rate": 46.39,
            "research_to_sale_ratio": 1.93,
            "price_fair": 34.7,
            "eps_avg_yearly": 0.99,
            "eps_latest_yearly": 1.2,
            "eps_growth_yearly": 239.56
        },
        "20173": {
            "year_quarter": 20173,
            "year": 2017,
            "quarter": 3,
            "eps": 0.16,
            "eps_growth_year": -15.79,
            "eps_4q": 0.59,
            "eps_4q_growth_year": -30.01,
            "roe": 1.28,
            "roe_4q": 4.76,
            "gross_profit": 144674,
            "gross_margin": 18.56,
            "gross_margin_4q_avg": 19.53,
            "net_income": 14548,
            "revenue": 779465,
            "common_shares": 885767,
            "book_valuer_per_share": 12.37,
            "book_valuer_per_share_4q_avg": 12.38,
            "equity": 1160746,
            "current_ratio": 162.78,
            "debt_ratio": 53.52,
            "inventory_turnover_ratio": 1.75,
            "account_receivable_turnover_ratio": 1.42,
            "reinvestment_rate": 85.95,
            "research_to_sale_ratio": 1.84,
            "price_fair": 36,
            "eps_avg_yearly": 1.03,
            "eps_latest_yearly": 0.64,
            "eps_growth_yearly": 261.42
        },
        "20174": {
            "year_quarter": 20174,
            "year": 2017,
            "quarter": 4,
            "eps": 0.04,
            "eps_growth_year": -85.82,
            "eps_4q": 0.33,
            "eps_4q_growth_year": -63.61,
            "roe": 0.47,
            "roe_4q": 2.71,
            "gross_profit": 144129,
            "gross_margin": 19.52,
            "gross_margin_4q_avg": 18.96,
            "net_income": 5524,
            "revenue": 738179,
            "common_shares": 885767,
            "book_valuer_per_share": 12.35,
            "book_valuer_per_share_4q_avg": 12.27,
            "equity": 1190925,
            "current_ratio": 177.48,
            "debt_ratio": 52.68,
            "inventory_turnover_ratio": 1.55,
            "account_receivable_turnover_ratio": 1.37,
            "reinvestment_rate": 88.78,
            "research_to_sale_ratio": 2.25,
            "price_fair": 35.2,
            "eps_avg_yearly": 1.01,
            "eps_latest_yearly": 0.16,
            "eps_growth_yearly": 154.28
        },
        "20181": {
            "year_quarter": 20181,
            "year": 2018,
            "quarter": 1,
            "eps": 0.02,
            "eps_growth_year": null,
            "eps_4q": 0.41,
            "eps_4q_growth_year": -37.66,
            "roe": 0.14,
            "roe_4q": 3.33,
            "gross_profit": 132175,
            "gross_margin": 18.13,
            "gross_margin_4q_avg": 18.75,
            "net_income": 1727,
            "revenue": 729185,
            "common_shares": 885767,
            "book_valuer_per_share": 12.46,
            "book_valuer_per_share_4q_avg": 12.31,
            "equity": 1200984,
            "current_ratio": 161.6,
            "debt_ratio": 53.52,
            "inventory_turnover_ratio": 1.46,
            "account_receivable_turnover_ratio": 1.35,
            "reinvestment_rate": 106.34,
            "research_to_sale_ratio": 2.29,
            "price_fair": 35.1,
            "eps_avg_yearly": 1,
            "eps_latest_yearly": 0.08,
            "eps_growth_yearly": 161.42
        },
        "20182": {
            "year_quarter": 20182,
            "year": 2018,
            "quarter": 2,
            "eps": 0.07,
            "eps_growth_year": -63.16,
            "eps_4q": 0.29,
            "eps_4q_growth_year": -52.35,
            "roe": 0.59,
            "roe_4q": 2.48,
            "gross_profit": 130577,
            "gross_margin": 16.24,
            "gross_margin_4q_avg": 18.11,
            "net_income": 7057,
            "revenue": 803980,
            "common_shares": 885767,
            "book_valuer_per_share": 12.31,
            "book_valuer_per_share_4q_avg": 12.37,
            "equity": 1183606,
            "current_ratio": 153.98,
            "debt_ratio": 56.63,
            "inventory_turnover_ratio": 1.61,
            "account_receivable_turnover_ratio": 1.35,
            "reinvestment_rate": 134.55,
            "research_to_sale_ratio": 2.18,
            "price_fair": 34,
            "eps_avg_yearly": 0.97,
            "eps_latest_yearly": 0.28,
            "eps_growth_yearly": 90
        },
        "20183": {
            "year_quarter": 20183,
            "year": 2018,
            "quarter": 3,
            "eps": 0.09,
            "eps_growth_year": -43.75,
            "eps_4q": 0.23,
            "eps_4q_growth_year": -61.66,
            "roe": 0.77,
            "roe_4q": 1.97,
            "gross_profit": 153152,
            "gross_margin": 17.6,
            "gross_margin_4q_avg": 17.87,
            "net_income": 9059,
            "revenue": 870145,
            "common_shares": 885767,
            "book_valuer_per_share": 12,
            "book_valuer_per_share_4q_avg": 12.28,
            "equity": 1176962,
            "current_ratio": 151.31,
            "debt_ratio": 58.04,
            "inventory_turnover_ratio": 1.72,
            "account_receivable_turnover_ratio": 1.34,
            "reinvestment_rate": 184.03,
            "research_to_sale_ratio": 2.12,
            "price_fair": 30.2,
            "eps_avg_yearly": 0.86,
            "eps_latest_yearly": 0.36,
            "eps_growth_yearly": 52.13
        },
        "20184": {
            "year_quarter": 20184,
            "year": 2018,
            "quarter": 4,
            "eps": 0.17,
            "eps_growth_year": 293.42,
            "eps_4q": 0.35,
            "eps_4q_growth_year": 8.21,
            "roe": 1.29,
            "roe_4q": 2.79,
            "gross_profit": 152044,
            "gross_margin": 17.81,
            "gross_margin_4q_avg": 17.45,
            "net_income": 15302,
            "revenue": 853542,
            "common_shares": 885767,
            "book_valuer_per_share": 12.22,
            "book_valuer_per_share_4q_avg": 12.25,
            "equity": 1198503,
            "current_ratio": 124.19,
            "debt_ratio": 58.72,
            "inventory_turnover_ratio": 1.62,
            "account_receivable_turnover_ratio": 1.31,
            "reinvestment_rate": 237.41,
            "research_to_sale_ratio": 2.86,
            "price_fair": 27.7,
            "eps_avg_yearly": 0.79,
            "eps_latest_yearly": 0.68,
            "eps_growth_yearly": 80.56
        },
        "20191": {
            "year_quarter": 20191,
            "year": 2019,
            "quarter": 1,
            "eps": 0.12,
            "eps_growth_year": 500,
            "eps_4q": 0.45,
            "eps_4q_growth_year": 12.09,
            "roe": 0.93,
            "roe_4q": 3.58,
            "gross_profit": 137129,
            "gross_margin": 18.4,
            "gross_margin_4q_avg": 17.51,
            "net_income": 11331,
            "revenue": 745440,
            "common_shares": 885767,
            "book_valuer_per_share": 12.52,
            "book_valuer_per_share_4q_avg": 12.26,
            "equity": 1226279,
            "current_ratio": 128.49,
            "debt_ratio": 57.37,
            "inventory_turnover_ratio": 1.35,
            "account_receivable_turnover_ratio": 1.21,
            "reinvestment_rate": 254.71,
            "research_to_sale_ratio": 2.93,
            "price_fair": 26.7,
            "eps_avg_yearly": 0.76,
            "eps_latest_yearly": 0.48,
            "eps_growth_yearly": 85.77
        },
        "20192": {
            "year_quarter": 20192,
            "year": 2019,
            "quarter": 2,
            "eps": 0.19,
            "eps_growth_year": 171.43,
            "eps_4q": 0.58,
            "eps_4q_growth_year": 99.67,
            "roe": 1.51,
            "roe_4q": 4.5,
            "gross_profit": 161668,
            "gross_margin": 19.62,
            "gross_margin_4q_avg": 18.36,
            "net_income": 18549,
            "revenue": 823827,
            "common_shares": 885767,
            "book_valuer_per_share": 12.5,
            "book_valuer_per_share_4q_avg": 12.31,
            "equity": 1226001,
            "current_ratio": 125.69,
            "debt_ratio": 58.52,
            "inventory_turnover_ratio": 1.45,
            "account_receivable_turnover_ratio": 1.38,
            "reinvestment_rate": 277.29,
            "research_to_sale_ratio": 2.68,
            "price_fair": 25.1,
            "eps_avg_yearly": 0.72,
            "eps_latest_yearly": 0.76,
            "eps_growth_yearly": 85.55
        },
        "20193": {
            "year_quarter": 20193,
            "year": 2019,
            "quarter": 3,
            "eps": 0.1,
            "eps_growth_year": 11.11,
            "eps_4q": 0.58,
            "eps_4q_growth_year": 157.51,
            "roe": 0.83,
            "roe_4q": 4.5600000000000005,
            "gross_profit": 164821,
            "gross_margin": 20.1,
            "gross_margin_4q_avg": 18.98,
            "net_income": 10053,
            "revenue": 820179,
            "common_shares": 885767,
            "book_valuer_per_share": 12.2,
            "book_valuer_per_share_4q_avg": 12.36,
            "equity": 1201405,
            "current_ratio": 124.8,
            "debt_ratio": 58.86,
            "inventory_turnover_ratio": 1.4,
            "account_receivable_turnover_ratio": 1.35,
            "reinvestment_rate": 297.4,
            "research_to_sale_ratio": 2.79,
            "price_fair": 21.1,
            "eps_avg_yearly": 0.6,
            "eps_latest_yearly": 0.4,
            "eps_growth_yearly": 59.77
        },
        "20194": {
            "year_quarter": 20194,
            "year": 2019,
            "quarter": 4,
            "eps": 0.09,
            "eps_growth_year": -47.5,
            "eps_4q": 0.5,
            "eps_4q_growth_year": 41.58,
            "roe": 0.71,
            "roe_4q": 3.98,
            "gross_profit": 171016,
            "gross_margin": 20.28,
            "gross_margin_4q_avg": 19.6,
            "net_income": 8500,
            "revenue": 843397,
            "common_shares": 885767,
            "book_valuer_per_share": 12.31,
            "book_valuer_per_share_4q_avg": 12.38,
            "equity": 1206416,
            "current_ratio": 160.99,
            "debt_ratio": 58.76,
            "inventory_turnover_ratio": 1.44,
            "account_receivable_turnover_ratio": 1.41,
            "reinvestment_rate": 316.84,
            "research_to_sale_ratio": 4.72,
            "price_fair": 20,
            "eps_avg_yearly": 0.57,
            "eps_latest_yearly": 0.36,
            "eps_growth_yearly": 74.06
        },
        "20201": {
            "year_quarter": 20201,
            "year": 2020,
            "quarter": 1,
            "eps": -0.13,
            "eps_growth_year": -208.33,
            "eps_4q": 0.25,
            "eps_4q_growth_year": -45.56,
            "roe": -0.67,
            "roe_4q": 2.38,
            "gross_profit": 116905,
            "gross_margin": 19.04,
            "gross_margin_4q_avg": 19.76,
            "net_income": -8063,
            "revenue": 613870,
            "common_shares": 886794,
            "book_valuer_per_share": 12.08,
            "book_valuer_per_share_4q_avg": 12.27,
            "equity": 1187670,
            "current_ratio": 165.07,
            "debt_ratio": 59.18,
            "inventory_turnover_ratio": 1,
            "account_receivable_turnover_ratio": 1.12,
            "reinvestment_rate": 363.89,
            "research_to_sale_ratio": 3.86,
            "price_fair": 19.38,
            "eps_avg_yearly": 0.55,
            "eps_latest_yearly": 0.36,
            "eps_growth_yearly": 79.75
        },
        "20202": {
            "year_quarter": 20202,
            "year": 2020,
            "quarter": 2,
            "eps": 0.19,
            "eps_growth_year": 0,
            "eps_4q": 0.25,
            "eps_4q_growth_year": -56.97,
            "roe": 2.92,
            "roe_4q": 3.79,
            "gross_profit": 186736,
            "gross_margin": 24.39,
            "gross_margin_4q_avg": 20.95,
            "net_income": 34668,
            "revenue": 765737,
            "common_shares": 891759,
            "book_valuer_per_share": 11.8,
            "book_valuer_per_share_4q_avg": 12.1,
            "equity": 1185152,
            "current_ratio": 163.59,
            "debt_ratio": 59.21,
            "inventory_turnover_ratio": 1.1,
            "account_receivable_turnover_ratio": 1.46,
            "reinvestment_rate": 335.44,
            "research_to_sale_ratio": 4.82,
            "price_fair": 17.97,
            "eps_avg_yearly": 0.51,
            "eps_latest_yearly": 0.36,
            "eps_growth_yearly": 76.4
        },
        "20203": {
            "year_quarter": 20203,
            "year": 2020,
            "quarter": 3,
            "eps": 0.42,
            "eps_growth_year": 320,
            "eps_4q": 0.57,
            "eps_4q_growth_year": -1.69,
            "roe": 3.47,
            "roe_4q": 6.430000000000001,
            "gross_profit": 206761,
            "gross_margin": 24.27,
            "gross_margin_4q_avg": 22,
            "net_income": 42069,
            "revenue": 852041,
            "common_shares": 893857,
            "book_valuer_per_share": 12.29,
            "book_valuer_per_share_4q_avg": 12.12,
            "equity": 1237691,
            "current_ratio": 168.35,
            "debt_ratio": 58.14,
            "inventory_turnover_ratio": 1.29,
            "account_receivable_turnover_ratio": 1.46,
            "reinvestment_rate": 295.17,
            "research_to_sale_ratio": 2.48,
            "price_fair": 20.65,
            "eps_avg_yearly": 0.59,
            "eps_latest_yearly": 1.68,
            "eps_growth_yearly": 125.72
        },
        "20204": {
            "year_quarter": 20204,
            "year": 2020,
            "quarter": 4,
            "eps": 0.3,
            "eps_growth_year": 230.46,
            "eps_4q": 0.77,
            "eps_4q_growth_year": 54.5,
            "roe": 2.63,
            "roe_4q": 8.35,
            "gross_profit": 194999,
            "gross_margin": 20.94,
            "gross_margin_4q_avg": 22.16,
            "net_income": 33137,
            "revenue": 931020,
            "common_shares": 893857,
            "book_valuer_per_share": 12.76,
            "book_valuer_per_share_4q_avg": 12.23,
            "equity": 1279328,
            "current_ratio": 161.6,
            "debt_ratio": 58.14,
            "inventory_turnover_ratio": 1.43,
            "account_receivable_turnover_ratio": 1.45,
            "reinvestment_rate": 285.77,
            "research_to_sale_ratio": 2.67,
            "price_fair": 20.65,
            "eps_avg_yearly": 0.59,
            "eps_latest_yearly": 1.2,
            "eps_growth_yearly": 96.9
        },
        "20211": {
            "year_quarter": 20211,
            "year": 2021,
            "quarter": 1,
            "eps": 0.07,
            "eps_growth_year": null,
            "eps_4q": 0.96,
            "eps_4q_growth_year": 287.79,
            "roe": 0.62,
            "roe_4q": 9.64,
            "gross_profit": 156025,
            "gross_margin": 18.76,
            "gross_margin_4q_avg": 22.09,
            "net_income": 7958,
            "revenue": 831765,
            "common_shares": 893857,
            "book_valuer_per_share": 12.96,
            "book_valuer_per_share_4q_avg": 12.45,
            "equity": 1299025,
            "current_ratio": 155.54,
            "debt_ratio": 58.63,
            "inventory_turnover_ratio": 1.13,
            "account_receivable_turnover_ratio": 1.26,
            "reinvestment_rate": 201.01,
            "research_to_sale_ratio": 2.75,
            "price_fair": 19.82,
            "eps_avg_yearly": 0.57,
            "eps_latest_yearly": 0.28,
            "eps_growth_yearly": 65.86
        },
        "20212": {
            "year_quarter": 20212,
            "year": 2021,
            "quarter": 2,
            "eps": 0.03,
            "eps_growth_year": -84.21,
            "eps_4q": 0.78,
            "eps_4q_growth_year": 213.78,
            "roe": 0.24,
            "roe_4q": 6.96,
            "gross_profit": 149269,
            "gross_margin": 17.32,
            "gross_margin_4q_avg": 20.32,
            "net_income": 3091,
            "revenue": 861690,
            "common_shares": 909786,
            "book_valuer_per_share": 13.01,
            "book_valuer_per_share_4q_avg": 12.76,
            "equity": 1324157,
            "current_ratio": 152.33,
            "debt_ratio": 58,
            "inventory_turnover_ratio": 1.06,
            "account_receivable_turnover_ratio": 1.34,
            "reinvestment_rate": 184.36,
            "research_to_sale_ratio": 2.55,
            "price_fair": 18.7,
            "eps_avg_yearly": 0.53,
            "eps_latest_yearly": 0.12,
            "eps_growth_yearly": 44.83
        },
        "20213": {
            "year_quarter": 20213,
            "year": 2021,
            "quarter": 3,
            "eps": 0.07,
            "eps_growth_year": -83.33,
            "eps_4q": 0.43,
            "eps_4q_growth_year": -24.51,
            "roe": 0.59,
            "roe_4q": 4.08,
            "gross_profit": 166187,
            "gross_margin": 18.89,
            "gross_margin_4q_avg": 18.98,
            "net_income": 7761,
            "revenue": 879613,
            "common_shares": 933857,
            "book_valuer_per_share": 12.65,
            "book_valuer_per_share_4q_avg": 12.85,
            "equity": 1319978,
            "current_ratio": 151.51,
            "debt_ratio": 58,
            "inventory_turnover_ratio": 1.06,
            "account_receivable_turnover_ratio": 1.35,
            "reinvestment_rate": 121.8,
            "research_to_sale_ratio": 2.3,
            "price_fair": 17.8,
            "eps_avg_yearly": 0.51,
            "eps_latest_yearly": 0.28,
            "eps_growth_yearly": 87.43
        },
        "20214": {
            "year_quarter": 20214,
            "year": 2021,
            "quarter": 4,
            "eps": 0.14,
            "eps_growth_year": -53.29,
            "eps_4q": 0.29,
            "eps_4q_growth_year": -61.7,
            "roe": 1.29,
            "roe_4q": 2.74,
            "gross_profit": 174628,
            "gross_margin": 17.87,
            "gross_margin_4q_avg": 18.21,
            "net_income": 17236,
            "revenue": 977314,
            "common_shares": 979327,
            "book_valuer_per_share": 12.26,
            "book_valuer_per_share_4q_avg": 12.72,
            "equity": 1343459,
            "current_ratio": 144.09,
            "debt_ratio": 59.05,
            "inventory_turnover_ratio": 1.19,
            "account_receivable_turnover_ratio": 1.44,
            "reinvestment_rate": 114.02,
            "research_to_sale_ratio": 2.15,
            "price_fair": 18.8,
            "eps_avg_yearly": 0.54,
            "eps_latest_yearly": 0.56,
            "eps_growth_yearly": 137.43
        },
        "20221": {
            "year_quarter": 20221,
            "year": 2022,
            "quarter": 1,
            "eps": 0.09,
            "eps_growth_year": 28.57,
            "eps_4q": 0.31,
            "eps_4q_growth_year": -67.7,
            "roe": 0.88,
            "roe_4q": 3,
            "gross_profit": 155744,
            "gross_margin": 17.87,
            "gross_margin_4q_avg": 17.99,
            "net_income": 12373,
            "revenue": 871538,
            "common_shares": 979477,
            "book_valuer_per_share": 13.42,
            "book_valuer_per_share_4q_avg": 12.84,
            "equity": 1452981,
            "current_ratio": 153.8,
            "debt_ratio": 56.63,
            "inventory_turnover_ratio": 1,
            "account_receivable_turnover_ratio": 1.25,
            "reinvestment_rate": 95.19,
            "research_to_sale_ratio": 2.36,
            "price_fair": 19.5,
            "eps_avg_yearly": 0.56,
            "eps_latest_yearly": 0.36,
            "eps_growth_yearly": 141.52
        },
        "20222": {
            "year_quarter": 20222,
            "year": 2022,
            "quarter": 2,
            "eps": -0.02,
            "eps_growth_year": -166.67,
            "eps_4q": 0.27,
            "eps_4q_growth_year": -65.8,
            "roe": -0.04,
            "roe_4q": 2.7199999999999998,
            "gross_profit": 163840,
            "gross_margin": 17.31,
            "gross_margin_4q_avg": 17.99,
            "net_income": -624,
            "revenue": 946596,
            "common_shares": 1031351,
            "book_valuer_per_share": 12.41,
            "book_valuer_per_share_4q_avg": 12.69,
            "equity": 1417465,
            "current_ratio": 144.41,
            "debt_ratio": 59.61,
            "inventory_turnover_ratio": 0.98,
            "account_receivable_turnover_ratio": 1.32,
            "reinvestment_rate": 42.97,
            "research_to_sale_ratio": 2.22,
            "price_fair": 20.25,
            "eps_avg_yearly": 0.58,
            "eps_latest_yearly": 0.36,
            "eps_growth_yearly": 75.48
        },
        "20223": {
            "year_quarter": 20223,
            "year": 2022,
            "quarter": 3,
            "eps": 0.15,
            "eps_growth_year": 114.29,
            "eps_4q": 0.35,
            "eps_4q_growth_year": -18.02,
            "roe": 1.12,
            "roe_4q": 3.25,
            "gross_profit": 164517,
            "gross_margin": 17.74,
            "gross_margin_4q_avg": 17.7,
            "net_income": 16079,
            "revenue": 927341,
            "common_shares": 1031351,
            "book_valuer_per_share": 12.7,
            "book_valuer_per_share_4q_avg": 12.7,
            "equity": 1447132,
            "current_ratio": 150.61,
            "debt_ratio": 57.66,
            "inventory_turnover_ratio": 0.95,
            "account_receivable_turnover_ratio": 1.27,
            "reinvestment_rate": 36.97,
            "research_to_sale_ratio": 2.53,
            "price_fair": 20.88,
            "eps_avg_yearly": 0.6,
            "eps_latest_yearly": 0.36,
            "eps_growth_yearly": 72.24
        },
        "20224": {
            "year_quarter": 20224,
            "year": 2022,
            "quarter": 4,
            "eps": -0.03,
            "eps_growth_year": -118.86,
            "eps_4q": 0.2,
            "eps_4q_growth_year": -33.84,
            "roe": -0.17,
            "roe_4q": 1.79,
            "gross_profit": 159108,
            "gross_margin": 17.48,
            "gross_margin_4q_avg": 17.6,
            "net_income": -2466,
            "revenue": 910480,
            "common_shares": 1033548,
            "book_valuer_per_share": 12.66,
            "book_valuer_per_share_4q_avg": 12.8,
            "equity": 1445674,
            "current_ratio": 145.98,
            "debt_ratio": 56.34,
            "inventory_turnover_ratio": 1.06,
            "account_receivable_turnover_ratio": 1.29,
            "reinvestment_rate": -45.66,
            "research_to_sale_ratio": 2.44,
            "price_fair": 20.62,
            "eps_avg_yearly": 0.59,
            "eps_latest_yearly": 0.36,
            "eps_growth_yearly": 46.49
        },
        "20231": {
            "year_quarter": 20231,
            "year": 2023,
            "quarter": 1,
            "eps": -0.02,
            "eps_growth_year": -122.22,
            "eps_4q": 0.09,
            "eps_4q_growth_year": -70.96,
            "roe": -0.23,
            "roe_4q": 0.68,
            "gross_profit": 143397,
            "gross_margin": 19,
            "gross_margin_4q_avg": 17.88,
            "net_income": -3375,
            "revenue": 754792,
            "common_shares": 1033548,
            "book_valuer_per_share": 12.49,
            "book_valuer_per_share_4q_avg": 12.57,
            "equity": 1439533,
            "current_ratio": 144.41,
            "debt_ratio": 56.33,
            "inventory_turnover_ratio": 0.96,
            "account_receivable_turnover_ratio": 1.18,
            "reinvestment_rate": -59.68,
            "research_to_sale_ratio": 2.53,
            "price_fair": 21,
            "eps_avg_yearly": 0.6,
            "eps_latest_yearly": 0.36,
            "eps_growth_yearly": 62.9
        },
        "20232": {
            "year_quarter": 20232,
            "year": 2023,
            "quarter": 2,
            "eps": 0.14,
            "eps_growth_year": null,
            "eps_4q": 0.25,
            "eps_4q_growth_year": -7.78,
            "roe": 0.69,
            "roe_4q": 1.4100000000000001,
            "gross_profit": 151511,
            "gross_margin": 18.18,
            "gross_margin_4q_avg": 18.1,
            "net_income": 9937,
            "revenue": 833283,
            "common_shares": 1037563,
            "book_valuer_per_share": 12.48,
            "book_valuer_per_share_4q_avg": 12.58,
            "equity": 1440937,
            "current_ratio": 150.3,
            "debt_ratio": 53.19,
            "inventory_turnover_ratio": 1.19,
            "account_receivable_turnover_ratio": 1.38,
            "reinvestment_rate": -89.99,
            "research_to_sale_ratio": 2.5,
            "price_fair": 20.38,
            "eps_avg_yearly": 0.58,
            "eps_latest_yearly": 0.36,
            "eps_growth_yearly": 43.97
        }
    },
    "months": {
        "2001-06": {
            "month": "2001-06",
            "price": "16.38",
            "revenue": 67866
        },
        "2001-07": {
            "month": "2001-07",
            "price": "14.85",
            "revenue": 73958
        },
        "2001-08": {
            "month": "2001-08",
            "price": "13.36",
            "revenue": 85892
        },
        "2001-09": {
            "month": "2001-09",
            "price": "12.53",
            "revenue": 83954
        },
        "2001-10": {
            "month": "2001-10",
            "price": "12.87",
            "revenue": 86554
        },
        "2001-11": {
            "month": "2001-11",
            "price": "13.71",
            "revenue": 78269
        },
        "2001-12": {
            "month": "2001-12",
            "price": "15.43",
            "revenue": 86213
        },
        "2002-01": {
            "month": "2002-01",
            "price": "16.77",
            "revenue": 92527
        },
        "2002-02": {
            "month": "2002-02",
            "price": "17.76",
            "revenue": 54574
        },
        "2002-03": {
            "month": "2002-03",
            "price": "18.54",
            "revenue": 91711
        },
        "2002-04": {
            "month": "2002-04",
            "price": "19.05",
            "revenue": 79465
        },
        "2002-05": {
            "month": "2002-05",
            "price": "19.65",
            "revenue": 98231
        },
        "2002-06": {
            "month": "2002-06",
            "price": "23.02",
            "revenue": 122744
        },
        "2002-07": {
            "month": "2002-07",
            "price": "23.71",
            "revenue": 127978
        },
        "2002-08": {
            "month": "2002-08",
            "price": "20.92",
            "revenue": 69156
        },
        "2002-09": {
            "month": "2002-09",
            "price": "19.72",
            "revenue": 77074
        },
        "2002-10": {
            "month": "2002-10",
            "price": "18.10",
            "revenue": 100011
        },
        "2002-11": {
            "month": "2002-11",
            "price": "20.07",
            "revenue": 102333
        },
        "2002-12": {
            "month": "2002-12",
            "price": "21.82",
            "revenue": 119690
        },
        "2003-01": {
            "month": "2003-01",
            "price": "21.12",
            "revenue": 99162
        },
        "2003-02": {
            "month": "2003-02",
            "price": "19.70",
            "revenue": 87795
        },
        "2003-03": {
            "month": "2003-03",
            "price": "19.55",
            "revenue": 111252
        },
        "2003-04": {
            "month": "2003-04",
            "price": "19.55",
            "revenue": 119216
        },
        "2003-05": {
            "month": "2003-05",
            "price": "18.48",
            "revenue": 79704
        },
        "2003-06": {
            "month": "2003-06",
            "price": "19.38",
            "revenue": 90770
        },
        "2003-07": {
            "month": "2003-07",
            "price": "18.58",
            "revenue": 116422
        },
        "2003-08": {
            "month": "2003-08",
            "price": "17.34",
            "revenue": 127827
        },
        "2003-09": {
            "month": "2003-09",
            "price": "18.05",
            "revenue": 108300
        },
        "2003-10": {
            "month": "2003-10",
            "price": "17.76",
            "revenue": 115169
        },
        "2003-11": {
            "month": "2003-11",
            "price": "18.30",
            "revenue": 114030
        },
        "2003-12": {
            "month": "2003-12",
            "price": "18.15",
            "revenue": 124462
        },
        "2004-01": {
            "month": "2004-01",
            "price": "18.84",
            "revenue": 86789
        },
        "2004-02": {
            "month": "2004-02",
            "price": "19.60",
            "revenue": 107767
        },
        "2004-03": {
            "month": "2004-03",
            "price": "19.09",
            "revenue": 144139
        },
        "2004-04": {
            "month": "2004-04",
            "price": "18.84",
            "revenue": 135389
        },
        "2004-05": {
            "month": "2004-05",
            "price": "17.96",
            "revenue": 104027
        },
        "2004-06": {
            "month": "2004-06",
            "price": "17.89",
            "revenue": 119271
        },
        "2004-07": {
            "month": "2004-07",
            "price": "17.36",
            "revenue": 129820
        },
        "2004-08": {
            "month": "2004-08",
            "price": "15.72",
            "revenue": 110951
        },
        "2004-09": {
            "month": "2004-09",
            "price": "14.87",
            "revenue": 97286
        },
        "2004-10": {
            "month": "2004-10",
            "price": "14.81",
            "revenue": 102153
        },
        "2004-11": {
            "month": "2004-11",
            "price": "14.16",
            "revenue": 114703
        },
        "2004-12": {
            "month": "2004-12",
            "price": "13.75",
            "revenue": 85966
        },
        "2005-01": {
            "month": "2005-01",
            "price": "13.83",
            "revenue": 105064
        },
        "2005-02": {
            "month": "2005-02",
            "price": "13.70",
            "revenue": 79546
        },
        "2005-03": {
            "month": "2005-03",
            "price": "14.26",
            "revenue": 127952
        },
        "2005-04": {
            "month": "2005-04",
            "price": "13.92",
            "revenue": 124166
        },
        "2005-05": {
            "month": "2005-05",
            "price": "12.31",
            "revenue": 107246
        },
        "2005-06": {
            "month": "2005-06",
            "price": "12.16",
            "revenue": 107010
        },
        "2005-07": {
            "month": "2005-07",
            "price": "12.01",
            "revenue": 105874
        },
        "2005-08": {
            "month": "2005-08",
            "price": "10.84",
            "revenue": 109264
        },
        "2005-09": {
            "month": "2005-09",
            "price": "9.86",
            "revenue": 108433
        },
        "2005-10": {
            "month": "2005-10",
            "price": "9.80",
            "revenue": 98783
        },
        "2005-11": {
            "month": "2005-11",
            "price": "9.39",
            "revenue": 98269
        },
        "2005-12": {
            "month": "2005-12",
            "price": "9.21",
            "revenue": 103832
        },
        "2006-01": {
            "month": "2006-01",
            "price": "9.10",
            "revenue": 92394
        },
        "2006-02": {
            "month": "2006-02",
            "price": "9.41",
            "revenue": 73277
        },
        "2006-03": {
            "month": "2006-03",
            "price": "9.43",
            "revenue": 111809
        },
        "2006-04": {
            "month": "2006-04",
            "price": "9.15",
            "revenue": 92197
        },
        "2006-05": {
            "month": "2006-05",
            "price": "10.05",
            "revenue": 93260
        },
        "2006-06": {
            "month": "2006-06",
            "price": "9.35",
            "revenue": 97720
        },
        "2006-07": {
            "month": "2006-07",
            "price": "9.25",
            "revenue": 105825
        },
        "2006-08": {
            "month": "2006-08",
            "price": "9.05",
            "revenue": 113808
        },
        "2006-09": {
            "month": "2006-09",
            "price": "8.65",
            "revenue": 103583
        },
        "2006-10": {
            "month": "2006-10",
            "price": "8.99",
            "revenue": 110981
        },
        "2006-11": {
            "month": "2006-11",
            "price": "9.36",
            "revenue": 117880
        },
        "2006-12": {
            "month": "2006-12",
            "price": "10.63",
            "revenue": 116779
        },
        "2007-01": {
            "month": "2007-01",
            "price": "11.68",
            "revenue": 107837
        },
        "2007-02": {
            "month": "2007-02",
            "price": "11.79",
            "revenue": 73149
        },
        "2007-03": {
            "month": "2007-03",
            "price": "12.13",
            "revenue": 119654
        },
        "2007-04": {
            "month": "2007-04",
            "price": "12.92",
            "revenue": 105178
        },
        "2007-05": {
            "month": "2007-05",
            "price": "13.34",
            "revenue": 119399
        },
        "2007-06": {
            "month": "2007-06",
            "price": "16.00",
            "revenue": 124422
        },
        "2007-07": {
            "month": "2007-07",
            "price": "20.80",
            "revenue": 143720
        },
        "2007-08": {
            "month": "2007-08",
            "price": "20.68",
            "revenue": 135833
        },
        "2007-09": {
            "month": "2007-09",
            "price": "18.79",
            "revenue": 130272
        },
        "2007-10": {
            "month": "2007-10",
            "price": "17.11",
            "revenue": 122059
        },
        "2007-11": {
            "month": "2007-11",
            "price": "14.73",
            "revenue": 127649
        },
        "2007-12": {
            "month": "2007-12",
            "price": "13.95",
            "revenue": 126851
        },
        "2008-01": {
            "month": "2008-01",
            "price": "13.09",
            "revenue": 118207
        },
        "2008-02": {
            "month": "2008-02",
            "price": "12.39",
            "revenue": 102106
        },
        "2008-03": {
            "month": "2008-03",
            "price": "12.84",
            "revenue": 123029
        },
        "2008-04": {
            "month": "2008-04",
            "price": "13.35",
            "revenue": 114968
        },
        "2008-05": {
            "month": "2008-05",
            "price": "13.82",
            "revenue": 130634
        },
        "2008-06": {
            "month": "2008-06",
            "price": "12.71",
            "revenue": 132354
        },
        "2008-07": {
            "month": "2008-07",
            "price": "11.60",
            "revenue": 164288
        },
        "2008-08": {
            "month": "2008-08",
            "price": "10.81",
            "revenue": 116838
        },
        "2008-09": {
            "month": "2008-09",
            "price": "10.46",
            "revenue": 129889
        },
        "2008-10": {
            "month": "2008-10",
            "price": "12.29",
            "revenue": 112042
        },
        "2008-11": {
            "month": "2008-11",
            "price": "13.26",
            "revenue": 85223
        },
        "2008-12": {
            "month": "2008-12",
            "price": "11.44",
            "revenue": 98519
        },
        "2009-01": {
            "month": "2009-01",
            "price": "11.68",
            "revenue": 68758
        },
        "2009-02": {
            "month": "2009-02",
            "price": "11.14",
            "revenue": 79387
        },
        "2009-03": {
            "month": "2009-03",
            "price": "11.41",
            "revenue": 102153
        },
        "2009-04": {
            "month": "2009-04",
            "price": "12.79",
            "revenue": 107700
        },
        "2009-05": {
            "month": "2009-05",
            "price": "13.36",
            "revenue": 100116
        },
        "2009-06": {
            "month": "2009-06",
            "price": "14.53",
            "revenue": 114723
        },
        "2009-07": {
            "month": "2009-07",
            "price": "13.54",
            "revenue": 126113
        },
        "2009-08": {
            "month": "2009-08",
            "price": "13.04",
            "revenue": 122690
        },
        "2009-09": {
            "month": "2009-09",
            "price": "13.57",
            "revenue": 125746
        },
        "2009-10": {
            "month": "2009-10",
            "price": "15.65",
            "revenue": 122305
        },
        "2009-11": {
            "month": "2009-11",
            "price": "16.44",
            "revenue": 111419
        },
        "2009-12": {
            "month": "2009-12",
            "price": "16.15",
            "revenue": 145136
        },
        "2010-01": {
            "month": "2010-01",
            "price": "15.86",
            "revenue": 156003
        },
        "2010-02": {
            "month": "2010-02",
            "price": "14.29",
            "revenue": 76560
        },
        "2010-03": {
            "month": "2010-03",
            "price": "17.05",
            "revenue": 158784
        },
        "2010-04": {
            "month": "2010-04",
            "price": "19.72",
            "revenue": 143118
        },
        "2010-05": {
            "month": "2010-05",
            "price": "17.60",
            "revenue": 155654
        },
        "2010-06": {
            "month": "2010-06",
            "price": "18.75",
            "revenue": 130075
        },
        "2010-07": {
            "month": "2010-07",
            "price": "18.91",
            "revenue": 141144
        },
        "2010-08": {
            "month": "2010-08",
            "price": "25.23",
            "revenue": 153927
        },
        "2010-09": {
            "month": "2010-09",
            "price": "25.74",
            "revenue": 132070
        },
        "2010-10": {
            "month": "2010-10",
            "price": "22.56",
            "revenue": 134752
        },
        "2010-11": {
            "month": "2010-11",
            "price": "20.16",
            "revenue": 153855
        },
        "2010-12": {
            "month": "2010-12",
            "price": "20.27",
            "revenue": 149477
        },
        "2011-01": {
            "month": "2011-01",
            "price": "20.45",
            "revenue": 131338
        },
        "2011-02": {
            "month": "2011-02",
            "price": "19.98",
            "revenue": 84887
        },
        "2011-03": {
            "month": "2011-03",
            "price": "20.69",
            "revenue": 147960
        },
        "2011-04": {
            "month": "2011-04",
            "price": "20.71",
            "revenue": 200974
        },
        "2011-05": {
            "month": "2011-05",
            "price": "17.65",
            "revenue": 199888
        },
        "2011-06": {
            "month": "2011-06",
            "price": "17.70",
            "revenue": 181451
        },
        "2011-07": {
            "month": "2011-07",
            "price": "16.44",
            "revenue": 204109
        },
        "2011-08": {
            "month": "2011-08",
            "price": "14.03",
            "revenue": 237845
        },
        "2011-09": {
            "month": "2011-09",
            "price": "13.15",
            "revenue": 207757
        },
        "2011-10": {
            "month": "2011-10",
            "price": "13.12",
            "revenue": 224955
        },
        "2011-11": {
            "month": "2011-11",
            "price": "12.69",
            "revenue": 213855
        },
        "2011-12": {
            "month": "2011-12",
            "price": "12.25",
            "revenue": 257781
        },
        "2012-01": {
            "month": "2012-01",
            "price": "12.71",
            "revenue": 139010
        },
        "2012-02": {
            "month": "2012-02",
            "price": "15.77",
            "revenue": 197628
        },
        "2012-03": {
            "month": "2012-03",
            "price": "16.63",
            "revenue": 247162
        },
        "2012-04": {
            "month": "2012-04",
            "price": "15.56",
            "revenue": 208096
        },
        "2012-05": {
            "month": "2012-05",
            "price": "14.35",
            "revenue": 226652
        },
        "2012-06": {
            "month": "2012-06",
            "price": "14.25",
            "revenue": 200875
        },
        "2012-07": {
            "month": "2012-07",
            "price": "14.24",
            "revenue": 209971
        },
        "2012-08": {
            "month": "2012-08",
            "price": "14.08",
            "revenue": 221327
        },
        "2012-09": {
            "month": "2012-09",
            "price": "14.65",
            "revenue": 190409
        },
        "2012-10": {
            "month": "2012-10",
            "price": "14.29",
            "revenue": 187669
        },
        "2012-11": {
            "month": "2012-11",
            "price": "14.03",
            "revenue": 180470
        },
        "2012-12": {
            "month": "2012-12",
            "price": "14.51",
            "revenue": 189669
        },
        "2013-01": {
            "month": "2013-01",
            "price": "15.03",
            "revenue": 177850
        },
        "2013-02": {
            "month": "2013-02",
            "price": "14.93",
            "revenue": 105603
        },
        "2013-03": {
            "month": "2013-03",
            "price": "14.97",
            "revenue": 192762
        },
        "2013-04": {
            "month": "2013-04",
            "price": "14.98",
            "revenue": 194072
        },
        "2013-05": {
            "month": "2013-05",
            "price": "15.00",
            "revenue": 191047
        },
        "2013-06": {
            "month": "2013-06",
            "price": "15.19",
            "revenue": 168807
        },
        "2013-07": {
            "month": "2013-07",
            "price": "15.22",
            "revenue": 184197
        },
        "2013-08": {
            "month": "2013-08",
            "price": "14.30",
            "revenue": 182417
        },
        "2013-09": {
            "month": "2013-09",
            "price": "14.66",
            "revenue": 177121
        },
        "2013-10": {
            "month": "2013-10",
            "price": "15.12",
            "revenue": 172237
        },
        "2013-11": {
            "month": "2013-11",
            "price": "14.80",
            "revenue": 184446
        },
        "2013-12": {
            "month": "2013-12",
            "price": "14.65",
            "revenue": 196060
        },
        "2014-01": {
            "month": "2014-01",
            "price": "14.92",
            "revenue": 157661
        },
        "2014-02": {
            "month": "2014-02",
            "price": "14.78",
            "revenue": 127710
        },
        "2014-03": {
            "month": "2014-03",
            "price": "14.85",
            "revenue": 178897
        },
        "2014-04": {
            "month": "2014-04",
            "price": "14.83",
            "revenue": 193662
        },
        "2014-05": {
            "month": "2014-05",
            "price": "14.61",
            "revenue": 186042
        },
        "2014-06": {
            "month": "2014-06",
            "price": "14.56",
            "revenue": 186347
        },
        "2014-07": {
            "month": "2014-07",
            "price": "14.20",
            "revenue": 208939
        },
        "2014-08": {
            "month": "2014-08",
            "price": "14.23",
            "revenue": 199007
        },
        "2014-09": {
            "month": "2014-09",
            "price": "15.73",
            "revenue": 215798
        },
        "2014-10": {
            "month": "2014-10",
            "price": "15.42",
            "revenue": 219496
        },
        "2014-11": {
            "month": "2014-11",
            "price": "15.60",
            "revenue": 202763
        },
        "2014-12": {
            "month": "2014-12",
            "price": "15.52",
            "revenue": 234580
        },
        "2015-01": {
            "month": "2015-01",
            "price": "15.25",
            "revenue": 223904
        },
        "2015-02": {
            "month": "2015-02",
            "price": "15.18",
            "revenue": 111303
        },
        "2015-03": {
            "month": "2015-03",
            "price": "15.17",
            "revenue": 226275
        },
        "2015-04": {
            "month": "2015-04",
            "price": "15.78",
            "revenue": 203463
        },
        "2015-05": {
            "month": "2015-05",
            "price": "16.16",
            "revenue": 197598
        },
        "2015-06": {
            "month": "2015-06",
            "price": "15.73",
            "revenue": 211940
        },
        "2015-07": {
            "month": "2015-07",
            "price": "15.35",
            "revenue": 219028
        },
        "2015-08": {
            "month": "2015-08",
            "price": "14.74",
            "revenue": 207007
        },
        "2015-09": {
            "month": "2015-09",
            "price": "14.97",
            "revenue": 226990
        },
        "2015-10": {
            "month": "2015-10",
            "price": "15.35",
            "revenue": 189374
        },
        "2015-11": {
            "month": "2015-11",
            "price": "16.20",
            "revenue": 199009
        },
        "2015-12": {
            "month": "2015-12",
            "price": "16.43",
            "revenue": 236372
        },
        "2016-01": {
            "month": "2016-01",
            "price": "16.22",
            "revenue": 238510
        },
        "2016-02": {
            "month": "2016-02",
            "price": "16.65",
            "revenue": 104892
        },
        "2016-03": {
            "month": "2016-03",
            "price": "17.00",
            "revenue": 237784
        },
        "2016-04": {
            "month": "2016-04",
            "price": "16.69",
            "revenue": 209656
        },
        "2016-05": {
            "month": "2016-05",
            "price": "16.52",
            "revenue": 218319
        },
        "2016-06": {
            "month": "2016-06",
            "price": "16.52",
            "revenue": 223225
        },
        "2016-07": {
            "month": "2016-07",
            "price": "16.48",
            "revenue": 206133
        },
        "2016-08": {
            "month": "2016-08",
            "price": "15.45",
            "revenue": 240612
        },
        "2016-09": {
            "month": "2016-09",
            "price": "15.28",
            "revenue": 211106
        },
        "2016-10": {
            "month": "2016-10",
            "price": "15.22",
            "revenue": 214638
        },
        "2016-11": {
            "month": "2016-11",
            "price": "14.96",
            "revenue": 262602
        },
        "2016-12": {
            "month": "2016-12",
            "price": "14.83",
            "revenue": 248021
        },
        "2017-01": {
            "month": "2017-01",
            "price": "14.97",
            "revenue": 211025
        },
        "2017-02": {
            "month": "2017-02",
            "price": "14.99",
            "revenue": 169182
        },
        "2017-03": {
            "month": "2017-03",
            "price": "14.91",
            "revenue": 262498
        },
        "2017-04": {
            "month": "2017-04",
            "price": "14.60",
            "revenue": 205971
        },
        "2017-05": {
            "month": "2017-05",
            "price": "14.30",
            "revenue": 224919
        },
        "2017-06": {
            "month": "2017-06",
            "price": "14.27",
            "revenue": 246507
        },
        "2017-07": {
            "month": "2017-07",
            "price": "14.32",
            "revenue": 251256
        },
        "2017-08": {
            "month": "2017-08",
            "price": "13.99",
            "revenue": 262192
        },
        "2017-09": {
            "month": "2017-09",
            "price": "14.12",
            "revenue": 266017
        },
        "2017-10": {
            "month": "2017-10",
            "price": "14.19",
            "revenue": 209604
        },
        "2017-11": {
            "month": "2017-11",
            "price": "14.18",
            "revenue": 253004
        },
        "2017-12": {
            "month": "2017-12",
            "price": "14.20",
            "revenue": 275571
        },
        "2018-01": {
            "month": "2018-01",
            "price": "14.49",
            "revenue": 295033
        },
        "2018-02": {
            "month": "2018-02",
            "price": "14.33",
            "revenue": 122318
        },
        "2018-03": {
            "month": "2018-03",
            "price": "14.49",
            "revenue": 311834
        },
        "2018-04": {
            "month": "2018-04",
            "price": "14.87",
            "revenue": 251076
        },
        "2018-05": {
            "month": "2018-05",
            "price": "14.53",
            "revenue": 285767
        },
        "2018-06": {
            "month": "2018-06",
            "price": "14.07",
            "revenue": 267137
        },
        "2018-07": {
            "month": "2018-07",
            "price": "13.92",
            "revenue": 285107
        },
        "2018-08": {
            "month": "2018-08",
            "price": "13.70",
            "revenue": 298235
        },
        "2018-09": {
            "month": "2018-09",
            "price": "13.41",
            "revenue": 286803
        },
        "2018-10": {
            "month": "2018-10",
            "price": "12.55",
            "revenue": 276099
        },
        "2018-11": {
            "month": "2018-11",
            "price": "12.82",
            "revenue": 269086
        },
        "2018-12": {
            "month": "2018-12",
            "price": "13.36",
            "revenue": 308357
        },
        "2019-01": {
            "month": "2019-01",
            "price": "13.90",
            "revenue": 306166
        },
        "2019-02": {
            "month": "2019-02",
            "price": "13.59",
            "revenue": 152933
        },
        "2019-03": {
            "month": "2019-03",
            "price": "13.57",
            "revenue": 286341
        },
        "2019-04": {
            "month": "2019-04",
            "price": "13.60",
            "revenue": 274170
        },
        "2019-05": {
            "month": "2019-05",
            "price": "13.46",
            "revenue": 290648
        },
        "2019-06": {
            "month": "2019-06",
            "price": "13.46",
            "revenue": 259009
        },
        "2019-07": {
            "month": "2019-07",
            "price": "13.72",
            "revenue": 270408
        },
        "2019-08": {
            "month": "2019-08",
            "price": "14.12",
            "revenue": 275972
        },
        "2019-09": {
            "month": "2019-09",
            "price": "13.97",
            "revenue": 273799
        },
        "2019-10": {
            "month": "2019-10",
            "price": "13.91",
            "revenue": 279532
        },
        "2019-11": {
            "month": "2019-11",
            "price": "13.79",
            "revenue": 267587
        },
        "2019-12": {
            "month": "2019-12",
            "price": "13.68",
            "revenue": 296278
        },
        "2020-01": {
            "month": "2020-01",
            "price": "13.83",
            "revenue": 181383
        },
        "2020-02": {
            "month": "2020-02",
            "price": "14.02",
            "revenue": 170920
        },
        "2020-03": {
            "month": "2020-03",
            "price": "12.59",
            "revenue": 261567
        },
        "2020-04": {
            "month": "2020-04",
            "price": "12.37",
            "revenue": 244793
        },
        "2020-05": {
            "month": "2020-05",
            "price": "16.51",
            "revenue": 267049
        },
        "2020-06": {
            "month": "2020-06",
            "price": "14.13",
            "revenue": 253895
        },
        "2020-07": {
            "month": "2020-07",
            "price": "13.57",
            "revenue": 309166
        },
        "2020-08": {
            "month": "2020-08",
            "price": "13.24",
            "revenue": 264198
        },
        "2020-09": {
            "month": "2020-09",
            "price": "14.02",
            "revenue": 278677
        },
        "2020-10": {
            "month": "2020-10",
            "price": "13.23",
            "revenue": 291745
        },
        "2020-11": {
            "month": "2020-11",
            "price": "13.81",
            "revenue": 306461
        },
        "2020-12": {
            "month": "2020-12",
            "price": "15.45",
            "revenue": 332814
        },
        "2021-01": {
            "month": "2021-01",
            "price": "15.85",
            "revenue": 333512
        },
        "2021-02": {
            "month": "2021-02",
            "price": "15.22",
            "revenue": 172420
        },
        "2021-03": {
            "month": "2021-03",
            "price": "15.95",
            "revenue": 325833
        },
        "2021-04": {
            "month": "2021-04",
            "price": "18.31",
            "revenue": 303251
        },
        "2021-05": {
            "month": "2021-05",
            "price": "15.64",
            "revenue": 289020
        },
        "2021-06": {
            "month": "2021-06",
            "price": "15.05",
            "revenue": 269418
        },
        "2021-07": {
            "month": "2021-07",
            "price": "14.83",
            "revenue": 320412
        },
        "2021-08": {
            "month": "2021-08",
            "price": "13.93",
            "revenue": 277210
        },
        "2021-09": {
            "month": "2021-09",
            "price": "13.99",
            "revenue": 281992
        },
        "2021-10": {
            "month": "2021-10",
            "price": "14.69",
            "revenue": 329224
        },
        "2021-11": {
            "month": "2021-11",
            "price": "14.81",
            "revenue": 334966
        },
        "2021-12": {
            "month": "2021-12",
            "price": "14.85",
            "revenue": 313125
        },
        "2022-01": {
            "month": "2022-01",
            "price": "17.88",
            "revenue": 334387
        },
        "2022-02": {
            "month": "2022-02",
            "price": "16.36",
            "revenue": 199354
        },
        "2022-03": {
            "month": "2022-03",
            "price": "15.65",
            "revenue": 337796
        },
        "2022-04": {
            "month": "2022-04",
            "price": "15.04",
            "revenue": 335690
        },
        "2022-05": {
            "month": "2022-05",
            "price": "14.34",
            "revenue": 338748
        },
        "2022-06": {
            "month": "2022-06",
            "price": "14.51",
            "revenue": 272159
        },
        "2022-07": {
            "month": "2022-07",
            "price": "13.48",
            "revenue": 326494
        },
        "2022-08": {
            "month": "2022-08",
            "price": "14.34",
            "revenue": 322875
        },
        "2022-09": {
            "month": "2022-09",
            "price": "16.11",
            "revenue": 277971
        },
        "2022-10": {
            "month": "2022-10",
            "price": "14.17",
            "revenue": 319192
        },
        "2022-11": {
            "month": "2022-11",
            "price": "14.17",
            "revenue": 305124
        },
        "2022-12": {
            "month": "2022-12",
            "price": "14.23",
            "revenue": 286164
        },
        "2023-01": {
            "month": "2023-01",
            "price": "13.95",
            "revenue": 218870
        },
        "2023-02": {
            "month": "2023-02",
            "price": "14.44",
            "revenue": 239498
        },
        "2023-03": {
            "month": "2023-03",
            "price": "14.43",
            "revenue": 296424
        },
        "2023-04": {
            "month": "2023-04",
            "price": "14.68",
            "revenue": 251891
        },
        "2023-05": {
            "month": "2023-05",
            "price": "14.94",
            "revenue": 262398
        },
        "2023-06": {
            "month": "2023-06",
            "price": "15.18",
            "revenue": 318994
        },
        "2023-07": {
            "month": "2023-07",
            "price": "14.90",
            "revenue": 283580
        },
        "2023-08": {
            "month": "2023-08",
            "price": "14.40",
            "revenue": 289149
        }
    }
}
