{
    "summary": {
        "stock_name": "美琪瑪",
        "stock_id": "4721",
        "category": "化工",
        "main_business": "醋酸鈷、錳、磁性材料生產製造買賣及進出口業務<br>鈷化合物、錳化合物之生產買賣及進出口業務<br>鈷金屬、錳金屬之買賣及進出口業務",
        "website_url": "http://www.mechema.com",
        "ceo": "嚴隆財",
        "pe_ratio": -78,
        "report_year_from": 2001,
        "report_year_to": 2023,
        "age": 23,
        "eps_negative_percentage": 4,
        "eps_growth_avg": {
            "last_all": 8.37,
            "last_2y": 1.8,
            "last_4y": -9.72,
            "last_8y": 4.33,
            "last_12y": 1.57,
            "last_16y": 7.48,
            "last_20y": 7.07,
            "at_2006_last_3y": 5.31,
            "at_2007_last_3y": 7.76,
            "at_2008_last_3y": -5.73,
            "at_2009_last_3y": 1.7,
            "at_2010_last_3y": 26.7,
            "at_2011_last_3y": 1.19,
            "at_2012_last_3y": -6.92,
            "at_2013_last_3y": 10.27,
            "at_2014_last_3y": -4.64,
            "at_2015_last_3y": 4.43,
            "at_2016_last_3y": 23.22,
            "at_2017_last_3y": 27.74,
            "at_2018_last_3y": 21.88,
            "at_2019_last_3y": 19.18,
            "at_2020_last_3y": 2.7,
            "at_2021_last_3y": 15.73,
            "at_2022_last_3y": 12.85,
            "at_2023_last_3y": -9.61,
            "at_2024_last_3y": -9.61,
            "at_2006_last_all": 11.4,
            "at_2007_last_all": 20.57,
            "at_2008_last_all": 14.68,
            "at_2009_last_all": 7.97,
            "at_2010_last_all": 18.2,
            "at_2011_last_all": 12.82,
            "at_2012_last_all": 6.83,
            "at_2013_last_all": 8.74,
            "at_2014_last_all": 11.17,
            "at_2015_last_all": 10.42,
            "at_2016_last_all": 11.2,
            "at_2017_last_all": 13.49,
            "at_2018_last_all": 13.69,
            "at_2019_last_all": 12.37,
            "at_2020_last_all": 9.41,
            "at_2021_last_all": 13.94,
            "at_2022_last_all": 13.53,
            "at_2023_last_all": 8.37,
            "at_2024_last_all": 8.37
        },
        "latest_eps": -0.97,
        "latest_price": 75.3,
        "latest_roe": -5.52,
        "latest_gross_margin": 17,
        "latest_equity": 1117989,
        "latest_revenue": 549880,
        "latest_gross_profit": 93463,
        "latest_net_income": 47856,
        "latest_debt_ratio": 38.75,
        "latest_current_ratio": 202.19,
        "latest_account_receivable_turnover_ratio": 0.97,
        "latest_inventory_turnover_ratio": 1.18,
        "latest_reinvestment_rate": -8.86,
        "latest_research_to_sale_ratio": 0.96
    },
    "eps_dividends": {
        "1999": {
            "cash": 0,
            "stock": 1.73,
            "eps": 0
        },
        "2000": {
            "cash": 0,
            "stock": 1.82,
            "eps": 0
        },
        "2001": {
            "cash": 0.22,
            "stock": 0.45,
            "eps": 1.51
        },
        "2002": {
            "cash": 0.7,
            "stock": 0.7,
            "eps": 2.05
        },
        "2003": {
            "cash": 0.92,
            "stock": 1,
            "eps": 3.21
        },
        "2004": {
            "cash": 1.75,
            "stock": 1,
            "eps": 4.28
        },
        "2005": {
            "cash": 2.4,
            "stock": 1,
            "eps": 1.34
        },
        "2006": {
            "cash": 0,
            "stock": 0.2,
            "eps": 1.34
        },
        "2007": {
            "cash": 1.09,
            "stock": 0.2,
            "eps": 2.23
        },
        "2008": {
            "cash": 1.4,
            "stock": 0.5,
            "eps": 1.77
        },
        "2009": {
            "cash": 1.2,
            "stock": 0.3,
            "eps": 1.08
        },
        "2010": {
            "cash": 0.6,
            "stock": 0.4,
            "eps": 2.78
        },
        "2011": {
            "cash": 2,
            "stock": 0.37,
            "eps": 1.79
        },
        "2012": {
            "cash": 1.6,
            "stock": 0,
            "eps": 0.84
        },
        "2013": {
            "cash": 0.8,
            "stock": 0,
            "eps": 1.09
        },
        "2014": {
            "cash": 1.06,
            "stock": 0,
            "eps": 1.53
        },
        "2015": {
            "cash": 1.3,
            "stock": 0,
            "eps": 1.54
        },
        "2016": {
            "cash": 1.4,
            "stock": 0,
            "eps": 1.88
        },
        "2017": {
            "cash": 1.55,
            "stock": 0,
            "eps": 2.78
        },
        "2018": {
            "cash": 2.4,
            "stock": 0,
            "eps": 3.25
        },
        "2019": {
            "cash": 2.8,
            "stock": 0,
            "eps": 2.92
        },
        "2020": {
            "cash": 2.44,
            "stock": 0,
            "eps": 1.64
        },
        "2021": {
            "cash": 1.39,
            "stock": 0,
            "eps": 4.81
        },
        "2022": {
            "cash": 3.8,
            "stock": 0,
            "eps": 5.07
        },
        "2023": {
            "cash": 4.6,
            "stock": 0,
            "eps": -0.54
        }
    },
    "dividends": {
        "1999-06-02": {
            "cash": 0,
            "stock": 1.73
        },
        "2000-06-09": {
            "cash": 0,
            "stock": 1.82
        },
        "2001-06-26": {
            "cash": 0.22,
            "stock": 0.45
        },
        "2002-05-20": {
            "cash": 0.7,
            "stock": 0.7
        },
        "2003-05-23": {
            "cash": 0.92,
            "stock": 1
        },
        "2004-02-20": {
            "cash": 1.75,
            "stock": 1
        },
        "2005-02-25": {
            "cash": 2.4,
            "stock": 1
        },
        "2006-03-28": {
            "cash": 0,
            "stock": 0.2
        },
        "2007-03-19": {
            "cash": 1.09,
            "stock": 0.2
        },
        "2008-03-27": {
            "cash": 1.4,
            "stock": 0.5
        },
        "2009-03-27": {
            "cash": 1.2,
            "stock": 0.3
        },
        "2010-06-25": {
            "cash": 0.6,
            "stock": 0.4
        },
        "2011-04-28": {
            "cash": 2,
            "stock": 0.37
        },
        "2012-06-21": {
            "cash": 1.6,
            "stock": 0
        },
        "2013-06-20": {
            "cash": 0.8,
            "stock": 0
        },
        "2014-10-08": {
            "cash": 1.06,
            "stock": 0
        },
        "2015-10-15": {
            "cash": 1.3,
            "stock": 0
        },
        "2016-10-05": {
            "cash": 1.4,
            "stock": 0
        },
        "2017-10-06": {
            "cash": 1.55,
            "stock": 0
        },
        "2018-09-21": {
            "cash": 2.4,
            "stock": 0
        },
        "2019-09-17": {
            "cash": 2.8,
            "stock": 0
        },
        "2020-09-17": {
            "cash": 2.44,
            "stock": 0
        },
        "2021-08-17": {
            "cash": 1.39,
            "stock": 0
        },
        "2022-08-02": {
            "cash": 3.8,
            "stock": 0
        },
        "2023-08-10": {
            "cash": 4.6,
            "stock": 0
        }
    },
    "prices": {
        "200101": "無",
        "200102": "無",
        "200103": "17.33",
        "200104": "15.57",
        "200105": "13.89",
        "200106": "14.08",
        "200107": "13.83",
        "200108": "13.93",
        "200109": "13.35",
        "200110": "13.65",
        "200111": "13.69",
        "200112": "14.45",
        "200201": "15.46",
        "200202": "16.56",
        "200203": "20.99",
        "200204": "19.48",
        "200205": "22.76",
        "200206": "23.64",
        "200207": "25.50",
        "200208": "25.02",
        "200209": "23.94",
        "200210": "24.97",
        "200211": "27.70",
        "200212": "31.86",
        "200301": "31.88",
        "200302": "29.40",
        "200303": "30.11",
        "200304": "30.65",
        "200305": "29.63",
        "200306": "32.60",
        "200307": "34.61",
        "200308": "40.12",
        "200309": "35.99",
        "200310": "39.31",
        "200311": "39.70",
        "200312": "38.30",
        "200401": "38.93",
        "200402": "45.56",
        "200403": "48.87",
        "200404": "50.22",
        "200405": "50.90",
        "200406": "51.21",
        "200407": "49.48",
        "200408": "45.29",
        "200409": "44.03",
        "200410": "41.84",
        "200411": "39.20",
        "200412": "37.61",
        "200501": "37.12",
        "200502": "36.74",
        "200503": "37.48",
        "200504": "33.91",
        "200505": "27.59",
        "200506": "28.26",
        "200507": "26.69",
        "200508": "23.31",
        "200509": "18.03",
        "200510": "15.66",
        "200511": "17.19",
        "200512": "17.58",
        "200601": "17.45",
        "200602": "17.73",
        "200603": "16.66",
        "200604": "16.66",
        "200605": "19.27",
        "200606": "17.47",
        "200607": "18.49",
        "200608": "19.05",
        "200609": "16.90",
        "200610": "17.34",
        "200611": "17.45",
        "200612": "19.28",
        "200701": "22.23",
        "200702": "22.55",
        "200703": "25.03",
        "200704": "25.14",
        "200705": "25.47",
        "200706": "25.43",
        "200707": "33.15",
        "200708": "31.98",
        "200709": "35.32",
        "200710": "33.72",
        "200711": "26.37",
        "200712": "26.08",
        "200801": "26.90",
        "200802": "29.14",
        "200803": "35.96",
        "200804": "37.85",
        "200805": "38.44",
        "200806": "36.93",
        "200807": "34.29",
        "200808": "31.31",
        "200809": "22.88",
        "200810": "18.49",
        "200811": "15.68",
        "200812": "14.43",
        "200901": "14.62",
        "200902": "14.91",
        "200903": "18.15",
        "200904": "20.11",
        "200905": "20.12",
        "200906": "20.03",
        "200907": "21.17",
        "200908": "21.87",
        "200909": "24.30",
        "200910": "32.18",
        "200911": "31.28",
        "200912": "33.34",
        "201001": "34.23",
        "201002": "30.15",
        "201003": "34.95",
        "201004": "34.36",
        "201005": "31.55",
        "201006": "30.03",
        "201007": "32.11",
        "201008": "32.95",
        "201009": "31.29",
        "201010": "33.67",
        "201011": "31.22",
        "201012": "31.52",
        "201101": "31.60",
        "201102": "30.28",
        "201103": "28.78",
        "201104": "28.96",
        "201105": "30.50",
        "201106": "28.84",
        "201107": "28.88",
        "201108": "26.86",
        "201109": "22.85",
        "201110": "23.20",
        "201111": "22.53",
        "201112": "20.64",
        "201201": "20.63",
        "201202": "24.31",
        "201203": "25.20",
        "201204": "27.77",
        "201205": "24.45",
        "201206": "23.22",
        "201207": "23.64",
        "201208": "25.91",
        "201209": "24.83",
        "201210": "23.10",
        "201211": "20.40",
        "201212": "21.75",
        "201301": "22.15",
        "201302": "22.06",
        "201303": "22.45",
        "201304": "21.39",
        "201305": "20.69",
        "201306": "20.33",
        "201307": "20.05",
        "201308": "20.44",
        "201309": "20.18",
        "201310": "20.51",
        "201311": "20.73",
        "201312": "22.26",
        "201401": "22.61",
        "201402": "23.21",
        "201403": "28.84",
        "201404": "32.47",
        "201405": "33.77",
        "201406": "36.18",
        "201407": "33.91",
        "201408": "32.44",
        "201409": "33.54",
        "201410": "31.76",
        "201411": "29.14",
        "201412": "27.22",
        "201501": "26.99",
        "201502": "26.48",
        "201503": "25.60",
        "201504": "25.71",
        "201505": "23.50",
        "201506": "21.24",
        "201507": "21.08",
        "201508": "18.71",
        "201509": "18.24",
        "201510": "19.51",
        "201511": "24.50",
        "201512": "24.90",
        "201601": "21.60",
        "201602": "22.43",
        "201603": "26.38",
        "201604": "34.81",
        "201605": "34.93",
        "201606": "38.04",
        "201607": "37.58",
        "201608": "35.98",
        "201609": "34.18",
        "201610": "30.86",
        "201611": "29.64",
        "201612": "31.05",
        "201701": "32.33",
        "201702": "35.29",
        "201703": "44.12",
        "201704": "42.92",
        "201705": "43.44",
        "201706": "43.09",
        "201707": "44.70",
        "201708": "76.21",
        "201709": "127.05",
        "201710": "130.47",
        "201711": "106.14",
        "201712": "102.29",
        "201801": "106.20",
        "201802": "104.49",
        "201803": "115.63",
        "201804": "105.42",
        "201805": "97.40",
        "201806": "104.07",
        "201807": "93.37",
        "201808": "91.32",
        "201809": "74.95",
        "201810": "63.67",
        "201811": "67.23",
        "201812": "76.00",
        "201901": "72.63",
        "201902": "77.20",
        "201903": "76.27",
        "201904": "76.48",
        "201905": "66.13",
        "201906": "66.93",
        "201907": "72.47",
        "201908": "70.04",
        "201909": "72.45",
        "201910": "71.85",
        "201911": "68.66",
        "201912": "67.66",
        "202001": "68.17",
        "202002": "63.15",
        "202003": "44.05",
        "202004": "46.89",
        "202005": "52.12",
        "202006": "56.83",
        "202007": "64.75",
        "202008": "62.97",
        "202009": "65.07",
        "202010": "58.06",
        "202011": "59.02",
        "202012": "62.87",
        "202101": "64.40",
        "202102": "62.70",
        "202103": "63.55",
        "202104": "70.25",
        "202105": "59.24",
        "202106": "63.99",
        "202107": "83.43",
        "202108": "107.29",
        "202109": "119.38",
        "202110": "127.30",
        "202111": "165.00",
        "202112": "154.57",
        "202201": "143.11",
        "202202": "140.90",
        "202203": "145.13",
        "202204": "140.05",
        "202205": "133.38",
        "202206": "137.55",
        "202207": "116.95",
        "202208": "127.28",
        "202209": "125.60",
        "202210": "101.42",
        "202211": "103.61",
        "202212": "104.47",
        "202301": "100.11",
        "202302": "109.75",
        "202303": "107.46",
        "202304": "105.14",
        "202305": "96.90",
        "202306": "99.11",
        "202307": "93.81",
        "202308": "81.46",
        "202309": "82.08",
        "202310": "79.48",
        "202311": "81.51",
        "202312": "88.75"
    },
    "quarters": {
        "20011": {
            "year_quarter": 20011,
            "year": 2001,
            "quarter": 1,
            "eps": 0.22,
            "eps_growth_year": -38.89,
            "eps_4q": 0.96,
            "eps_4q_growth_year": null,
            "roe": 1.97,
            "roe_4q": 1.97,
            "gross_profit": 31473,
            "gross_margin": 25.65,
            "gross_margin_4q_avg": 25.65,
            "net_income": 8665,
            "net_income_4q": null,
            "revenue": 122719,
            "revenue_4q": null,
            "common_shares": 390000,
            "book_valuer_per_share": 11.25,
            "book_valuer_per_share_4q_avg": 11.25,
            "equity": 438901,
            "current_ratio": 587.97,
            "debt_ratio": 11.44,
            "inventory_turnover_ratio": 1.08,
            "account_receivable_turnover_ratio": null,
            "reinvestment_rate": null,
            "research_to_sale_ratio": null,
            "price_fair": 0,
            "eps_avg_yearly": 0,
            "eps_latest_yearly": 0,
            "eps_growth_yearly": 0
        },
        "20012": {
            "year_quarter": 20012,
            "year": 2001,
            "quarter": 2,
            "eps": 0.45,
            "eps_growth_year": 221.43,
            "eps_4q": 1.31,
            "eps_4q_growth_year": null,
            "roe": 3.92,
            "roe_4q": 5.89,
            "gross_profit": 31438,
            "gross_margin": 23.33,
            "gross_margin_4q_avg": 24.49,
            "net_income": 17503,
            "net_income_4q": null,
            "revenue": 134733,
            "revenue_4q": null,
            "common_shares": 390000,
            "book_valuer_per_share": 11.65,
            "book_valuer_per_share_4q_avg": 11.45,
            "equity": 454477,
            "current_ratio": 463.77,
            "debt_ratio": 14.19,
            "inventory_turnover_ratio": 1.3,
            "account_receivable_turnover_ratio": null,
            "reinvestment_rate": null,
            "research_to_sale_ratio": null,
            "price_fair": 0,
            "eps_avg_yearly": 0,
            "eps_latest_yearly": 0,
            "eps_growth_yearly": 0
        },
        "20013": {
            "year_quarter": 20013,
            "year": 2001,
            "quarter": 3,
            "eps": 0.4,
            "eps_growth_year": 100,
            "eps_4q": 1.44,
            "eps_4q_growth_year": null,
            "roe": 3.52,
            "roe_4q": 9.41,
            "gross_profit": 25185,
            "gross_margin": 19.61,
            "gross_margin_4q_avg": 22.86,
            "net_income": 16402,
            "net_income_4q": null,
            "revenue": 128456,
            "revenue_4q": null,
            "common_shares": 408720,
            "book_valuer_per_share": 11.66,
            "book_valuer_per_share_4q_avg": 11.52,
            "equity": 476748,
            "current_ratio": 594.93,
            "debt_ratio": 11.49,
            "inventory_turnover_ratio": 1.4,
            "account_receivable_turnover_ratio": null,
            "reinvestment_rate": null,
            "research_to_sale_ratio": null,
            "price_fair": 0,
            "eps_avg_yearly": 0,
            "eps_latest_yearly": 0,
            "eps_growth_yearly": 0
        },
        "20014": {
            "year_quarter": 20014,
            "year": 2001,
            "quarter": 4,
            "eps": 0.44,
            "eps_growth_year": 2.33,
            "eps_4q": 1.48,
            "eps_4q_growth_year": 39.29,
            "roe": 3.71,
            "roe_4q": 13.120000000000001,
            "gross_profit": 23053,
            "gross_margin": 18.09,
            "gross_margin_4q_avg": 21.67,
            "net_income": 18083,
            "net_income_4q": null,
            "revenue": 127401,
            "revenue_4q": null,
            "common_shares": 408720,
            "book_valuer_per_share": 12.09,
            "book_valuer_per_share_4q_avg": 11.66,
            "equity": 497386,
            "current_ratio": 660.78,
            "debt_ratio": 9.8,
            "inventory_turnover_ratio": 1.55,
            "account_receivable_turnover_ratio": null,
            "reinvestment_rate": null,
            "research_to_sale_ratio": null,
            "price_fair": 0,
            "eps_avg_yearly": 0,
            "eps_latest_yearly": 0,
            "eps_growth_yearly": 0
        },
        "20021": {
            "year_quarter": 20021,
            "year": 2002,
            "quarter": 1,
            "eps": 0.53,
            "eps_growth_year": 140.91,
            "eps_4q": 1.8,
            "eps_4q_growth_year": 87.47,
            "roe": 4.26,
            "roe_4q": 15.41,
            "gross_profit": 34916,
            "gross_margin": 26.9,
            "gross_margin_4q_avg": 21.98,
            "net_income": 21651,
            "net_income_4q": null,
            "revenue": 129789,
            "revenue_4q": null,
            "common_shares": 408720,
            "book_valuer_per_share": 12.69,
            "book_valuer_per_share_4q_avg": 12.02,
            "equity": 518826,
            "current_ratio": 618.24,
            "debt_ratio": 11.05,
            "inventory_turnover_ratio": 1.3,
            "account_receivable_turnover_ratio": null,
            "reinvestment_rate": null,
            "research_to_sale_ratio": null,
            "price_fair": 74.2,
            "eps_avg_yearly": 2.12,
            "eps_latest_yearly": 2.12,
            "eps_growth_yearly": 81.82
        },
        "20022": {
            "year_quarter": 20022,
            "year": 2002,
            "quarter": 2,
            "eps": 0.51,
            "eps_growth_year": 13.33,
            "eps_4q": 1.78,
            "eps_4q_growth_year": 36.01,
            "roe": 4.36,
            "roe_4q": 15.850000000000001,
            "gross_profit": 36030,
            "gross_margin": 27.23,
            "gross_margin_4q_avg": 22.96,
            "net_income": 22616,
            "net_income_4q": null,
            "revenue": 132331,
            "revenue_4q": null,
            "common_shares": 408720,
            "book_valuer_per_share": 12.66,
            "book_valuer_per_share_4q_avg": 12.28,
            "equity": 517440,
            "current_ratio": 401.98,
            "debt_ratio": 16.27,
            "inventory_turnover_ratio": 1.09,
            "account_receivable_turnover_ratio": null,
            "reinvestment_rate": null,
            "research_to_sale_ratio": null,
            "price_fair": 72.8,
            "eps_avg_yearly": 2.08,
            "eps_latest_yearly": 2.04,
            "eps_growth_yearly": 33.36
        },
        "20023": {
            "year_quarter": 20023,
            "year": 2002,
            "quarter": 3,
            "eps": 0.47,
            "eps_growth_year": 17.5,
            "eps_4q": 1.88,
            "eps_4q_growth_year": 30.05,
            "roe": 3.93,
            "roe_4q": 16.26,
            "gross_profit": 36585,
            "gross_margin": 25.07,
            "gross_margin_4q_avg": 24.32,
            "net_income": 20794,
            "net_income_4q": null,
            "revenue": 145945,
            "revenue_4q": null,
            "common_shares": 440000,
            "book_valuer_per_share": 12.3,
            "book_valuer_per_share_4q_avg": 12.44,
            "equity": 541224,
            "current_ratio": 369.51,
            "debt_ratio": 17.32,
            "inventory_turnover_ratio": 1.15,
            "account_receivable_turnover_ratio": null,
            "reinvestment_rate": null,
            "research_to_sale_ratio": null,
            "price_fair": 43.86,
            "eps_avg_yearly": 2.01,
            "eps_latest_yearly": 1.88,
            "eps_growth_yearly": 11.78
        },
        "20024": {
            "year_quarter": 20024,
            "year": 2002,
            "quarter": 4,
            "eps": 0.54,
            "eps_growth_year": 22.73,
            "eps_4q": 2.01,
            "eps_4q_growth_year": 36.42,
            "roe": 4.31,
            "roe_4q": 16.86,
            "gross_profit": 38393,
            "gross_margin": 23.73,
            "gross_margin_4q_avg": 25.73,
            "net_income": 23846,
            "net_income_4q": null,
            "revenue": 161758,
            "revenue_4q": null,
            "common_shares": 440000,
            "book_valuer_per_share": 12.79,
            "book_valuer_per_share_4q_avg": 12.61,
            "equity": 566022,
            "current_ratio": 569.23,
            "debt_ratio": 11.06,
            "inventory_turnover_ratio": 1.4,
            "account_receivable_turnover_ratio": null,
            "reinvestment_rate": null,
            "research_to_sale_ratio": null,
            "price_fair": 69.15,
            "eps_avg_yearly": 2.05,
            "eps_latest_yearly": 2.16,
            "eps_growth_yearly": 23.73
        },
        "20031": {
            "year_quarter": 20031,
            "year": 2003,
            "quarter": 1,
            "eps": 0.71,
            "eps_growth_year": 33.96,
            "eps_4q": 2.25,
            "eps_4q_growth_year": 24.58,
            "roe": 5.37,
            "roe_4q": 17.97,
            "gross_profit": 47725,
            "gross_margin": 27.8,
            "gross_margin_4q_avg": 25.96,
            "net_income": 31093,
            "net_income_4q": null,
            "revenue": 171678,
            "revenue_4q": null,
            "common_shares": 440000,
            "book_valuer_per_share": 13.46,
            "book_valuer_per_share_4q_avg": 12.8,
            "equity": 592460,
            "current_ratio": 340.47,
            "debt_ratio": 18.96,
            "inventory_turnover_ratio": 1.53,
            "account_receivable_turnover_ratio": null,
            "reinvestment_rate": null,
            "research_to_sale_ratio": null,
            "price_fair": 77.28,
            "eps_avg_yearly": 2.21,
            "eps_latest_yearly": 2.84,
            "eps_growth_yearly": 44.17
        },
        "20032": {
            "year_quarter": 20032,
            "year": 2003,
            "quarter": 2,
            "eps": 0.79,
            "eps_growth_year": 54.9,
            "eps_4q": 2.34,
            "eps_4q_growth_year": 31.62,
            "roe": 6.51,
            "roe_4q": 20.119999999999997,
            "gross_profit": 53220,
            "gross_margin": 28.9,
            "gross_margin_4q_avg": 26.38,
            "net_income": 38665,
            "net_income_4q": null,
            "revenue": 184178,
            "revenue_4q": null,
            "common_shares": 440000,
            "book_valuer_per_share": 13.53,
            "book_valuer_per_share_4q_avg": 13.02,
            "equity": 595387,
            "current_ratio": 329.42,
            "debt_ratio": 18.95,
            "inventory_turnover_ratio": 1.61,
            "account_receivable_turnover_ratio": null,
            "reinvestment_rate": null,
            "research_to_sale_ratio": null,
            "price_fair": 82.83,
            "eps_avg_yearly": 2.37,
            "eps_latest_yearly": 3.16,
            "eps_growth_yearly": 44.32
        },
        "20033": {
            "year_quarter": 20033,
            "year": 2003,
            "quarter": 3,
            "eps": 0.88,
            "eps_growth_year": 87.23,
            "eps_4q": 2.79,
            "eps_4q_growth_year": 48.64,
            "roe": 6.99,
            "roe_4q": 23.18,
            "gross_profit": 63545,
            "gross_margin": 31.11,
            "gross_margin_4q_avg": 27.89,
            "net_income": 43051,
            "net_income_4q": null,
            "revenue": 204239,
            "revenue_4q": null,
            "common_shares": 487500,
            "book_valuer_per_share": 13.06,
            "book_valuer_per_share_4q_avg": 13.21,
            "equity": 636728,
            "current_ratio": 165.88,
            "debt_ratio": 31.43,
            "inventory_turnover_ratio": 1.43,
            "account_receivable_turnover_ratio": null,
            "reinvestment_rate": null,
            "research_to_sale_ratio": null,
            "price_fair": 88.6,
            "eps_avg_yearly": 2.53,
            "eps_latest_yearly": 3.52,
            "eps_growth_yearly": 44.5
        },
        "20034": {
            "year_quarter": 20034,
            "year": 2003,
            "quarter": 4,
            "eps": 0.83,
            "eps_growth_year": 53.7,
            "eps_4q": 3.15,
            "eps_4q_growth_year": 56.38,
            "roe": 6.13,
            "roe_4q": 25.000000000000004,
            "gross_profit": 56089,
            "gross_margin": 28.61,
            "gross_margin_4q_avg": 29.11,
            "net_income": 40386,
            "net_income_4q": null,
            "revenue": 196036,
            "revenue_4q": null,
            "common_shares": 487500,
            "book_valuer_per_share": 13.88,
            "book_valuer_per_share_4q_avg": 13.48,
            "equity": 679937,
            "current_ratio": 304.23,
            "debt_ratio": 37.3,
            "inventory_turnover_ratio": 1,
            "account_receivable_turnover_ratio": null,
            "reinvestment_rate": 68.67,
            "research_to_sale_ratio": null,
            "price_fair": 92.05,
            "eps_avg_yearly": 2.63,
            "eps_latest_yearly": 3.32,
            "eps_growth_yearly": 36.1
        },
        "20041": {
            "year_quarter": 20041,
            "year": 2004,
            "quarter": 1,
            "eps": 1.57,
            "eps_growth_year": 121.13,
            "eps_4q": 4.08,
            "eps_4q_growth_year": 81.79,
            "roe": 10.67,
            "roe_4q": 30.299999999999997,
            "gross_profit": 102116,
            "gross_margin": 35.49,
            "gross_margin_4q_avg": 31.03,
            "net_income": 76294,
            "net_income_4q": null,
            "revenue": 287769,
            "revenue_4q": null,
            "common_shares": 487500,
            "book_valuer_per_share": 15.39,
            "book_valuer_per_share_4q_avg": 13.97,
            "equity": 750388,
            "current_ratio": 288.18,
            "debt_ratio": 37.93,
            "inventory_turnover_ratio": 0.84,
            "account_receivable_turnover_ratio": null,
            "reinvestment_rate": 42.3,
            "research_to_sale_ratio": null,
            "price_fair": 106.24,
            "eps_avg_yearly": 3.04,
            "eps_latest_yearly": 6.28,
            "eps_growth_yearly": 71.71
        },
        "20042": {
            "year_quarter": 20042,
            "year": 2004,
            "quarter": 2,
            "eps": 1.26,
            "eps_growth_year": 59.49,
            "eps_4q": 4.21,
            "eps_4q_growth_year": 79.93,
            "roe": 9.19,
            "roe_4q": 32.98,
            "gross_profit": 95230,
            "gross_margin": 30.75,
            "gross_margin_4q_avg": 31.49,
            "net_income": 68326,
            "net_income_4q": null,
            "revenue": 309644,
            "revenue_4q": null,
            "common_shares": 489317,
            "book_valuer_per_share": 15.06,
            "book_valuer_per_share_4q_avg": 14.35,
            "equity": 736823,
            "current_ratio": 189.19,
            "debt_ratio": 47.91,
            "inventory_turnover_ratio": 0.62,
            "account_receivable_turnover_ratio": null,
            "reinvestment_rate": 39.14,
            "research_to_sale_ratio": null,
            "price_fair": 113.26,
            "eps_avg_yearly": 3.24,
            "eps_latest_yearly": 5.04,
            "eps_growth_yearly": 56.64
        },
        "20043": {
            "year_quarter": 20043,
            "year": 2004,
            "quarter": 3,
            "eps": 1,
            "eps_growth_year": 13.64,
            "eps_4q": 4.41,
            "eps_4q_growth_year": 57.98,
            "roe": 7.04,
            "roe_4q": 33.03,
            "gross_profit": 72804,
            "gross_margin": 27.04,
            "gross_margin_4q_avg": 30.47,
            "net_income": 54206,
            "net_income_4q": null,
            "revenue": 269207,
            "revenue_4q": null,
            "common_shares": 545708,
            "book_valuer_per_share": 14.73,
            "book_valuer_per_share_4q_avg": 14.77,
            "equity": 803883,
            "current_ratio": 195.05,
            "debt_ratio": 45.5,
            "inventory_turnover_ratio": 0.43,
            "account_receivable_turnover_ratio": null,
            "reinvestment_rate": 40.25,
            "research_to_sale_ratio": null,
            "price_fair": 115.69,
            "eps_avg_yearly": 3.31,
            "eps_latest_yearly": 4,
            "eps_growth_yearly": 43.99
        },
        "20044": {
            "year_quarter": 20044,
            "year": 2004,
            "quarter": 4,
            "eps": 0.45,
            "eps_growth_year": -45.78,
            "eps_4q": 4.09,
            "eps_4q_growth_year": 29.82,
            "roe": 3.02,
            "roe_4q": 29.92,
            "gross_profit": 61927,
            "gross_margin": 20.89,
            "gross_margin_4q_avg": 28.54,
            "net_income": 24599,
            "net_income_4q": null,
            "revenue": 296393,
            "revenue_4q": null,
            "common_shares": 545819,
            "book_valuer_per_share": 15.09,
            "book_valuer_per_share_4q_avg": 15.07,
            "equity": 826317,
            "current_ratio": 229.59,
            "debt_ratio": 40.43,
            "inventory_turnover_ratio": 0.5,
            "account_receivable_turnover_ratio": null,
            "reinvestment_rate": 56.8,
            "research_to_sale_ratio": null,
            "price_fair": 101.73,
            "eps_avg_yearly": 3.18,
            "eps_latest_yearly": 1.8,
            "eps_growth_yearly": 21.99
        },
        "20051": {
            "year_quarter": 20051,
            "year": 2005,
            "quarter": 1,
            "eps": 0.43,
            "eps_growth_year": -72.61,
            "eps_4q": 3.12,
            "eps_4q_growth_year": -23.57,
            "roe": 2.81,
            "roe_4q": 22.060000000000002,
            "gross_profit": 28973,
            "gross_margin": 11.29,
            "gross_margin_4q_avg": 22.49,
            "net_income": 23517,
            "net_income_4q": null,
            "revenue": 256660,
            "revenue_4q": null,
            "common_shares": 546097,
            "book_valuer_per_share": 15.5,
            "book_valuer_per_share_4q_avg": 15.1,
            "equity": 846251,
            "current_ratio": 268.22,
            "debt_ratio": 36.03,
            "inventory_turnover_ratio": 0.59,
            "account_receivable_turnover_ratio": null,
            "reinvestment_rate": 45.23,
            "research_to_sale_ratio": null,
            "price_fair": 88.75,
            "eps_avg_yearly": 3.07,
            "eps_latest_yearly": 1.72,
            "eps_growth_yearly": 18.93
        },
        "20052": {
            "year_quarter": 20052,
            "year": 2005,
            "quarter": 2,
            "eps": 0.06,
            "eps_growth_year": -95.24,
            "eps_4q": 1.9,
            "eps_4q_growth_year": -54.92,
            "roe": 0.43,
            "roe_4q": 13.3,
            "gross_profit": 25686,
            "gross_margin": 12.12,
            "gross_margin_4q_avg": 17.84,
            "net_income": 3344,
            "net_income_4q": null,
            "revenue": 211932,
            "revenue_4q": null,
            "common_shares": 546097,
            "book_valuer_per_share": 13.07,
            "book_valuer_per_share_4q_avg": 14.6,
            "equity": 713921,
            "current_ratio": 190.8,
            "debt_ratio": 44.47,
            "inventory_turnover_ratio": 0.64,
            "account_receivable_turnover_ratio": null,
            "reinvestment_rate": 50.05,
            "research_to_sale_ratio": null,
            "price_fair": 8.6,
            "eps_avg_yearly": 2.87,
            "eps_latest_yearly": 0.24,
            "eps_growth_yearly": -7.01
        },
        "20053": {
            "year_quarter": 20053,
            "year": 2005,
            "quarter": 3,
            "eps": 0.33,
            "eps_growth_year": -67,
            "eps_4q": 1.18,
            "eps_4q_growth_year": -73.28,
            "roe": 2.74,
            "roe_4q": 9,
            "gross_profit": 26260,
            "gross_margin": 12.29,
            "gross_margin_4q_avg": 14.15,
            "net_income": 19996,
            "net_income_4q": null,
            "revenue": 213724,
            "revenue_4q": null,
            "common_shares": 605979,
            "book_valuer_per_share": 12.27,
            "book_valuer_per_share_4q_avg": 13.98,
            "equity": 743695,
            "current_ratio": 376.27,
            "debt_ratio": 44.09,
            "inventory_turnover_ratio": 0.75,
            "account_receivable_turnover_ratio": null,
            "reinvestment_rate": 52.28,
            "research_to_sale_ratio": null,
            "price_fair": 96.69,
            "eps_avg_yearly": 2.76,
            "eps_latest_yearly": 1.32,
            "eps_growth_yearly": 113.46
        },
        "20054": {
            "year_quarter": 20054,
            "year": 2005,
            "quarter": 4,
            "eps": 0.52,
            "eps_growth_year": 15.56,
            "eps_4q": 1.29,
            "eps_4q_growth_year": -68.49,
            "roe": 4.17,
            "roe_4q": 10.15,
            "gross_profit": 42364,
            "gross_margin": 17.35,
            "gross_margin_4q_avg": 13.26,
            "net_income": 31734,
            "net_income_4q": null,
            "revenue": 244173,
            "revenue_4q": null,
            "common_shares": 605979,
            "book_valuer_per_share": 12.79,
            "book_valuer_per_share_4q_avg": 13.41,
            "equity": 777610,
            "current_ratio": 191.45,
            "debt_ratio": 44.36,
            "inventory_turnover_ratio": 0.85,
            "account_receivable_turnover_ratio": null,
            "reinvestment_rate": 67,
            "research_to_sale_ratio": null,
            "price_fair": 95.2,
            "eps_avg_yearly": 2.72,
            "eps_latest_yearly": 2.08,
            "eps_growth_yearly": 120.76
        },
        "20061": {
            "year_quarter": 20061,
            "year": 2006,
            "quarter": 1,
            "eps": 0.42,
            "eps_growth_year": -2.33,
            "eps_4q": 1.34,
            "eps_4q_growth_year": -57.12,
            "roe": 3.18,
            "roe_4q": 10.52,
            "gross_profit": 31920,
            "gross_margin": 15.06,
            "gross_margin_4q_avg": 14.21,
            "net_income": 25195,
            "net_income_4q": null,
            "revenue": 211922,
            "revenue_4q": null,
            "common_shares": 605979,
            "book_valuer_per_share": 13.3,
            "book_valuer_per_share_4q_avg": 12.86,
            "equity": 805843,
            "current_ratio": 162.91,
            "debt_ratio": 46.65,
            "inventory_turnover_ratio": 0.77,
            "account_receivable_turnover_ratio": null,
            "reinvestment_rate": 52.51,
            "research_to_sale_ratio": null,
            "price_fair": 94.24,
            "eps_avg_yearly": 2.69,
            "eps_latest_yearly": 1.68,
            "eps_growth_yearly": 110.84
        },
        "20062": {
            "year_quarter": 20062,
            "year": 2006,
            "quarter": 2,
            "eps": 0.14,
            "eps_growth_year": 133.33,
            "eps_4q": 1.37,
            "eps_4q_growth_year": -27.78,
            "roe": 1.13,
            "roe_4q": 11.22,
            "gross_profit": 33238,
            "gross_margin": 14.65,
            "gross_margin_4q_avg": 14.84,
            "net_income": 8761,
            "net_income_4q": null,
            "revenue": 226857,
            "revenue_4q": null,
            "common_shares": 605979,
            "book_valuer_per_share": 12.38,
            "book_valuer_per_share_4q_avg": 12.69,
            "equity": 750136,
            "current_ratio": 123.77,
            "debt_ratio": 51.09,
            "inventory_turnover_ratio": 0.82,
            "account_receivable_turnover_ratio": null,
            "reinvestment_rate": 53.28,
            "research_to_sale_ratio": null,
            "price_fair": 91,
            "eps_avg_yearly": 2.6,
            "eps_latest_yearly": 0.56,
            "eps_growth_yearly": 95.12
        },
        "20063": {
            "year_quarter": 20063,
            "year": 2006,
            "quarter": 3,
            "eps": 0.43,
            "eps_growth_year": 30.3,
            "eps_4q": 1.49,
            "eps_4q_growth_year": 26.5,
            "roe": 3.45,
            "roe_4q": 11.93,
            "gross_profit": 41224,
            "gross_margin": 18.58,
            "gross_margin_4q_avg": 16.41,
            "net_income": 26604,
            "net_income_4q": null,
            "revenue": 221892,
            "revenue_4q": null,
            "common_shares": 619499,
            "book_valuer_per_share": 12.77,
            "book_valuer_per_share_4q_avg": 12.81,
            "equity": 791285,
            "current_ratio": 150.8,
            "debt_ratio": 45.69,
            "inventory_turnover_ratio": 0.83,
            "account_receivable_turnover_ratio": null,
            "reinvestment_rate": 50.8,
            "research_to_sale_ratio": null,
            "price_fair": 90.65,
            "eps_avg_yearly": 2.59,
            "eps_latest_yearly": 1.72,
            "eps_growth_yearly": 148.86
        },
        "20064": {
            "year_quarter": 20064,
            "year": 2006,
            "quarter": 4,
            "eps": 0.35,
            "eps_growth_year": -32.69,
            "eps_4q": 1.33,
            "eps_4q_growth_year": 3.25,
            "roe": 2.69,
            "roe_4q": 10.450000000000001,
            "gross_profit": 81336,
            "gross_margin": 24.66,
            "gross_margin_4q_avg": 18.24,
            "net_income": 21636,
            "net_income_4q": null,
            "revenue": 329818,
            "revenue_4q": null,
            "common_shares": 619499,
            "book_valuer_per_share": 13.15,
            "book_valuer_per_share_4q_avg": 12.9,
            "equity": 814813,
            "current_ratio": 196.22,
            "debt_ratio": 34.24,
            "inventory_turnover_ratio": 1.22,
            "account_receivable_turnover_ratio": null,
            "reinvestment_rate": 60.37,
            "research_to_sale_ratio": null,
            "price_fair": 88.99,
            "eps_avg_yearly": 2.54,
            "eps_latest_yearly": 1.4,
            "eps_growth_yearly": 140.49
        },
        "20071": {
            "year_quarter": 20071,
            "year": 2007,
            "quarter": 1,
            "eps": 0.55,
            "eps_growth_year": 30.95,
            "eps_4q": 1.47,
            "eps_4q_growth_year": 10.23,
            "roe": 4.04,
            "roe_4q": 11.309999999999999,
            "gross_profit": 61703,
            "gross_margin": 22.83,
            "gross_margin_4q_avg": 20.18,
            "net_income": 33893,
            "net_income_4q": null,
            "revenue": 270243,
            "revenue_4q": null,
            "common_shares": 619499,
            "book_valuer_per_share": 13.9,
            "book_valuer_per_share_4q_avg": 13.05,
            "equity": 861196,
            "current_ratio": 179.14,
            "debt_ratio": 32.5,
            "inventory_turnover_ratio": 1.41,
            "account_receivable_turnover_ratio": null,
            "reinvestment_rate": 47.77,
            "research_to_sale_ratio": null,
            "price_fair": 87.59,
            "eps_avg_yearly": 2.5,
            "eps_latest_yearly": 2.2,
            "eps_growth_yearly": 146.91
        },
        "20072": {
            "year_quarter": 20072,
            "year": 2007,
            "quarter": 2,
            "eps": 0.79,
            "eps_growth_year": 464.29,
            "eps_4q": 2.08,
            "eps_4q_growth_year": 52.18,
            "roe": 5.87,
            "roe_4q": 16.05,
            "gross_profit": 68370,
            "gross_margin": 25.98,
            "gross_margin_4q_avg": 23.01,
            "net_income": 50152,
            "net_income_4q": null,
            "revenue": 263128,
            "revenue_4q": null,
            "common_shares": 619499,
            "book_valuer_per_share": 13.68,
            "book_valuer_per_share_4q_avg": 13.38,
            "equity": 847303,
            "current_ratio": 150.55,
            "debt_ratio": 37.07,
            "inventory_turnover_ratio": 2.18,
            "account_receivable_turnover_ratio": null,
            "reinvestment_rate": 45.03,
            "research_to_sale_ratio": null,
            "price_fair": 87.59,
            "eps_avg_yearly": 2.5,
            "eps_latest_yearly": 3.16,
            "eps_growth_yearly": 155
        },
        "20073": {
            "year_quarter": 20073,
            "year": 2007,
            "quarter": 3,
            "eps": 0.43,
            "eps_growth_year": 0,
            "eps_4q": 2.09,
            "eps_4q_growth_year": 40.07,
            "roe": 3.16,
            "roe_4q": 15.76,
            "gross_profit": 62261,
            "gross_margin": 17.58,
            "gross_margin_4q_avg": 22.76,
            "net_income": 27384,
            "net_income_4q": null,
            "revenue": 354157,
            "revenue_4q": null,
            "common_shares": 638604,
            "book_valuer_per_share": 13.91,
            "book_valuer_per_share_4q_avg": 13.66,
            "equity": 888324,
            "current_ratio": 128.6,
            "debt_ratio": 39.48,
            "inventory_turnover_ratio": 2.48,
            "account_receivable_turnover_ratio": null,
            "reinvestment_rate": 19.07,
            "research_to_sale_ratio": null,
            "price_fair": 83.65,
            "eps_avg_yearly": 2.39,
            "eps_latest_yearly": 1.72,
            "eps_growth_yearly": 140.76
        },
        "20074": {
            "year_quarter": 20074,
            "year": 2007,
            "quarter": 4,
            "eps": 0.46,
            "eps_growth_year": 31.43,
            "eps_4q": 2.21,
            "eps_4q_growth_year": 66.42,
            "roe": 3.22,
            "roe_4q": 16.29,
            "gross_profit": 56608,
            "gross_margin": 12.05,
            "gross_margin_4q_avg": 19.61,
            "net_income": 29243,
            "net_income_4q": null,
            "revenue": 469838,
            "revenue_4q": null,
            "common_shares": 639430,
            "book_valuer_per_share": 14.5,
            "book_valuer_per_share_4q_avg": 14,
            "equity": 927691,
            "current_ratio": 170.66,
            "debt_ratio": 41.03,
            "inventory_turnover_ratio": 1.65,
            "account_receivable_turnover_ratio": null,
            "reinvestment_rate": 22.08,
            "research_to_sale_ratio": null,
            "price_fair": 80.41,
            "eps_avg_yearly": 2.3,
            "eps_latest_yearly": 1.84,
            "eps_growth_yearly": 143.92
        },
        "20081": {
            "year_quarter": 20081,
            "year": 2008,
            "quarter": 1,
            "eps": 0.88,
            "eps_growth_year": 60,
            "eps_4q": 2.54,
            "eps_4q_growth_year": 72.32,
            "roe": 6,
            "roe_4q": 18.25,
            "gross_profit": 88929,
            "gross_margin": 11.36,
            "gross_margin_4q_avg": 16.74,
            "net_income": 56547,
            "net_income_4q": null,
            "revenue": 782986,
            "revenue_4q": null,
            "common_shares": 639471,
            "book_valuer_per_share": 14.94,
            "book_valuer_per_share_4q_avg": 14.26,
            "equity": 956111,
            "current_ratio": 161.34,
            "debt_ratio": 49.51,
            "inventory_turnover_ratio": 1.61,
            "account_receivable_turnover_ratio": null,
            "reinvestment_rate": 55.5,
            "research_to_sale_ratio": null,
            "price_fair": 74.38,
            "eps_avg_yearly": 2.13,
            "eps_latest_yearly": 3.52,
            "eps_growth_yearly": 144.46
        },
        "20082": {
            "year_quarter": 20082,
            "year": 2008,
            "quarter": 2,
            "eps": 0.74,
            "eps_growth_year": -6.33,
            "eps_4q": 2.41,
            "eps_4q_growth_year": 15.85,
            "roe": 5.36,
            "roe_4q": 17.740000000000002,
            "gross_profit": 104310,
            "gross_margin": 11.49,
            "gross_margin_4q_avg": 13.12,
            "net_income": 50027,
            "net_income_4q": null,
            "revenue": 908034,
            "revenue_4q": null,
            "common_shares": 639471,
            "book_valuer_per_share": 14.23,
            "book_valuer_per_share_4q_avg": 14.4,
            "equity": 910074,
            "current_ratio": 137.82,
            "debt_ratio": 58.68,
            "inventory_turnover_ratio": 1.71,
            "account_receivable_turnover_ratio": null,
            "reinvestment_rate": 62.08,
            "research_to_sale_ratio": null,
            "price_fair": 69.83,
            "eps_avg_yearly": 2,
            "eps_latest_yearly": 2.96,
            "eps_growth_yearly": 145.42
        },
        "20083": {
            "year_quarter": 20083,
            "year": 2008,
            "quarter": 3,
            "eps": 0.32,
            "eps_growth_year": -25.58,
            "eps_4q": 2.33,
            "eps_4q_growth_year": 11.53,
            "roe": 2.31,
            "roe_4q": 16.89,
            "gross_profit": 86014,
            "gross_margin": 13.16,
            "gross_margin_4q_avg": 12.02,
            "net_income": 21618,
            "net_income_4q": null,
            "revenue": 653656,
            "revenue_4q": null,
            "common_shares": 675045,
            "book_valuer_per_share": 14.2,
            "book_valuer_per_share_4q_avg": 14.47,
            "equity": 958737,
            "current_ratio": 154.58,
            "debt_ratio": 51.53,
            "inventory_turnover_ratio": 1.29,
            "account_receivable_turnover_ratio": null,
            "reinvestment_rate": 68.79,
            "research_to_sale_ratio": null,
            "price_fair": 63.88,
            "eps_avg_yearly": 1.83,
            "eps_latest_yearly": 1.28,
            "eps_growth_yearly": 136.39
        },
        "20084": {
            "year_quarter": 20084,
            "year": 2008,
            "quarter": 4,
            "eps": -0.17,
            "eps_growth_year": -136.96,
            "eps_4q": 1.73,
            "eps_4q_growth_year": -21.82,
            "roe": -1.18,
            "roe_4q": 12.49,
            "gross_profit": 31397,
            "gross_margin": 8.06,
            "gross_margin_4q_avg": 11.02,
            "net_income": -11214,
            "net_income_4q": null,
            "revenue": 389700,
            "revenue_4q": null,
            "common_shares": 675045,
            "book_valuer_per_share": 13.95,
            "book_valuer_per_share_4q_avg": 14.33,
            "equity": 941355,
            "current_ratio": 157.49,
            "debt_ratio": 41.69,
            "inventory_turnover_ratio": 0.89,
            "account_receivable_turnover_ratio": null,
            "reinvestment_rate": 49.9,
            "research_to_sale_ratio": null,
            "price_fair": 63.93,
            "eps_avg_yearly": 1.83,
            "eps_latest_yearly": 1.28,
            "eps_growth_yearly": 160.15
        },
        "20091": {
            "year_quarter": 20091,
            "year": 2009,
            "quarter": 1,
            "eps": 0.09,
            "eps_growth_year": -89.77,
            "eps_4q": 0.97,
            "eps_4q_growth_year": -61.98,
            "roe": 0.66,
            "roe_4q": 7.15,
            "gross_profit": 45852,
            "gross_margin": 14.68,
            "gross_margin_4q_avg": 11.85,
            "net_income": 6207,
            "net_income_4q": null,
            "revenue": 312265,
            "revenue_4q": null,
            "common_shares": 675045,
            "book_valuer_per_share": 14.13,
            "book_valuer_per_share_4q_avg": 14.13,
            "equity": 953677,
            "current_ratio": 128.47,
            "debt_ratio": 35.31,
            "inventory_turnover_ratio": 0.93,
            "account_receivable_turnover_ratio": 3.5,
            "reinvestment_rate": 96.41,
            "research_to_sale_ratio": null,
            "price_fair": 64.2,
            "eps_avg_yearly": 1.83,
            "eps_latest_yearly": 1.28,
            "eps_growth_yearly": 172.86
        },
        "20092": {
            "year_quarter": 20092,
            "year": 2009,
            "quarter": 2,
            "eps": 0.27,
            "eps_growth_year": -63.51,
            "eps_4q": 0.51,
            "eps_4q_growth_year": -79.08,
            "roe": 2.07,
            "roe_4q": 3.8600000000000003,
            "gross_profit": 51308,
            "gross_margin": 16.05,
            "gross_margin_4q_avg": 12.99,
            "net_income": 19081,
            "net_income_4q": null,
            "revenue": 319727,
            "revenue_4q": null,
            "common_shares": 675045,
            "book_valuer_per_share": 13.14,
            "book_valuer_per_share_4q_avg": 13.86,
            "equity": 887201,
            "current_ratio": 129.22,
            "debt_ratio": 41.71,
            "inventory_turnover_ratio": 1.21,
            "account_receivable_turnover_ratio": 1.67,
            "reinvestment_rate": 94.86,
            "research_to_sale_ratio": null,
            "price_fair": 66.3,
            "eps_avg_yearly": 1.89,
            "eps_latest_yearly": 1.08,
            "eps_growth_yearly": 254.58
        },
        "20093": {
            "year_quarter": 20093,
            "year": 2009,
            "quarter": 3,
            "eps": 0.34,
            "eps_growth_year": 6.25,
            "eps_4q": 0.54,
            "eps_4q_growth_year": -76.68,
            "roe": 2.62,
            "roe_4q": 4.17,
            "gross_profit": 42417,
            "gross_margin": 10.3,
            "gross_margin_4q_avg": 12.27,
            "net_income": 23532,
            "net_income_4q": null,
            "revenue": 411620,
            "revenue_4q": null,
            "common_shares": 695296,
            "book_valuer_per_share": 13.05,
            "book_valuer_per_share_4q_avg": 13.57,
            "equity": 907064,
            "current_ratio": 108.3,
            "debt_ratio": 41.98,
            "inventory_turnover_ratio": 1.69,
            "account_receivable_turnover_ratio": 1.88,
            "reinvestment_rate": 95.46,
            "research_to_sale_ratio": null,
            "price_fair": 66.4,
            "eps_avg_yearly": 1.9,
            "eps_latest_yearly": 1.36,
            "eps_growth_yearly": 133.42
        },
        "20094": {
            "year_quarter": 20094,
            "year": 2009,
            "quarter": 4,
            "eps": 0.38,
            "eps_growth_year": null,
            "eps_4q": 1.09,
            "eps_4q_growth_year": -37.02,
            "roe": 2.84,
            "roe_4q": 8.19,
            "gross_profit": 58599,
            "gross_margin": 12.49,
            "gross_margin_4q_avg": 13.38,
            "net_income": 26146,
            "net_income_4q": null,
            "revenue": 469251,
            "revenue_4q": null,
            "common_shares": 695296,
            "book_valuer_per_share": 13.46,
            "book_valuer_per_share_4q_avg": 13.45,
            "equity": 935606,
            "current_ratio": 134.55,
            "debt_ratio": 43.26,
            "inventory_turnover_ratio": 1.66,
            "account_receivable_turnover_ratio": 1.83,
            "reinvestment_rate": 53.28,
            "research_to_sale_ratio": null,
            "price_fair": 65,
            "eps_avg_yearly": 1.86,
            "eps_latest_yearly": 1.52,
            "eps_growth_yearly": 120.33
        },
        "20101": {
            "year_quarter": 20101,
            "year": 2010,
            "quarter": 1,
            "eps": 0.67,
            "eps_growth_year": 644.44,
            "eps_4q": 1.66,
            "eps_4q_growth_year": 71.94,
            "roe": 4.86,
            "roe_4q": 12.39,
            "gross_profit": 79011,
            "gross_margin": 13.2,
            "gross_margin_4q_avg": 13.01,
            "net_income": 46756,
            "net_income_4q": null,
            "revenue": 598362,
            "revenue_4q": null,
            "common_shares": 695296,
            "book_valuer_per_share": 14.21,
            "book_valuer_per_share_4q_avg": 13.47,
            "equity": 988104,
            "current_ratio": 142.81,
            "debt_ratio": 42.1,
            "inventory_turnover_ratio": 1.92,
            "account_receivable_turnover_ratio": 3.84,
            "reinvestment_rate": 92.27,
            "research_to_sale_ratio": null,
            "price_fair": 67.5,
            "eps_avg_yearly": 1.93,
            "eps_latest_yearly": 2.68,
            "eps_growth_yearly": 147.63
        },
        "20102": {
            "year_quarter": 20102,
            "year": 2010,
            "quarter": 2,
            "eps": 0.75,
            "eps_growth_year": 178.46,
            "eps_4q": 2.09,
            "eps_4q_growth_year": 312.92,
            "roe": 5.45,
            "roe_4q": 15.77,
            "gross_profit": 95689,
            "gross_margin": 17.91,
            "gross_margin_4q_avg": 13.48,
            "net_income": 54367,
            "net_income_4q": null,
            "revenue": 534173,
            "revenue_4q": null,
            "common_shares": 695296,
            "book_valuer_per_share": 14.49,
            "book_valuer_per_share_4q_avg": 13.8,
            "equity": 1007511,
            "current_ratio": 136.73,
            "debt_ratio": 44.42,
            "inventory_turnover_ratio": 1.46,
            "account_receivable_turnover_ratio": 1.77,
            "reinvestment_rate": 84.75,
            "research_to_sale_ratio": null,
            "price_fair": 73.6,
            "eps_avg_yearly": 2.1,
            "eps_latest_yearly": 3,
            "eps_growth_yearly": 170.09
        },
        "20103": {
            "year_quarter": 20103,
            "year": 2010,
            "quarter": 3,
            "eps": 0.69,
            "eps_growth_year": 101.51,
            "eps_4q": 2.45,
            "eps_4q_growth_year": 350.02,
            "roe": 4.8,
            "roe_4q": 17.95,
            "gross_profit": 77586,
            "gross_margin": 15.72,
            "gross_margin_4q_avg": 14.83,
            "net_income": 49543,
            "net_income_4q": null,
            "revenue": 493686,
            "revenue_4q": null,
            "common_shares": 723108,
            "book_valuer_per_share": 14.63,
            "book_valuer_per_share_4q_avg": 14.2,
            "equity": 1058253,
            "current_ratio": 145.81,
            "debt_ratio": 43.29,
            "inventory_turnover_ratio": 1.3,
            "account_receivable_turnover_ratio": 1.76,
            "reinvestment_rate": 197.99,
            "research_to_sale_ratio": 0.91,
            "price_fair": 76.2,
            "eps_avg_yearly": 2.18,
            "eps_latest_yearly": 2.76,
            "eps_growth_yearly": 108.62
        },
        "20104": {
            "year_quarter": 20104,
            "year": 2010,
            "quarter": 4,
            "eps": 0.67,
            "eps_growth_year": 75.44,
            "eps_4q": 2.75,
            "eps_4q_growth_year": 152.42,
            "roe": 4.53,
            "roe_4q": 19.64,
            "gross_profit": 70417,
            "gross_margin": 14.87,
            "gross_margin_4q_avg": 15.43,
            "net_income": 48207,
            "net_income_4q": null,
            "revenue": 473566,
            "revenue_4q": null,
            "common_shares": 723108,
            "book_valuer_per_share": 14.8,
            "book_valuer_per_share_4q_avg": 14.53,
            "equity": 1070548,
            "current_ratio": 184.07,
            "debt_ratio": 33.73,
            "inventory_turnover_ratio": 1.33,
            "account_receivable_turnover_ratio": 1.76,
            "reinvestment_rate": 34.34,
            "research_to_sale_ratio": 0.69,
            "price_fair": 79.4,
            "eps_avg_yearly": 2.27,
            "eps_latest_yearly": 2.68,
            "eps_growth_yearly": 113.11
        },
        "20111": {
            "year_quarter": 20111,
            "year": 2011,
            "quarter": 1,
            "eps": 0.42,
            "eps_growth_year": -37.31,
            "eps_4q": 2.52,
            "eps_4q_growth_year": 51.82,
            "roe": 2.77,
            "roe_4q": 17.55,
            "gross_profit": 54808,
            "gross_margin": 12.02,
            "gross_margin_4q_avg": 15.13,
            "net_income": 30273,
            "net_income_4q": null,
            "revenue": 456039,
            "revenue_4q": null,
            "common_shares": 723108,
            "book_valuer_per_share": 15.39,
            "book_valuer_per_share_4q_avg": 14.83,
            "equity": 1113001,
            "current_ratio": 199.12,
            "debt_ratio": 34.15,
            "inventory_turnover_ratio": 1.27,
            "account_receivable_turnover_ratio": 1.44,
            "reinvestment_rate": 186.6,
            "research_to_sale_ratio": 0.71,
            "price_fair": 78.1,
            "eps_avg_yearly": 2.23,
            "eps_latest_yearly": 1.68,
            "eps_growth_yearly": 86.12
        },
        "20112": {
            "year_quarter": 20112,
            "year": 2011,
            "quarter": 2,
            "eps": 0.48,
            "eps_growth_year": -36.45,
            "eps_4q": 2.19,
            "eps_4q_growth_year": 4.78,
            "roe": 3.4,
            "roe_4q": 15.5,
            "gross_profit": 70758,
            "gross_margin": 14.89,
            "gross_margin_4q_avg": 14.38,
            "net_income": 35827,
            "net_income_4q": null,
            "revenue": 475301,
            "revenue_4q": null,
            "common_shares": 723108,
            "book_valuer_per_share": 13.78,
            "book_valuer_per_share_4q_avg": 14.65,
            "equity": 996691,
            "current_ratio": 161.16,
            "debt_ratio": 39.16,
            "inventory_turnover_ratio": 1.11,
            "account_receivable_turnover_ratio": 1.47,
            "reinvestment_rate": 191.9,
            "research_to_sale_ratio": 0.77,
            "price_fair": 75,
            "eps_avg_yearly": 2.14,
            "eps_latest_yearly": 1.92,
            "eps_growth_yearly": 77.73
        },
        "20113": {
            "year_quarter": 20113,
            "year": 2011,
            "quarter": 3,
            "eps": 0.46,
            "eps_growth_year": -32.54,
            "eps_4q": 1.99,
            "eps_4q_growth_year": -18.75,
            "roe": 3.37,
            "roe_4q": 14.07,
            "gross_profit": 73572,
            "gross_margin": 13.56,
            "gross_margin_4q_avg": 13.84,
            "net_income": 34660,
            "net_income_4q": null,
            "revenue": 542543,
            "revenue_4q": null,
            "common_shares": 749863,
            "book_valuer_per_share": 14.11,
            "book_valuer_per_share_4q_avg": 14.52,
            "equity": 1057947,
            "current_ratio": 157.37,
            "debt_ratio": 41.82,
            "inventory_turnover_ratio": 1.13,
            "account_receivable_turnover_ratio": 2.05,
            "reinvestment_rate": 200.94,
            "research_to_sale_ratio": 0.54,
            "price_fair": 75.3,
            "eps_avg_yearly": 2.15,
            "eps_latest_yearly": 1.84,
            "eps_growth_yearly": 89.56
        },
        "20114": {
            "year_quarter": 20114,
            "year": 2011,
            "quarter": 4,
            "eps": 0.43,
            "eps_growth_year": -35.48,
            "eps_4q": 1.77,
            "eps_4q_growth_year": -35.5,
            "roe": 3.01,
            "roe_4q": 12.549999999999999,
            "gross_profit": 48856,
            "gross_margin": 8.45,
            "gross_margin_4q_avg": 12.23,
            "net_income": 32252,
            "net_income_4q": null,
            "revenue": 578211,
            "revenue_4q": null,
            "common_shares": 749863,
            "book_valuer_per_share": 14.5,
            "book_valuer_per_share_4q_avg": 14.45,
            "equity": 1087313,
            "current_ratio": 175.48,
            "debt_ratio": 37.99,
            "inventory_turnover_ratio": 1.18,
            "account_receivable_turnover_ratio": 2.27,
            "reinvestment_rate": 164.48,
            "research_to_sale_ratio": 0.54,
            "price_fair": 75,
            "eps_avg_yearly": 2.14,
            "eps_latest_yearly": 1.72,
            "eps_growth_yearly": 85.71
        },
        "20121": {
            "year_quarter": 20121,
            "year": 2012,
            "quarter": 1,
            "eps": 0.21,
            "eps_growth_year": -50,
            "eps_4q": 1.58,
            "eps_4q_growth_year": -37.42,
            "roe": 1.43,
            "roe_4q": 11.209999999999999,
            "gross_profit": 42607,
            "gross_margin": 7.56,
            "gross_margin_4q_avg": 11.12,
            "net_income": 15621,
            "net_income_4q": null,
            "revenue": 563313,
            "revenue_4q": null,
            "common_shares": 749863,
            "book_valuer_per_share": 14.54,
            "book_valuer_per_share_4q_avg": 14.23,
            "equity": 1090339,
            "current_ratio": 169.75,
            "debt_ratio": 39.98,
            "inventory_turnover_ratio": 1.18,
            "account_receivable_turnover_ratio": 1.91,
            "reinvestment_rate": 175.41,
            "research_to_sale_ratio": 0.52,
            "price_fair": 68.3,
            "eps_avg_yearly": 1.95,
            "eps_latest_yearly": 0.84,
            "eps_growth_yearly": 45
        },
        "20122": {
            "year_quarter": 20122,
            "year": 2012,
            "quarter": 2,
            "eps": 0.24,
            "eps_growth_year": -50.11,
            "eps_4q": 1.34,
            "eps_4q_growth_year": -38.72,
            "roe": 1.72,
            "roe_4q": 9.530000000000001,
            "gross_profit": 50621,
            "gross_margin": 9.98,
            "gross_margin_4q_avg": 9.89,
            "net_income": 17874,
            "net_income_4q": null,
            "revenue": 507479,
            "revenue_4q": null,
            "common_shares": 749863,
            "book_valuer_per_share": 13.16,
            "book_valuer_per_share_4q_avg": 14.08,
            "equity": 986540,
            "current_ratio": 136.84,
            "debt_ratio": 50.2,
            "inventory_turnover_ratio": 0.95,
            "account_receivable_turnover_ratio": 1.66,
            "reinvestment_rate": 195.11,
            "research_to_sale_ratio": 0.69,
            "price_fair": 63.3,
            "eps_avg_yearly": 1.81,
            "eps_latest_yearly": 0.96,
            "eps_growth_yearly": 53.63
        },
        "20123": {
            "year_quarter": 20123,
            "year": 2012,
            "quarter": 3,
            "eps": 0.37,
            "eps_growth_year": -20.91,
            "eps_4q": 1.24,
            "eps_4q_growth_year": -37.46,
            "roe": 2.75,
            "roe_4q": 8.91,
            "gross_profit": 69902,
            "gross_margin": 11.8,
            "gross_margin_4q_avg": 9.45,
            "net_income": 27414,
            "net_income_4q": null,
            "revenue": 592421,
            "revenue_4q": null,
            "common_shares": 749863,
            "book_valuer_per_share": 13.48,
            "book_valuer_per_share_4q_avg": 13.92,
            "equity": 1010550,
            "current_ratio": 155.37,
            "debt_ratio": 45.26,
            "inventory_turnover_ratio": 1.01,
            "account_receivable_turnover_ratio": 2.43,
            "reinvestment_rate": 181.77,
            "research_to_sale_ratio": 0.7,
            "price_fair": 63.8,
            "eps_avg_yearly": 1.82,
            "eps_latest_yearly": 1.48,
            "eps_growth_yearly": 85.32
        },
        "20124": {
            "year_quarter": 20124,
            "year": 2012,
            "quarter": 4,
            "eps": 0.02,
            "eps_growth_year": -94.22,
            "eps_4q": 0.84,
            "eps_4q_growth_year": -52.81,
            "roe": 0.18,
            "roe_4q": 6.08,
            "gross_profit": 25221,
            "gross_margin": 5.29,
            "gross_margin_4q_avg": 8.66,
            "net_income": 1864,
            "net_income_4q": null,
            "revenue": 476578,
            "revenue_4q": null,
            "common_shares": 749863,
            "book_valuer_per_share": 13.52,
            "book_valuer_per_share_4q_avg": 13.68,
            "equity": 1014040,
            "current_ratio": 151.08,
            "debt_ratio": 44.31,
            "inventory_turnover_ratio": 0.99,
            "account_receivable_turnover_ratio": 2.11,
            "reinvestment_rate": 156.75,
            "research_to_sale_ratio": 0.6,
            "price_fair": 59.73,
            "eps_avg_yearly": 1.71,
            "eps_latest_yearly": 0.08,
            "eps_growth_yearly": 54.41
        },
        "20131": {
            "year_quarter": 20131,
            "year": 2013,
            "quarter": 1,
            "eps": 0.06,
            "eps_growth_year": -71.43,
            "eps_4q": 0.68,
            "eps_4q_growth_year": -56.66,
            "roe": 0.4,
            "roe_4q": 5.05,
            "gross_profit": 26502,
            "gross_margin": 4.8,
            "gross_margin_4q_avg": 7.97,
            "net_income": 4149,
            "net_income_4q": null,
            "revenue": 552465,
            "revenue_4q": null,
            "common_shares": 749863,
            "book_valuer_per_share": 13.82,
            "book_valuer_per_share_4q_avg": 13.5,
            "equity": 1036259,
            "current_ratio": 163.6,
            "debt_ratio": 39.93,
            "inventory_turnover_ratio": 1.57,
            "account_receivable_turnover_ratio": 2.44,
            "reinvestment_rate": -14.02,
            "research_to_sale_ratio": 0.47,
            "price_fair": 56.53,
            "eps_avg_yearly": 1.62,
            "eps_latest_yearly": 0.24,
            "eps_growth_yearly": 101.01
        },
        "20132": {
            "year_quarter": 20132,
            "year": 2013,
            "quarter": 2,
            "eps": 0.24,
            "eps_growth_year": 0.69,
            "eps_4q": 0.68,
            "eps_4q_growth_year": -48.98,
            "roe": 1.75,
            "roe_4q": 5.08,
            "gross_profit": 27943,
            "gross_margin": 5.91,
            "gross_margin_4q_avg": 6.95,
            "net_income": 17804,
            "net_income_4q": null,
            "revenue": 472568,
            "revenue_4q": null,
            "common_shares": 749863,
            "book_valuer_per_share": 13.25,
            "book_valuer_per_share_4q_avg": 13.52,
            "equity": 993534,
            "current_ratio": 145.24,
            "debt_ratio": 47.9,
            "inventory_turnover_ratio": 1.74,
            "account_receivable_turnover_ratio": 2.26,
            "reinvestment_rate": -20.92,
            "research_to_sale_ratio": 0.42,
            "price_fair": 56.26,
            "eps_avg_yearly": 1.61,
            "eps_latest_yearly": 0.96,
            "eps_growth_yearly": 126.01
        },
        "20133": {
            "year_quarter": 20133,
            "year": 2013,
            "quarter": 3,
            "eps": 0.39,
            "eps_growth_year": 6.68,
            "eps_4q": 0.71,
            "eps_4q_growth_year": -42.94,
            "roe": 2.93,
            "roe_4q": 5.26,
            "gross_profit": 57041,
            "gross_margin": 10.36,
            "gross_margin_4q_avg": 6.59,
            "net_income": 29337,
            "net_income_4q": null,
            "revenue": 550644,
            "revenue_4q": null,
            "common_shares": 749863,
            "book_valuer_per_share": 13.41,
            "book_valuer_per_share_4q_avg": 13.5,
            "equity": 1005862,
            "current_ratio": 146.76,
            "debt_ratio": 47.44,
            "inventory_turnover_ratio": 2,
            "account_receivable_turnover_ratio": 2.86,
            "reinvestment_rate": -30.38,
            "research_to_sale_ratio": 0.75,
            "price_fair": 56.7,
            "eps_avg_yearly": 1.62,
            "eps_latest_yearly": 1.56,
            "eps_growth_yearly": 135.15
        },
        "20134": {
            "year_quarter": 20134,
            "year": 2013,
            "quarter": 4,
            "eps": 0.4,
            "eps_growth_year": 1500.37,
            "eps_4q": 1.08,
            "eps_4q_growth_year": 29.23,
            "roe": 2.92,
            "roe_4q": 8,
            "gross_profit": 46974,
            "gross_margin": 8.05,
            "gross_margin_4q_avg": 7.28,
            "net_income": 29831,
            "net_income_4q": null,
            "revenue": 583636,
            "revenue_4q": null,
            "common_shares": 749863,
            "book_valuer_per_share": 13.85,
            "book_valuer_per_share_4q_avg": 13.58,
            "equity": 1038756,
            "current_ratio": 160.94,
            "debt_ratio": 40.51,
            "inventory_turnover_ratio": 2.43,
            "account_receivable_turnover_ratio": 3.4,
            "reinvestment_rate": -33.61,
            "research_to_sale_ratio": 0.52,
            "price_fair": 56.88,
            "eps_avg_yearly": 1.63,
            "eps_latest_yearly": 1.6,
            "eps_growth_yearly": 132.85
        },
        "20141": {
            "year_quarter": 20141,
            "year": 2014,
            "quarter": 1,
            "eps": 0.62,
            "eps_growth_year": 933.33,
            "eps_4q": 1.64,
            "eps_4q_growth_year": 139.97,
            "roe": 4.32,
            "roe_4q": 11.92,
            "gross_profit": 77815,
            "gross_margin": 11.4,
            "gross_margin_4q_avg": 8.93,
            "net_income": 46137,
            "net_income_4q": null,
            "revenue": 682688,
            "revenue_4q": null,
            "common_shares": 749863,
            "book_valuer_per_share": 14.63,
            "book_valuer_per_share_4q_avg": 13.79,
            "equity": 1097418,
            "current_ratio": 168.55,
            "debt_ratio": 39.89,
            "inventory_turnover_ratio": 2.58,
            "account_receivable_turnover_ratio": 3.22,
            "reinvestment_rate": -35.3,
            "research_to_sale_ratio": 0.41,
            "price_fair": 56.44,
            "eps_avg_yearly": 1.61,
            "eps_latest_yearly": 2.48,
            "eps_growth_yearly": 127.52
        },
        "20142": {
            "year_quarter": 20142,
            "year": 2014,
            "quarter": 2,
            "eps": 0.3,
            "eps_growth_year": 25,
            "eps_4q": 1.7,
            "eps_4q_growth_year": 149.22,
            "roe": 2.1,
            "roe_4q": 12.27,
            "gross_profit": 33412,
            "gross_margin": 5.43,
            "gross_margin_4q_avg": 8.81,
            "net_income": 22374,
            "net_income_4q": null,
            "revenue": 615101,
            "revenue_4q": null,
            "common_shares": 749863,
            "book_valuer_per_share": 13.74,
            "book_valuer_per_share_4q_avg": 13.91,
            "equity": 1030336,
            "current_ratio": 146.04,
            "debt_ratio": 40.03,
            "inventory_turnover_ratio": 2.43,
            "account_receivable_turnover_ratio": 2.88,
            "reinvestment_rate": -29.51,
            "research_to_sale_ratio": 0.35,
            "price_fair": 52.5,
            "eps_avg_yearly": 1.5,
            "eps_latest_yearly": 1.2,
            "eps_growth_yearly": 111.63
        },
        "20143": {
            "year_quarter": 20143,
            "year": 2014,
            "quarter": 3,
            "eps": 0.23,
            "eps_growth_year": -41.03,
            "eps_4q": 1.55,
            "eps_4q_growth_year": 118.02,
            "roe": 1.68,
            "roe_4q": 11.020000000000001,
            "gross_profit": 33739,
            "gross_margin": 4.57,
            "gross_margin_4q_avg": 7.36,
            "net_income": 17543,
            "net_income_4q": null,
            "revenue": 737733,
            "revenue_4q": null,
            "common_shares": 749863,
            "book_valuer_per_share": 14.09,
            "book_valuer_per_share_4q_avg": 14.08,
            "equity": 1056364,
            "current_ratio": 137.16,
            "debt_ratio": 47.19,
            "inventory_turnover_ratio": 3.11,
            "account_receivable_turnover_ratio": 3.05,
            "reinvestment_rate": -176.11,
            "research_to_sale_ratio": 0.58,
            "price_fair": 48.48,
            "eps_avg_yearly": 1.39,
            "eps_latest_yearly": 0.92,
            "eps_growth_yearly": 107.8
        },
        "20144": {
            "year_quarter": 20144,
            "year": 2014,
            "quarter": 4,
            "eps": 0.38,
            "eps_growth_year": -4.92,
            "eps_4q": 1.53,
            "eps_4q_growth_year": 41.04,
            "roe": 2.62,
            "roe_4q": 10.72,
            "gross_profit": 55736,
            "gross_margin": 8.86,
            "gross_margin_4q_avg": 7.57,
            "net_income": 28363,
            "net_income_4q": null,
            "revenue": 628876,
            "revenue_4q": null,
            "common_shares": 749863,
            "book_valuer_per_share": 14.74,
            "book_valuer_per_share_4q_avg": 14.3,
            "equity": 1105093,
            "current_ratio": 173.98,
            "debt_ratio": 35.66,
            "inventory_turnover_ratio": 2.34,
            "account_receivable_turnover_ratio": 2.4,
            "reinvestment_rate": -34.26,
            "research_to_sale_ratio": 0.51,
            "price_fair": 45.94,
            "eps_avg_yearly": 1.31,
            "eps_latest_yearly": 1.52,
            "eps_growth_yearly": 124.83
        },
        "20151": {
            "year_quarter": 20151,
            "year": 2015,
            "quarter": 1,
            "eps": 0.24,
            "eps_growth_year": -61.29,
            "eps_4q": 1.15,
            "eps_4q_growth_year": -29.78,
            "roe": 1.64,
            "roe_4q": 8.04,
            "gross_profit": 42169,
            "gross_margin": 8,
            "gross_margin_4q_avg": 6.72,
            "net_income": 18166,
            "net_income_4q": null,
            "revenue": 526794,
            "revenue_4q": null,
            "common_shares": 749863,
            "book_valuer_per_share": 14.75,
            "book_valuer_per_share_4q_avg": 14.33,
            "equity": 1106413,
            "current_ratio": 181.98,
            "debt_ratio": 33.48,
            "inventory_turnover_ratio": 1.85,
            "account_receivable_turnover_ratio": 2.45,
            "reinvestment_rate": -198.64,
            "research_to_sale_ratio": 0.55,
            "price_fair": 44.36,
            "eps_avg_yearly": 1.27,
            "eps_latest_yearly": 0.96,
            "eps_growth_yearly": 124.95
        },
        "20152": {
            "year_quarter": 20152,
            "year": 2015,
            "quarter": 2,
            "eps": 0.17,
            "eps_growth_year": -43.33,
            "eps_4q": 1.03,
            "eps_4q_growth_year": -39.55,
            "roe": 1.24,
            "roe_4q": 7.18,
            "gross_profit": 38651,
            "gross_margin": 7.15,
            "gross_margin_4q_avg": 7.15,
            "net_income": 13108,
            "net_income_4q": null,
            "revenue": 540467,
            "revenue_4q": null,
            "common_shares": 749863,
            "book_valuer_per_share": 13.4,
            "book_valuer_per_share_4q_avg": 14.25,
            "equity": 1005172,
            "current_ratio": 171.92,
            "debt_ratio": 41.61,
            "inventory_turnover_ratio": 1.85,
            "account_receivable_turnover_ratio": 2.36,
            "reinvestment_rate": -219.21,
            "research_to_sale_ratio": 0.5,
            "price_fair": 41.65,
            "eps_avg_yearly": 1.19,
            "eps_latest_yearly": 0.68,
            "eps_growth_yearly": 114.08
        },
        "20153": {
            "year_quarter": 20153,
            "year": 2015,
            "quarter": 3,
            "eps": 0.85,
            "eps_growth_year": 269.57,
            "eps_4q": 1.65,
            "eps_4q_growth_year": 6.7,
            "roe": 6.14,
            "roe_4q": 11.64,
            "gross_profit": 69871,
            "gross_margin": 14.92,
            "gross_margin_4q_avg": 9.73,
            "net_income": 64011,
            "net_income_4q": null,
            "revenue": 468252,
            "revenue_4q": null,
            "common_shares": 749863,
            "book_valuer_per_share": 14.42,
            "book_valuer_per_share_4q_avg": 14.33,
            "equity": 1081314,
            "current_ratio": 186.16,
            "debt_ratio": 37.61,
            "inventory_turnover_ratio": 1.48,
            "account_receivable_turnover_ratio": 1.88,
            "reinvestment_rate": -217.83,
            "research_to_sale_ratio": 0.77,
            "price_fair": 45.06,
            "eps_avg_yearly": 1.29,
            "eps_latest_yearly": 3.4,
            "eps_growth_yearly": 215.12
        },
        "20154": {
            "year_quarter": 20154,
            "year": 2015,
            "quarter": 4,
            "eps": 0.28,
            "eps_growth_year": -26.32,
            "eps_4q": 1.55,
            "eps_4q_growth_year": 1.54,
            "roe": 1.92,
            "roe_4q": 10.94,
            "gross_profit": 57190,
            "gross_margin": 11.76,
            "gross_margin_4q_avg": 10.46,
            "net_income": 20899,
            "net_income_4q": null,
            "revenue": 486347,
            "revenue_4q": null,
            "common_shares": 749863,
            "book_valuer_per_share": 14.64,
            "book_valuer_per_share_4q_avg": 14.3,
            "equity": 1097596,
            "current_ratio": 208.67,
            "debt_ratio": 34.67,
            "inventory_turnover_ratio": 1.78,
            "account_receivable_turnover_ratio": 1.95,
            "reinvestment_rate": -242.96,
            "research_to_sale_ratio": 0.64,
            "price_fair": 43.75,
            "eps_avg_yearly": 1.25,
            "eps_latest_yearly": 1.12,
            "eps_growth_yearly": 199.99
        },
        "20161": {
            "year_quarter": 20161,
            "year": 2016,
            "quarter": 1,
            "eps": 0.49,
            "eps_growth_year": 104.17,
            "eps_4q": 1.8,
            "eps_4q_growth_year": 55.8,
            "roe": 3.29,
            "roe_4q": 12.59,
            "gross_profit": 64819,
            "gross_margin": 11.17,
            "gross_margin_4q_avg": 11.25,
            "net_income": 36667,
            "net_income_4q": null,
            "revenue": 580333,
            "revenue_4q": null,
            "common_shares": 749863,
            "book_valuer_per_share": 15.12,
            "book_valuer_per_share_4q_avg": 14.4,
            "equity": 1134115,
            "current_ratio": 221.3,
            "debt_ratio": 29.56,
            "inventory_turnover_ratio": 2.15,
            "account_receivable_turnover_ratio": 2.18,
            "reinvestment_rate": -229.67,
            "research_to_sale_ratio": 0.36,
            "price_fair": 46.2,
            "eps_avg_yearly": 1.32,
            "eps_latest_yearly": 1.96,
            "eps_growth_yearly": 231.53
        },
        "20162": {
            "year_quarter": 20162,
            "year": 2016,
            "quarter": 2,
            "eps": 0.46,
            "eps_growth_year": 170.59,
            "eps_4q": 2.09,
            "eps_4q_growth_year": 102.61,
            "roe": 3.18,
            "roe_4q": 14.530000000000001,
            "gross_profit": 49969,
            "gross_margin": 9.01,
            "gross_margin_4q_avg": 11.72,
            "net_income": 34799,
            "net_income_4q": null,
            "revenue": 554302,
            "revenue_4q": null,
            "common_shares": 749863,
            "book_valuer_per_share": 14.06,
            "book_valuer_per_share_4q_avg": 14.56,
            "equity": 1053963,
            "current_ratio": 187.95,
            "debt_ratio": 36.03,
            "inventory_turnover_ratio": 1.82,
            "account_receivable_turnover_ratio": 1.82,
            "reinvestment_rate": -242.3,
            "research_to_sale_ratio": 0.58,
            "price_fair": 48.13,
            "eps_avg_yearly": 1.38,
            "eps_latest_yearly": 1.84,
            "eps_growth_yearly": 226.43
        },
        "20163": {
            "year_quarter": 20163,
            "year": 2016,
            "quarter": 3,
            "eps": 0.28,
            "eps_growth_year": -67.06,
            "eps_4q": 1.52,
            "eps_4q_growth_year": -8.11,
            "roe": 2.01,
            "roe_4q": 10.4,
            "gross_profit": 60127,
            "gross_margin": 9.09,
            "gross_margin_4q_avg": 10.26,
            "net_income": 21257,
            "net_income_4q": null,
            "revenue": 661132,
            "revenue_4q": null,
            "common_shares": 749863,
            "book_valuer_per_share": 14.19,
            "book_valuer_per_share_4q_avg": 14.5,
            "equity": 1064341,
            "current_ratio": 196.58,
            "debt_ratio": 34.75,
            "inventory_turnover_ratio": 1.99,
            "account_receivable_turnover_ratio": 2.41,
            "reinvestment_rate": -244.93,
            "research_to_sale_ratio": 0.46,
            "price_fair": 47.34,
            "eps_avg_yearly": 1.35,
            "eps_latest_yearly": 1.12,
            "eps_growth_yearly": 203.11
        },
        "20164": {
            "year_quarter": 20164,
            "year": 2016,
            "quarter": 4,
            "eps": 0.65,
            "eps_growth_year": 134.2,
            "eps_4q": 1.89,
            "eps_4q_growth_year": 21.94,
            "roe": 4.53,
            "roe_4q": 13.010000000000002,
            "gross_profit": 66460,
            "gross_margin": 11.96,
            "gross_margin_4q_avg": 10.31,
            "net_income": 48946,
            "net_income_4q": null,
            "revenue": 555770,
            "revenue_4q": null,
            "common_shares": 749863,
            "book_valuer_per_share": 14.65,
            "book_valuer_per_share_4q_avg": 14.51,
            "equity": 1098494,
            "current_ratio": 200.28,
            "debt_ratio": 35.16,
            "inventory_turnover_ratio": 1.36,
            "account_receivable_turnover_ratio": 2.5,
            "reinvestment_rate": -219.04,
            "research_to_sale_ratio": 0.78,
            "price_fair": 52.85,
            "eps_avg_yearly": 1.51,
            "eps_latest_yearly": 2.6,
            "eps_growth_yearly": 259.79
        },
        "20171": {
            "year_quarter": 20171,
            "year": 2017,
            "quarter": 1,
            "eps": 0.14,
            "eps_growth_year": -71.43,
            "eps_4q": 1.54,
            "eps_4q_growth_year": -14.18,
            "roe": 0.97,
            "roe_4q": 10.69,
            "gross_profit": 56487,
            "gross_margin": 7.1,
            "gross_margin_4q_avg": 9.29,
            "net_income": 10580,
            "net_income_4q": null,
            "revenue": 796138,
            "revenue_4q": null,
            "common_shares": 749863,
            "book_valuer_per_share": 14.5,
            "book_valuer_per_share_4q_avg": 14.35,
            "equity": 1087158,
            "current_ratio": 164.78,
            "debt_ratio": 45.95,
            "inventory_turnover_ratio": 1.63,
            "account_receivable_turnover_ratio": 2.97,
            "reinvestment_rate": -50.36,
            "research_to_sale_ratio": 0.4,
            "price_fair": 53.55,
            "eps_avg_yearly": 1.53,
            "eps_latest_yearly": 0.56,
            "eps_growth_yearly": 190.17
        },
        "20172": {
            "year_quarter": 20172,
            "year": 2017,
            "quarter": 2,
            "eps": 1.24,
            "eps_growth_year": 169.57,
            "eps_4q": 2.31,
            "eps_4q_growth_year": 10.97,
            "roe": 8.6,
            "roe_4q": 16.11,
            "gross_profit": 126775,
            "gross_margin": 14.14,
            "gross_margin_4q_avg": 10.57,
            "net_income": 92745,
            "net_income_4q": null,
            "revenue": 896659,
            "revenue_4q": null,
            "common_shares": 749863,
            "book_valuer_per_share": 14.25,
            "book_valuer_per_share_4q_avg": 14.4,
            "equity": 1068744,
            "current_ratio": 158.04,
            "debt_ratio": 48.75,
            "inventory_turnover_ratio": 1.51,
            "account_receivable_turnover_ratio": 2.25,
            "reinvestment_rate": -46.97,
            "research_to_sale_ratio": 0.31,
            "price_fair": 62.3,
            "eps_avg_yearly": 1.78,
            "eps_latest_yearly": 4.96,
            "eps_growth_yearly": 311.6
        },
        "20173": {
            "year_quarter": 20173,
            "year": 2017,
            "quarter": 3,
            "eps": 0.86,
            "eps_growth_year": 207.14,
            "eps_4q": 2.89,
            "eps_4q_growth_year": 90.59,
            "roe": 5.84,
            "roe_4q": 19.94,
            "gross_profit": 69437,
            "gross_margin": 5.5,
            "gross_margin_4q_avg": 9.68,
            "net_income": 64279,
            "net_income_4q": null,
            "revenue": 1262997,
            "revenue_4q": null,
            "common_shares": 749863,
            "book_valuer_per_share": 15.12,
            "book_valuer_per_share_4q_avg": 14.63,
            "equity": 1133557,
            "current_ratio": 163.35,
            "debt_ratio": 50.25,
            "inventory_turnover_ratio": 1.95,
            "account_receivable_turnover_ratio": 2.43,
            "reinvestment_rate": -22.79,
            "research_to_sale_ratio": 0.31,
            "price_fair": 66.41,
            "eps_avg_yearly": 1.9,
            "eps_latest_yearly": 3.44,
            "eps_growth_yearly": 288.32
        },
        "20174": {
            "year_quarter": 20174,
            "year": 2017,
            "quarter": 4,
            "eps": 0.54,
            "eps_growth_year": -18.03,
            "eps_4q": 2.77,
            "eps_4q_growth_year": 46.63,
            "roe": 3.46,
            "roe_4q": 18.869999999999997,
            "gross_profit": 61561,
            "gross_margin": 4.84,
            "gross_margin_4q_avg": 7.9,
            "net_income": 40122,
            "net_income_4q": null,
            "revenue": 1270950,
            "revenue_4q": null,
            "common_shares": 749863,
            "book_valuer_per_share": 15.77,
            "book_valuer_per_share_4q_avg": 14.91,
            "equity": 1182393,
            "current_ratio": 154.82,
            "debt_ratio": 48.5,
            "inventory_turnover_ratio": 1.75,
            "account_receivable_turnover_ratio": 2.37,
            "reinvestment_rate": -20.17,
            "research_to_sale_ratio": 0.28,
            "price_fair": 67.64,
            "eps_avg_yearly": 1.93,
            "eps_latest_yearly": 2.16,
            "eps_growth_yearly": 278.37
        },
        "20181": {
            "year_quarter": 20181,
            "year": 2018,
            "quarter": 1,
            "eps": 0.62,
            "eps_growth_year": 342.86,
            "eps_4q": 3.25,
            "eps_4q_growth_year": 110.85,
            "roe": 3.86,
            "roe_4q": 21.759999999999998,
            "gross_profit": 74937,
            "gross_margin": 5.98,
            "gross_margin_4q_avg": 7.62,
            "net_income": 46559,
            "net_income_4q": null,
            "revenue": 1253350,
            "revenue_4q": null,
            "common_shares": 749863,
            "book_valuer_per_share": 16.39,
            "book_valuer_per_share_4q_avg": 15.38,
            "equity": 1229243,
            "current_ratio": 157.53,
            "debt_ratio": 48.12,
            "inventory_turnover_ratio": 2.02,
            "account_receivable_turnover_ratio": 2.52,
            "reinvestment_rate": -19.34,
            "research_to_sale_ratio": 0.26,
            "price_fair": 67.64,
            "eps_avg_yearly": 1.93,
            "eps_latest_yearly": 2.48,
            "eps_growth_yearly": 268.33
        },
        "20182": {
            "year_quarter": 20182,
            "year": 2018,
            "quarter": 2,
            "eps": 1.39,
            "eps_growth_year": 12.1,
            "eps_4q": 3.41,
            "eps_4q_growth_year": 47.33,
            "roe": 8.82,
            "roe_4q": 21.98,
            "gross_profit": 119028,
            "gross_margin": 9,
            "gross_margin_4q_avg": 6.33,
            "net_income": 104695,
            "net_income_4q": null,
            "revenue": 1321940,
            "revenue_4q": null,
            "common_shares": 749863,
            "book_valuer_per_share": 15.28,
            "book_valuer_per_share_4q_avg": 15.64,
            "equity": 1145701,
            "current_ratio": 147.76,
            "debt_ratio": 51.52,
            "inventory_turnover_ratio": 2.02,
            "account_receivable_turnover_ratio": 2.62,
            "reinvestment_rate": -23.37,
            "research_to_sale_ratio": 0.28,
            "price_fair": 77.18,
            "eps_avg_yearly": 2.21,
            "eps_latest_yearly": 5.56,
            "eps_growth_yearly": 312.28
        },
        "20183": {
            "year_quarter": 20183,
            "year": 2018,
            "quarter": 3,
            "eps": 0.8,
            "eps_growth_year": -6.98,
            "eps_4q": 3.35,
            "eps_4q_growth_year": 15.95,
            "roe": 5.1,
            "roe_4q": 21.240000000000002,
            "gross_profit": 79954,
            "gross_margin": 6.25,
            "gross_margin_4q_avg": 6.52,
            "net_income": 59716,
            "net_income_4q": null,
            "revenue": 1279755,
            "revenue_4q": null,
            "common_shares": 749863,
            "book_valuer_per_share": 15.96,
            "book_valuer_per_share_4q_avg": 15.85,
            "equity": 1196511,
            "current_ratio": 156.75,
            "debt_ratio": 48.42,
            "inventory_turnover_ratio": 2.06,
            "account_receivable_turnover_ratio": 2.62,
            "reinvestment_rate": -20.94,
            "research_to_sale_ratio": 0.3,
            "price_fair": 82.16,
            "eps_avg_yearly": 2.35,
            "eps_latest_yearly": 3.2,
            "eps_growth_yearly": 307.5
        },
        "20184": {
            "year_quarter": 20184,
            "year": 2018,
            "quarter": 4,
            "eps": 0.44,
            "eps_growth_year": -17.33,
            "eps_4q": 3.26,
            "eps_4q_growth_year": 17.53,
            "roe": 2.73,
            "roe_4q": 20.509999999999998,
            "gross_profit": 60958,
            "gross_margin": 5.74,
            "gross_margin_4q_avg": 6.74,
            "net_income": 33168,
            "net_income_4q": null,
            "revenue": 1062036,
            "revenue_4q": null,
            "common_shares": 749863,
            "book_valuer_per_share": 16.48,
            "book_valuer_per_share_4q_avg": 16.03,
            "equity": 1235837,
            "current_ratio": 164.71,
            "debt_ratio": 46.02,
            "inventory_turnover_ratio": 2.19,
            "account_receivable_turnover_ratio": 2.19,
            "reinvestment_rate": -17.21,
            "research_to_sale_ratio": 0.35,
            "price_fair": 82.69,
            "eps_avg_yearly": 2.36,
            "eps_latest_yearly": 1.76,
            "eps_growth_yearly": 279.95
        },
        "20191": {
            "year_quarter": 20191,
            "year": 2019,
            "quarter": 1,
            "eps": 0.54,
            "eps_growth_year": -12.9,
            "eps_4q": 3.17,
            "eps_4q_growth_year": -2.4,
            "roe": 3.19,
            "roe_4q": 19.84,
            "gross_profit": 68899,
            "gross_margin": 7.38,
            "gross_margin_4q_avg": 7.09,
            "net_income": 40275,
            "net_income_4q": null,
            "revenue": 933762,
            "revenue_4q": null,
            "common_shares": 749863,
            "book_valuer_per_share": 17.18,
            "book_valuer_per_share_4q_avg": 16.23,
            "equity": 1287925,
            "current_ratio": 191.88,
            "debt_ratio": 38.49,
            "inventory_turnover_ratio": 2.19,
            "account_receivable_turnover_ratio": 1.69,
            "reinvestment_rate": -15.18,
            "research_to_sale_ratio": 0.38,
            "price_fair": 85.31,
            "eps_avg_yearly": 2.44,
            "eps_latest_yearly": 2.16,
            "eps_growth_yearly": 294.84
        },
        "20192": {
            "year_quarter": 20192,
            "year": 2019,
            "quarter": 2,
            "eps": 0.76,
            "eps_growth_year": -45.32,
            "eps_4q": 2.53,
            "eps_4q_growth_year": -25.67,
            "roe": 4.69,
            "roe_4q": 15.71,
            "gross_profit": 76566,
            "gross_margin": 11.28,
            "gross_margin_4q_avg": 7.66,
            "net_income": 56864,
            "net_income_4q": null,
            "revenue": 678746,
            "revenue_4q": null,
            "common_shares": 749863,
            "book_valuer_per_share": 15.15,
            "book_valuer_per_share_4q_avg": 16.19,
            "equity": 1135732,
            "current_ratio": 170.3,
            "debt_ratio": 42.8,
            "inventory_turnover_ratio": 1.76,
            "account_receivable_turnover_ratio": 1.31,
            "reinvestment_rate": -11,
            "research_to_sale_ratio": 0.57,
            "price_fair": 90.48,
            "eps_avg_yearly": 2.59,
            "eps_latest_yearly": 3.04,
            "eps_growth_yearly": 312.31
        },
        "20193": {
            "year_quarter": 20193,
            "year": 2019,
            "quarter": 3,
            "eps": 0.94,
            "eps_growth_year": 17.5,
            "eps_4q": 2.68,
            "eps_4q_growth_year": -19.9,
            "roe": 6.09,
            "roe_4q": 16.7,
            "gross_profit": 104744,
            "gross_margin": 12.03,
            "gross_margin_4q_avg": 9.11,
            "net_income": 70814,
            "net_income_4q": null,
            "revenue": 870516,
            "revenue_4q": null,
            "common_shares": 749863,
            "book_valuer_per_share": 15.84,
            "book_valuer_per_share_4q_avg": 16.16,
            "equity": 1188012,
            "current_ratio": 179.87,
            "debt_ratio": 40.71,
            "inventory_turnover_ratio": 2.17,
            "account_receivable_turnover_ratio": 1.83,
            "reinvestment_rate": -10.4,
            "research_to_sale_ratio": 0.48,
            "price_fair": 91.26,
            "eps_avg_yearly": 2.61,
            "eps_latest_yearly": 3.76,
            "eps_growth_yearly": 218.24
        },
        "20194": {
            "year_quarter": 20194,
            "year": 2019,
            "quarter": 4,
            "eps": 0.68,
            "eps_growth_year": 53.52,
            "eps_4q": 2.92,
            "eps_4q_growth_year": -10.35,
            "roe": 4.21,
            "roe_4q": 18.180000000000003,
            "gross_profit": 99209,
            "gross_margin": 11.93,
            "gross_margin_4q_avg": 10.66,
            "net_income": 50918,
            "net_income_4q": null,
            "revenue": 831563,
            "revenue_4q": null,
            "common_shares": 749863,
            "book_valuer_per_share": 16.42,
            "book_valuer_per_share_4q_avg": 16.15,
            "equity": 1230904,
            "current_ratio": 191.12,
            "debt_ratio": 38.53,
            "inventory_turnover_ratio": 2.1,
            "account_receivable_turnover_ratio": 1.85,
            "reinvestment_rate": -6.16,
            "research_to_sale_ratio": 0.5,
            "price_fair": 94.76,
            "eps_avg_yearly": 2.71,
            "eps_latest_yearly": 2.72,
            "eps_growth_yearly": 228.09
        },
        "20201": {
            "year_quarter": 20201,
            "year": 2020,
            "quarter": 1,
            "eps": 0.44,
            "eps_growth_year": -18.52,
            "eps_4q": 2.83,
            "eps_4q_growth_year": -10.91,
            "roe": 2.71,
            "roe_4q": 17.7,
            "gross_profit": 70870,
            "gross_margin": 11.41,
            "gross_margin_4q_avg": 11.66,
            "net_income": 33316,
            "net_income_4q": null,
            "revenue": 621095,
            "revenue_4q": null,
            "common_shares": 749863,
            "book_valuer_per_share": 16.38,
            "book_valuer_per_share_4q_avg": 15.95,
            "equity": 1228139,
            "current_ratio": 211.5,
            "debt_ratio": 34.54,
            "inventory_turnover_ratio": 1.64,
            "account_receivable_turnover_ratio": 1.53,
            "reinvestment_rate": -6.67,
            "research_to_sale_ratio": 0.58,
            "price_fair": 94.33,
            "eps_avg_yearly": 2.7,
            "eps_latest_yearly": 1.76,
            "eps_growth_yearly": 200.51
        },
        "20202": {
            "year_quarter": 20202,
            "year": 2020,
            "quarter": 2,
            "eps": 0.38,
            "eps_growth_year": -50,
            "eps_4q": 2.45,
            "eps_4q_growth_year": -3.3,
            "roe": 2.48,
            "roe_4q": 15.489999999999998,
            "gross_profit": 64105,
            "gross_margin": 9.73,
            "gross_margin_4q_avg": 11.28,
            "net_income": 28710,
            "net_income_4q": null,
            "revenue": 658821,
            "revenue_4q": null,
            "common_shares": 749863,
            "book_valuer_per_share": 14.44,
            "book_valuer_per_share_4q_avg": 15.77,
            "equity": 1082715,
            "current_ratio": 179.13,
            "debt_ratio": 40.71,
            "inventory_turnover_ratio": 1.97,
            "account_receivable_turnover_ratio": 1.48,
            "reinvestment_rate": -4.62,
            "research_to_sale_ratio": 0.56,
            "price_fair": 93.63,
            "eps_avg_yearly": 2.68,
            "eps_latest_yearly": 1.52,
            "eps_growth_yearly": 198.63
        },
        "20203": {
            "year_quarter": 20203,
            "year": 2020,
            "quarter": 3,
            "eps": 0.57,
            "eps_growth_year": -39.36,
            "eps_4q": 2.07,
            "eps_4q_growth_year": -22.73,
            "roe": 3.85,
            "roe_4q": 13.25,
            "gross_profit": 64779,
            "gross_margin": 11.85,
            "gross_margin_4q_avg": 11.23,
            "net_income": 42466,
            "net_income_4q": null,
            "revenue": 546692,
            "revenue_4q": null,
            "common_shares": 749863,
            "book_valuer_per_share": 14.96,
            "book_valuer_per_share_4q_avg": 15.55,
            "equity": 1121954,
            "current_ratio": 217.33,
            "debt_ratio": 32.29,
            "inventory_turnover_ratio": 1.89,
            "account_receivable_turnover_ratio": 1.08,
            "reinvestment_rate": -2.85,
            "research_to_sale_ratio": 0.66,
            "price_fair": 96.16,
            "eps_avg_yearly": 2.75,
            "eps_latest_yearly": 2.28,
            "eps_growth_yearly": 220.92
        },
        "20204": {
            "year_quarter": 20204,
            "year": 2020,
            "quarter": 4,
            "eps": 0.25,
            "eps_growth_year": -63.13,
            "eps_4q": 1.64,
            "eps_4q_growth_year": -43.68,
            "roe": 1.64,
            "roe_4q": 10.68,
            "gross_profit": 63811,
            "gross_margin": 15.64,
            "gross_margin_4q_avg": 12.16,
            "net_income": 18776,
            "net_income_4q": null,
            "revenue": 407976,
            "revenue_4q": null,
            "common_shares": 749863,
            "book_valuer_per_share": 15.53,
            "book_valuer_per_share_4q_avg": 15.33,
            "equity": 1164522,
            "current_ratio": 262.48,
            "debt_ratio": 26.14,
            "inventory_turnover_ratio": 1.44,
            "account_receivable_turnover_ratio": 0.88,
            "reinvestment_rate": -2.28,
            "research_to_sale_ratio": 0.9,
            "price_fair": 92.66,
            "eps_avg_yearly": 2.65,
            "eps_latest_yearly": 1,
            "eps_growth_yearly": 173.85
        },
        "20211": {
            "year_quarter": 20211,
            "year": 2021,
            "quarter": 1,
            "eps": 0.7,
            "eps_growth_year": 59.09,
            "eps_4q": 1.9,
            "eps_4q_growth_year": -32.66,
            "roe": 4.46,
            "roe_4q": 12.43,
            "gross_profit": 80331,
            "gross_margin": 12.39,
            "gross_margin_4q_avg": 12.4,
            "net_income": 52739,
            "net_income_4q": null,
            "revenue": 648097,
            "revenue_4q": null,
            "common_shares": 749863,
            "book_valuer_per_share": 16.01,
            "book_valuer_per_share_4q_avg": 15.24,
            "equity": 1200610,
            "current_ratio": 212.94,
            "debt_ratio": 34.3,
            "inventory_turnover_ratio": 2.4,
            "account_receivable_turnover_ratio": 1.62,
            "reinvestment_rate": -0.58,
            "research_to_sale_ratio": 0.49,
            "price_fair": 97.56,
            "eps_avg_yearly": 2.79,
            "eps_latest_yearly": 2.8,
            "eps_growth_yearly": 238.46
        },
        "20212": {
            "year_quarter": 20212,
            "year": 2021,
            "quarter": 2,
            "eps": 1.18,
            "eps_growth_year": 210.53,
            "eps_4q": 2.7,
            "eps_4q_growth_year": 10.04,
            "roe": 7.13,
            "roe_4q": 17.080000000000002,
            "gross_profit": 138443,
            "gross_margin": 17.02,
            "gross_margin_4q_avg": 14.23,
            "net_income": 88221,
            "net_income_4q": null,
            "revenue": 813209,
            "revenue_4q": null,
            "common_shares": 749863,
            "book_valuer_per_share": 16.99,
            "book_valuer_per_share_4q_avg": 15.87,
            "equity": 1274027,
            "current_ratio": 184.59,
            "debt_ratio": 41.87,
            "inventory_turnover_ratio": 2.08,
            "account_receivable_turnover_ratio": 1.81,
            "reinvestment_rate": 1.79,
            "research_to_sale_ratio": 0.31,
            "price_fair": 97.04,
            "eps_avg_yearly": 2.77,
            "eps_latest_yearly": 4.72,
            "eps_growth_yearly": 59.18
        },
        "20213": {
            "year_quarter": 20213,
            "year": 2021,
            "quarter": 3,
            "eps": 1.58,
            "eps_growth_year": 177.19,
            "eps_4q": 3.71,
            "eps_4q_growth_year": 78.86,
            "roe": 9.27,
            "roe_4q": 22.5,
            "gross_profit": 194780,
            "gross_margin": 14.25,
            "gross_margin_4q_avg": 14.83,
            "net_income": 118226,
            "net_income_4q": null,
            "revenue": 1366759,
            "revenue_4q": null,
            "common_shares": 749863,
            "book_valuer_per_share": 17.04,
            "book_valuer_per_share_4q_avg": 16.39,
            "equity": 1277514,
            "current_ratio": 168.11,
            "debt_ratio": 47.31,
            "inventory_turnover_ratio": 3.06,
            "account_receivable_turnover_ratio": 2.05,
            "reinvestment_rate": -9.09,
            "research_to_sale_ratio": 0.22,
            "price_fair": 103.34,
            "eps_avg_yearly": 2.95,
            "eps_latest_yearly": 6.32,
            "eps_growth_yearly": 75.31
        },
        "20214": {
            "year_quarter": 20214,
            "year": 2021,
            "quarter": 4,
            "eps": 1.35,
            "eps_growth_year": 440.31,
            "eps_4q": 4.81,
            "eps_4q_growth_year": 192.56,
            "roe": 7.63,
            "roe_4q": 28.49,
            "gross_profit": 137860,
            "gross_margin": 10.62,
            "gross_margin_4q_avg": 13.57,
            "net_income": 101448,
            "net_income_4q": null,
            "revenue": 1298351,
            "revenue_4q": null,
            "common_shares": 749863,
            "book_valuer_per_share": 18.42,
            "book_valuer_per_share_4q_avg": 17.12,
            "equity": 1381386,
            "current_ratio": 182.4,
            "debt_ratio": 43.5,
            "inventory_turnover_ratio": 2.82,
            "account_receivable_turnover_ratio": 1.62,
            "reinvestment_rate": -7.53,
            "research_to_sale_ratio": 0.2,
            "price_fair": 110.43,
            "eps_avg_yearly": 3.16,
            "eps_latest_yearly": 5.4,
            "eps_growth_yearly": 80.97
        },
        "20221": {
            "year_quarter": 20221,
            "year": 2022,
            "quarter": 1,
            "eps": 2.24,
            "eps_growth_year": 220,
            "eps_4q": 6.35,
            "eps_4q_growth_year": 233.72,
            "roe": 12.6,
            "roe_4q": 36.63,
            "gross_profit": 191849,
            "gross_margin": 14.97,
            "gross_margin_4q_avg": 14.22,
            "net_income": 168293,
            "net_income_4q": null,
            "revenue": 1281833,
            "revenue_4q": null,
            "common_shares": 749863,
            "book_valuer_per_share": 17.19,
            "book_valuer_per_share_4q_avg": 17.41,
            "equity": 1288979,
            "current_ratio": 144.84,
            "debt_ratio": 56.9,
            "inventory_turnover_ratio": 1.6,
            "account_receivable_turnover_ratio": 1.58,
            "reinvestment_rate": -4.99,
            "research_to_sale_ratio": 0.25,
            "price_fair": 124.6,
            "eps_avg_yearly": 3.56,
            "eps_latest_yearly": 8.96,
            "eps_growth_yearly": 93.75
        },
        "20222": {
            "year_quarter": 20222,
            "year": 2022,
            "quarter": 2,
            "eps": 2.04,
            "eps_growth_year": 72.88,
            "eps_4q": 7.22,
            "eps_4q_growth_year": 167.68,
            "roe": 11.29,
            "roe_4q": 40.79,
            "gross_profit": 191554,
            "gross_margin": 12.26,
            "gross_margin_4q_avg": 13.03,
            "net_income": 153279,
            "net_income_4q": null,
            "revenue": 1561823,
            "revenue_4q": null,
            "common_shares": 749863,
            "book_valuer_per_share": 19.04,
            "book_valuer_per_share_4q_avg": 17.92,
            "equity": 1427399,
            "current_ratio": 155.74,
            "debt_ratio": 52.39,
            "inventory_turnover_ratio": 1.53,
            "account_receivable_turnover_ratio": 2.02,
            "reinvestment_rate": -1.81,
            "research_to_sale_ratio": 0.26,
            "price_fair": 130.29,
            "eps_avg_yearly": 3.72,
            "eps_latest_yearly": 8.16,
            "eps_growth_yearly": 60.47
        },
        "20223": {
            "year_quarter": 20223,
            "year": 2022,
            "quarter": 3,
            "eps": 1.22,
            "eps_growth_year": -22.78,
            "eps_4q": 6.86,
            "eps_4q_growth_year": 85.18,
            "roe": 6.21,
            "roe_4q": 37.730000000000004,
            "gross_profit": 113110,
            "gross_margin": 7.93,
            "gross_margin_4q_avg": 11.45,
            "net_income": 91721,
            "net_income_4q": null,
            "revenue": 1426035,
            "revenue_4q": null,
            "common_shares": 749863,
            "book_valuer_per_share": 20.35,
            "book_valuer_per_share_4q_avg": 18.75,
            "equity": 1525891,
            "current_ratio": 162.89,
            "debt_ratio": 51.16,
            "inventory_turnover_ratio": 1.65,
            "account_receivable_turnover_ratio": 1.79,
            "reinvestment_rate": -4.28,
            "research_to_sale_ratio": 0.26,
            "price_fair": 133.96,
            "eps_avg_yearly": 3.83,
            "eps_latest_yearly": 4.88,
            "eps_growth_yearly": 61.03
        },
        "20224": {
            "year_quarter": 20224,
            "year": 2022,
            "quarter": 4,
            "eps": -0.43,
            "eps_growth_year": -131.51,
            "eps_4q": 5.09,
            "eps_4q_growth_year": 5.74,
            "roe": -2.11,
            "roe_4q": 27.99,
            "gross_profit": 14247,
            "gross_margin": 1.42,
            "gross_margin_4q_avg": 9.15,
            "net_income": -31968,
            "net_income_4q": null,
            "revenue": 1001807,
            "revenue_4q": null,
            "common_shares": 749863,
            "book_valuer_per_share": 20.02,
            "book_valuer_per_share_4q_avg": 19.15,
            "equity": 1501210,
            "current_ratio": 197.25,
            "debt_ratio": 40.03,
            "inventory_turnover_ratio": 1.49,
            "account_receivable_turnover_ratio": 1.18,
            "reinvestment_rate": -2.95,
            "research_to_sale_ratio": 0.36,
            "price_fair": 138.79,
            "eps_avg_yearly": 3.97,
            "eps_latest_yearly": 4.88,
            "eps_growth_yearly": 77.1
        },
        "20231": {
            "year_quarter": 20231,
            "year": 2023,
            "quarter": 1,
            "eps": -0.84,
            "eps_growth_year": -137.5,
            "eps_4q": 2,
            "eps_4q_growth_year": -68.51,
            "roe": -4.86,
            "roe_4q": 10.529999999999998,
            "gross_profit": 31482,
            "gross_margin": 4.93,
            "gross_margin_4q_avg": 6.64,
            "net_income": -63099,
            "net_income_4q": null,
            "revenue": 638694,
            "revenue_4q": null,
            "common_shares": 749863,
            "book_valuer_per_share": 14.58,
            "book_valuer_per_share_4q_avg": 18.5,
            "equity": 1093641,
            "current_ratio": 161.96,
            "debt_ratio": 46.54,
            "inventory_turnover_ratio": 1.12,
            "account_receivable_turnover_ratio": 1.01,
            "reinvestment_rate": -6.03,
            "research_to_sale_ratio": 0.59,
            "price_fair": 143.3,
            "eps_avg_yearly": 4.09,
            "eps_latest_yearly": 4.88,
            "eps_growth_yearly": 76.12
        },
        "20232": {
            "year_quarter": 20232,
            "year": 2023,
            "quarter": 2,
            "eps": -0.34,
            "eps_growth_year": -116.67,
            "eps_4q": -0.39,
            "eps_4q_growth_year": -105.37,
            "roe": -2.4,
            "roe_4q": -3.1599999999999993,
            "gross_profit": 38618,
            "gross_margin": 6.01,
            "gross_margin_4q_avg": 5.07,
            "net_income": -25742,
            "net_income_4q": null,
            "revenue": 642328,
            "revenue_4q": null,
            "common_shares": 749863,
            "book_valuer_per_share": 14.07,
            "book_valuer_per_share_4q_avg": 17.26,
            "equity": 1054801,
            "current_ratio": 179.88,
            "debt_ratio": 43.38,
            "inventory_turnover_ratio": 1.43,
            "account_receivable_turnover_ratio": 1.29,
            "reinvestment_rate": -9.36,
            "research_to_sale_ratio": 0.46,
            "price_fair": 146.14,
            "eps_avg_yearly": 4.18,
            "eps_latest_yearly": 4.88,
            "eps_growth_yearly": 69.44
        },
        "20233": {
            "year_quarter": 20233,
            "year": 2023,
            "quarter": 3,
            "eps": 0.64,
            "eps_growth_year": -47.54,
            "eps_4q": -0.97,
            "eps_4q_growth_year": -114.17,
            "roe": 4.4,
            "roe_4q": -4.97,
            "gross_profit": 93463,
            "gross_margin": 17,
            "gross_margin_4q_avg": 7.34,
            "net_income": 47856,
            "net_income_4q": null,
            "revenue": 549880,
            "revenue_4q": null,
            "common_shares": 749863,
            "book_valuer_per_share": 14.91,
            "book_valuer_per_share_4q_avg": 15.9,
            "equity": 1117989,
            "current_ratio": 202.19,
            "debt_ratio": 38.75,
            "inventory_turnover_ratio": 1.18,
            "account_receivable_turnover_ratio": 0.97,
            "reinvestment_rate": -8.86,
            "research_to_sale_ratio": 0.96,
            "price_fair": 147.35,
            "eps_avg_yearly": 4.21,
            "eps_latest_yearly": 4.88,
            "eps_growth_yearly": 67.33
        }
    },
    "months": {
        "2001-06": {
            "month": "2001-06",
            "price": "14.08",
            "revenue": 44818
        },
        "2001-07": {
            "month": "2001-07",
            "price": "13.83",
            "revenue": 39152
        },
        "2001-08": {
            "month": "2001-08",
            "price": "13.93",
            "revenue": 47892
        },
        "2001-09": {
            "month": "2001-09",
            "price": "13.35",
            "revenue": 41413
        },
        "2001-10": {
            "month": "2001-10",
            "price": "13.65",
            "revenue": 45450
        },
        "2001-11": {
            "month": "2001-11",
            "price": "13.69",
            "revenue": 38210
        },
        "2001-12": {
            "month": "2001-12",
            "price": "14.45",
            "revenue": 43741
        },
        "2002-01": {
            "month": "2002-01",
            "price": "15.46",
            "revenue": 41664
        },
        "2002-02": {
            "month": "2002-02",
            "price": "16.56",
            "revenue": 33780
        },
        "2002-03": {
            "month": "2002-03",
            "price": "20.99",
            "revenue": 54346
        },
        "2002-04": {
            "month": "2002-04",
            "price": "19.48",
            "revenue": 40354
        },
        "2002-05": {
            "month": "2002-05",
            "price": "22.76",
            "revenue": 50577
        },
        "2002-06": {
            "month": "2002-06",
            "price": "23.64",
            "revenue": 41400
        },
        "2002-07": {
            "month": "2002-07",
            "price": "25.50",
            "revenue": 55264
        },
        "2002-08": {
            "month": "2002-08",
            "price": "25.02",
            "revenue": 48347
        },
        "2002-09": {
            "month": "2002-09",
            "price": "23.94",
            "revenue": 42333
        },
        "2002-10": {
            "month": "2002-10",
            "price": "24.97",
            "revenue": 52188
        },
        "2002-11": {
            "month": "2002-11",
            "price": "27.70",
            "revenue": 54371
        },
        "2002-12": {
            "month": "2002-12",
            "price": "31.86",
            "revenue": 55200
        },
        "2003-01": {
            "month": "2003-01",
            "price": "31.88",
            "revenue": 58654
        },
        "2003-02": {
            "month": "2003-02",
            "price": "29.40",
            "revenue": 58330
        },
        "2003-03": {
            "month": "2003-03",
            "price": "30.11",
            "revenue": 54694
        },
        "2003-04": {
            "month": "2003-04",
            "price": "30.65",
            "revenue": 54433
        },
        "2003-05": {
            "month": "2003-05",
            "price": "29.63",
            "revenue": 62679
        },
        "2003-06": {
            "month": "2003-06",
            "price": "32.60",
            "revenue": 67067
        },
        "2003-07": {
            "month": "2003-07",
            "price": "34.61",
            "revenue": 69376
        },
        "2003-08": {
            "month": "2003-08",
            "price": "40.12",
            "revenue": 69264
        },
        "2003-09": {
            "month": "2003-09",
            "price": "35.99",
            "revenue": 65598
        },
        "2003-10": {
            "month": "2003-10",
            "price": "39.31",
            "revenue": 68714
        },
        "2003-11": {
            "month": "2003-11",
            "price": "39.70",
            "revenue": 51963
        },
        "2003-12": {
            "month": "2003-12",
            "price": "38.30",
            "revenue": 75358
        },
        "2004-01": {
            "month": "2004-01",
            "price": "38.93",
            "revenue": 104610
        },
        "2004-02": {
            "month": "2004-02",
            "price": "45.56",
            "revenue": 93107
        },
        "2004-03": {
            "month": "2004-03",
            "price": "48.87",
            "revenue": 90053
        },
        "2004-04": {
            "month": "2004-04",
            "price": "50.22",
            "revenue": 97708
        },
        "2004-05": {
            "month": "2004-05",
            "price": "50.90",
            "revenue": 113883
        },
        "2004-06": {
            "month": "2004-06",
            "price": "51.21",
            "revenue": 98052
        },
        "2004-07": {
            "month": "2004-07",
            "price": "49.48",
            "revenue": 86578
        },
        "2004-08": {
            "month": "2004-08",
            "price": "45.29",
            "revenue": 88082
        },
        "2004-09": {
            "month": "2004-09",
            "price": "44.03",
            "revenue": 94547
        },
        "2004-10": {
            "month": "2004-10",
            "price": "41.84",
            "revenue": 104796
        },
        "2004-11": {
            "month": "2004-11",
            "price": "39.20",
            "revenue": 106266
        },
        "2004-12": {
            "month": "2004-12",
            "price": "37.61",
            "revenue": 85331
        },
        "2005-01": {
            "month": "2005-01",
            "price": "37.12",
            "revenue": 85442
        },
        "2005-02": {
            "month": "2005-02",
            "price": "36.74",
            "revenue": 80531
        },
        "2005-03": {
            "month": "2005-03",
            "price": "37.48",
            "revenue": 90686
        },
        "2005-04": {
            "month": "2005-04",
            "price": "33.91",
            "revenue": 69652
        },
        "2005-05": {
            "month": "2005-05",
            "price": "27.59",
            "revenue": 83377
        },
        "2005-06": {
            "month": "2005-06",
            "price": "28.26",
            "revenue": 58903
        },
        "2005-07": {
            "month": "2005-07",
            "price": "26.69",
            "revenue": 68840
        },
        "2005-08": {
            "month": "2005-08",
            "price": "23.31",
            "revenue": 69963
        },
        "2005-09": {
            "month": "2005-09",
            "price": "18.03",
            "revenue": 74922
        },
        "2005-10": {
            "month": "2005-10",
            "price": "15.66",
            "revenue": 92306
        },
        "2005-11": {
            "month": "2005-11",
            "price": "17.19",
            "revenue": 76329
        },
        "2005-12": {
            "month": "2005-12",
            "price": "17.58",
            "revenue": 75538
        },
        "2006-01": {
            "month": "2006-01",
            "price": "17.45",
            "revenue": 75989
        },
        "2006-02": {
            "month": "2006-02",
            "price": "17.73",
            "revenue": 68452
        },
        "2006-03": {
            "month": "2006-03",
            "price": "16.66",
            "revenue": 67482
        },
        "2006-04": {
            "month": "2006-04",
            "price": "16.66",
            "revenue": 71978
        },
        "2006-05": {
            "month": "2006-05",
            "price": "19.27",
            "revenue": 81224
        },
        "2006-06": {
            "month": "2006-06",
            "price": "17.47",
            "revenue": 73654
        },
        "2006-07": {
            "month": "2006-07",
            "price": "18.49",
            "revenue": 64377
        },
        "2006-08": {
            "month": "2006-08",
            "price": "19.05",
            "revenue": 66742
        },
        "2006-09": {
            "month": "2006-09",
            "price": "16.90",
            "revenue": 90774
        },
        "2006-10": {
            "month": "2006-10",
            "price": "17.34",
            "revenue": 72519
        },
        "2006-11": {
            "month": "2006-11",
            "price": "17.45",
            "revenue": 88757
        },
        "2006-12": {
            "month": "2006-12",
            "price": "19.28",
            "revenue": 168542
        },
        "2007-01": {
            "month": "2007-01",
            "price": "22.23",
            "revenue": 88885
        },
        "2007-02": {
            "month": "2007-02",
            "price": "22.55",
            "revenue": 93105
        },
        "2007-03": {
            "month": "2007-03",
            "price": "25.03",
            "revenue": 100277
        },
        "2007-04": {
            "month": "2007-04",
            "price": "25.14",
            "revenue": 112724
        },
        "2007-05": {
            "month": "2007-05",
            "price": "25.47",
            "revenue": 106092
        },
        "2007-06": {
            "month": "2007-06",
            "price": "25.43",
            "revenue": 105153
        },
        "2007-07": {
            "month": "2007-07",
            "price": "33.15",
            "revenue": 113523
        },
        "2007-08": {
            "month": "2007-08",
            "price": "31.98",
            "revenue": 124970
        },
        "2007-09": {
            "month": "2007-09",
            "price": "35.32",
            "revenue": 113218
        },
        "2007-10": {
            "month": "2007-10",
            "price": "33.72",
            "revenue": 147046
        },
        "2007-11": {
            "month": "2007-11",
            "price": "26.37",
            "revenue": 187707
        },
        "2007-12": {
            "month": "2007-12",
            "price": "26.08",
            "revenue": 166387
        },
        "2008-01": {
            "month": "2008-01",
            "price": "26.90",
            "revenue": 187766
        },
        "2008-02": {
            "month": "2008-02",
            "price": "29.14",
            "revenue": 258830
        },
        "2008-03": {
            "month": "2008-03",
            "price": "35.96",
            "revenue": 297285
        },
        "2008-04": {
            "month": "2008-04",
            "price": "37.85",
            "revenue": 314314
        },
        "2008-05": {
            "month": "2008-05",
            "price": "38.44",
            "revenue": 314963
        },
        "2008-06": {
            "month": "2008-06",
            "price": "36.93",
            "revenue": 300857
        },
        "2008-07": {
            "month": "2008-07",
            "price": "34.29",
            "revenue": 260566
        },
        "2008-08": {
            "month": "2008-08",
            "price": "31.31",
            "revenue": 202401
        },
        "2008-09": {
            "month": "2008-09",
            "price": "22.88",
            "revenue": 190785
        },
        "2008-10": {
            "month": "2008-10",
            "price": "18.49",
            "revenue": 180424
        },
        "2008-11": {
            "month": "2008-11",
            "price": "15.68",
            "revenue": 137317
        },
        "2008-12": {
            "month": "2008-12",
            "price": "14.43",
            "revenue": 111707
        },
        "2009-01": {
            "month": "2009-01",
            "price": "14.62",
            "revenue": 90171
        },
        "2009-02": {
            "month": "2009-02",
            "price": "14.91",
            "revenue": 114243
        },
        "2009-03": {
            "month": "2009-03",
            "price": "18.15",
            "revenue": 107917
        },
        "2009-04": {
            "month": "2009-04",
            "price": "20.11",
            "revenue": 89726
        },
        "2009-05": {
            "month": "2009-05",
            "price": "20.12",
            "revenue": 95097
        },
        "2009-06": {
            "month": "2009-06",
            "price": "20.03",
            "revenue": 134279
        },
        "2009-07": {
            "month": "2009-07",
            "price": "21.17",
            "revenue": 141713
        },
        "2009-08": {
            "month": "2009-08",
            "price": "21.87",
            "revenue": 131634
        },
        "2009-09": {
            "month": "2009-09",
            "price": "24.30",
            "revenue": 137705
        },
        "2009-10": {
            "month": "2009-10",
            "price": "32.18",
            "revenue": 132315
        },
        "2009-11": {
            "month": "2009-11",
            "price": "31.28",
            "revenue": 157785
        },
        "2009-12": {
            "month": "2009-12",
            "price": "33.34",
            "revenue": 181830
        },
        "2010-01": {
            "month": "2010-01",
            "price": "34.23",
            "revenue": 181897
        },
        "2010-02": {
            "month": "2010-02",
            "price": "30.15",
            "revenue": 220823
        },
        "2010-03": {
            "month": "2010-03",
            "price": "34.95",
            "revenue": 194521
        },
        "2010-04": {
            "month": "2010-04",
            "price": "34.36",
            "revenue": 184137
        },
        "2010-05": {
            "month": "2010-05",
            "price": "31.55",
            "revenue": 166907
        },
        "2010-06": {
            "month": "2010-06",
            "price": "30.03",
            "revenue": 182023
        },
        "2010-07": {
            "month": "2010-07",
            "price": "32.11",
            "revenue": 176534
        },
        "2010-08": {
            "month": "2010-08",
            "price": "32.95",
            "revenue": 151363
        },
        "2010-09": {
            "month": "2010-09",
            "price": "31.29",
            "revenue": 171496
        },
        "2010-10": {
            "month": "2010-10",
            "price": "33.67",
            "revenue": 138194
        },
        "2010-11": {
            "month": "2010-11",
            "price": "31.22",
            "revenue": 127402
        },
        "2010-12": {
            "month": "2010-12",
            "price": "31.52",
            "revenue": 206653
        },
        "2011-01": {
            "month": "2011-01",
            "price": "31.60",
            "revenue": 141560
        },
        "2011-02": {
            "month": "2011-02",
            "price": "30.28",
            "revenue": 148763
        },
        "2011-03": {
            "month": "2011-03",
            "price": "28.78",
            "revenue": 165726
        },
        "2011-04": {
            "month": "2011-04",
            "price": "28.96",
            "revenue": 178597
        },
        "2011-05": {
            "month": "2011-05",
            "price": "30.50",
            "revenue": 140538
        },
        "2011-06": {
            "month": "2011-06",
            "price": "28.84",
            "revenue": 157186
        },
        "2011-07": {
            "month": "2011-07",
            "price": "28.88",
            "revenue": 149519
        },
        "2011-08": {
            "month": "2011-08",
            "price": "26.86",
            "revenue": 219005
        },
        "2011-09": {
            "month": "2011-09",
            "price": "22.85",
            "revenue": 171324
        },
        "2011-10": {
            "month": "2011-10",
            "price": "23.20",
            "revenue": 224683
        },
        "2011-11": {
            "month": "2011-11",
            "price": "22.53",
            "revenue": 177699
        },
        "2011-12": {
            "month": "2011-12",
            "price": "20.64",
            "revenue": 178978
        },
        "2012-01": {
            "month": "2012-01",
            "price": "20.63",
            "revenue": 183659
        },
        "2012-02": {
            "month": "2012-02",
            "price": "24.31",
            "revenue": 168076
        },
        "2012-03": {
            "month": "2012-03",
            "price": "25.20",
            "revenue": 211253
        },
        "2012-04": {
            "month": "2012-04",
            "price": "27.77",
            "revenue": 145848
        },
        "2012-05": {
            "month": "2012-05",
            "price": "24.45",
            "revenue": 189899
        },
        "2012-06": {
            "month": "2012-06",
            "price": "23.22",
            "revenue": 171398
        },
        "2012-07": {
            "month": "2012-07",
            "price": "23.64",
            "revenue": 268596
        },
        "2012-08": {
            "month": "2012-08",
            "price": "25.91",
            "revenue": 161393
        },
        "2012-09": {
            "month": "2012-09",
            "price": "24.83",
            "revenue": 161350
        },
        "2012-10": {
            "month": "2012-10",
            "price": "23.10",
            "revenue": 171710
        },
        "2012-11": {
            "month": "2012-11",
            "price": "20.40",
            "revenue": 171041
        },
        "2012-12": {
            "month": "2012-12",
            "price": "21.75",
            "revenue": 133583
        },
        "2013-01": {
            "month": "2013-01",
            "price": "22.15",
            "revenue": 150829
        },
        "2013-02": {
            "month": "2013-02",
            "price": "22.06",
            "revenue": 238933
        },
        "2013-03": {
            "month": "2013-03",
            "price": "22.45",
            "revenue": 163415
        },
        "2013-04": {
            "month": "2013-04",
            "price": "21.39",
            "revenue": 135449
        },
        "2013-05": {
            "month": "2013-05",
            "price": "20.69",
            "revenue": 171314
        },
        "2013-06": {
            "month": "2013-06",
            "price": "20.33",
            "revenue": 165085
        },
        "2013-07": {
            "month": "2013-07",
            "price": "20.05",
            "revenue": 199014
        },
        "2013-08": {
            "month": "2013-08",
            "price": "20.44",
            "revenue": 151752
        },
        "2013-09": {
            "month": "2013-09",
            "price": "20.18",
            "revenue": 198764
        },
        "2013-10": {
            "month": "2013-10",
            "price": "20.51",
            "revenue": 256908
        },
        "2013-11": {
            "month": "2013-11",
            "price": "20.73",
            "revenue": 148030
        },
        "2013-12": {
            "month": "2013-12",
            "price": "22.26",
            "revenue": 176747
        },
        "2014-01": {
            "month": "2014-01",
            "price": "22.61",
            "revenue": 161127
        },
        "2014-02": {
            "month": "2014-02",
            "price": "23.21",
            "revenue": 221236
        },
        "2014-03": {
            "month": "2014-03",
            "price": "28.84",
            "revenue": 300923
        },
        "2014-04": {
            "month": "2014-04",
            "price": "32.47",
            "revenue": 216554
        },
        "2014-05": {
            "month": "2014-05",
            "price": "33.77",
            "revenue": 211946
        },
        "2014-06": {
            "month": "2014-06",
            "price": "36.18",
            "revenue": 179694
        },
        "2014-07": {
            "month": "2014-07",
            "price": "33.91",
            "revenue": 282175
        },
        "2014-08": {
            "month": "2014-08",
            "price": "32.44",
            "revenue": 226394
        },
        "2014-09": {
            "month": "2014-09",
            "price": "33.54",
            "revenue": 235767
        },
        "2014-10": {
            "month": "2014-10",
            "price": "31.76",
            "revenue": 270723
        },
        "2014-11": {
            "month": "2014-11",
            "price": "29.14",
            "revenue": 150617
        },
        "2014-12": {
            "month": "2014-12",
            "price": "27.22",
            "revenue": 204496
        },
        "2015-01": {
            "month": "2015-01",
            "price": "26.99",
            "revenue": 197893
        },
        "2015-02": {
            "month": "2015-02",
            "price": "26.48",
            "revenue": 122150
        },
        "2015-03": {
            "month": "2015-03",
            "price": "25.60",
            "revenue": 206709
        },
        "2015-04": {
            "month": "2015-04",
            "price": "25.71",
            "revenue": 148577
        },
        "2015-05": {
            "month": "2015-05",
            "price": "23.50",
            "revenue": 166860
        },
        "2015-06": {
            "month": "2015-06",
            "price": "21.24",
            "revenue": 223311
        },
        "2015-07": {
            "month": "2015-07",
            "price": "21.08",
            "revenue": 164770
        },
        "2015-08": {
            "month": "2015-08",
            "price": "18.71",
            "revenue": 147812
        },
        "2015-09": {
            "month": "2015-09",
            "price": "18.24",
            "revenue": 155545
        },
        "2015-10": {
            "month": "2015-10",
            "price": "19.51",
            "revenue": 200255
        },
        "2015-11": {
            "month": "2015-11",
            "price": "24.50",
            "revenue": 153740
        },
        "2015-12": {
            "month": "2015-12",
            "price": "24.90",
            "revenue": 147259
        },
        "2016-01": {
            "month": "2016-01",
            "price": "21.60",
            "revenue": 152779
        },
        "2016-02": {
            "month": "2016-02",
            "price": "22.43",
            "revenue": 177562
        },
        "2016-03": {
            "month": "2016-03",
            "price": "26.38",
            "revenue": 238978
        },
        "2016-04": {
            "month": "2016-04",
            "price": "34.81",
            "revenue": 180572
        },
        "2016-05": {
            "month": "2016-05",
            "price": "34.93",
            "revenue": 179987
        },
        "2016-06": {
            "month": "2016-06",
            "price": "38.04",
            "revenue": 193707
        },
        "2016-07": {
            "month": "2016-07",
            "price": "37.58",
            "revenue": 171583
        },
        "2016-08": {
            "month": "2016-08",
            "price": "35.98",
            "revenue": 204767
        },
        "2016-09": {
            "month": "2016-09",
            "price": "34.18",
            "revenue": 198310
        },
        "2016-10": {
            "month": "2016-10",
            "price": "30.86",
            "revenue": 213042
        },
        "2016-11": {
            "month": "2016-11",
            "price": "29.64",
            "revenue": 198316
        },
        "2016-12": {
            "month": "2016-12",
            "price": "31.05",
            "revenue": 230206
        },
        "2017-01": {
            "month": "2017-01",
            "price": "32.33",
            "revenue": 261149
        },
        "2017-02": {
            "month": "2017-02",
            "price": "35.29",
            "revenue": 274106
        },
        "2017-03": {
            "month": "2017-03",
            "price": "44.12",
            "revenue": 260761
        },
        "2017-04": {
            "month": "2017-04",
            "price": "42.92",
            "revenue": 296989
        },
        "2017-05": {
            "month": "2017-05",
            "price": "43.44",
            "revenue": 273954
        },
        "2017-06": {
            "month": "2017-06",
            "price": "43.09",
            "revenue": 324009
        },
        "2017-07": {
            "month": "2017-07",
            "price": "44.70",
            "revenue": 431306
        },
        "2017-08": {
            "month": "2017-08",
            "price": "76.21",
            "revenue": 412542
        },
        "2017-09": {
            "month": "2017-09",
            "price": "127.05",
            "revenue": 420561
        },
        "2017-10": {
            "month": "2017-10",
            "price": "130.47",
            "revenue": 406705
        },
        "2017-11": {
            "month": "2017-11",
            "price": "106.14",
            "revenue": 437987
        },
        "2017-12": {
            "month": "2017-12",
            "price": "102.29",
            "revenue": 427840
        },
        "2018-01": {
            "month": "2018-01",
            "price": "106.20",
            "revenue": 422325
        },
        "2018-02": {
            "month": "2018-02",
            "price": "104.49",
            "revenue": 390983
        },
        "2018-03": {
            "month": "2018-03",
            "price": "115.63",
            "revenue": 439957
        },
        "2018-04": {
            "month": "2018-04",
            "price": "105.42",
            "revenue": 443171
        },
        "2018-05": {
            "month": "2018-05",
            "price": "97.40",
            "revenue": 446050
        },
        "2018-06": {
            "month": "2018-06",
            "price": "104.07",
            "revenue": 432701
        },
        "2018-07": {
            "month": "2018-07",
            "price": "93.37",
            "revenue": 435306
        },
        "2018-08": {
            "month": "2018-08",
            "price": "91.32",
            "revenue": 433575
        },
        "2018-09": {
            "month": "2018-09",
            "price": "74.95",
            "revenue": 410874
        },
        "2018-10": {
            "month": "2018-10",
            "price": "63.67",
            "revenue": 412072
        },
        "2018-11": {
            "month": "2018-11",
            "price": "67.23",
            "revenue": 394404
        },
        "2018-12": {
            "month": "2018-12",
            "price": "76.00",
            "revenue": 249966
        },
        "2019-01": {
            "month": "2019-01",
            "price": "72.63",
            "revenue": 365842
        },
        "2019-02": {
            "month": "2019-02",
            "price": "77.20",
            "revenue": 272759
        },
        "2019-03": {
            "month": "2019-03",
            "price": "76.27",
            "revenue": 295161
        },
        "2019-04": {
            "month": "2019-04",
            "price": "76.48",
            "revenue": 227013
        },
        "2019-05": {
            "month": "2019-05",
            "price": "66.13",
            "revenue": 226000
        },
        "2019-06": {
            "month": "2019-06",
            "price": "66.93",
            "revenue": 225733
        },
        "2019-07": {
            "month": "2019-07",
            "price": "72.47",
            "revenue": 265756
        },
        "2019-08": {
            "month": "2019-08",
            "price": "70.04",
            "revenue": 267974
        },
        "2019-09": {
            "month": "2019-09",
            "price": "72.45",
            "revenue": 336786
        },
        "2019-10": {
            "month": "2019-10",
            "price": "71.85",
            "revenue": 274237
        },
        "2019-11": {
            "month": "2019-11",
            "price": "68.66",
            "revenue": 313694
        },
        "2019-12": {
            "month": "2019-12",
            "price": "67.66",
            "revenue": 242969
        },
        "2020-01": {
            "month": "2020-01",
            "price": "68.17",
            "revenue": 207847
        },
        "2020-02": {
            "month": "2020-02",
            "price": "63.15",
            "revenue": 216143
        },
        "2020-03": {
            "month": "2020-03",
            "price": "44.05",
            "revenue": 197092
        },
        "2020-04": {
            "month": "2020-04",
            "price": "46.89",
            "revenue": 224812
        },
        "2020-05": {
            "month": "2020-05",
            "price": "52.12",
            "revenue": 224687
        },
        "2020-06": {
            "month": "2020-06",
            "price": "56.83",
            "revenue": 209321
        },
        "2020-07": {
            "month": "2020-07",
            "price": "64.75",
            "revenue": 174823
        },
        "2020-08": {
            "month": "2020-08",
            "price": "62.97",
            "revenue": 188029
        },
        "2020-09": {
            "month": "2020-09",
            "price": "65.07",
            "revenue": 183857
        },
        "2020-10": {
            "month": "2020-10",
            "price": "58.06",
            "revenue": 148551
        },
        "2020-11": {
            "month": "2020-11",
            "price": "59.02",
            "revenue": 137352
        },
        "2020-12": {
            "month": "2020-12",
            "price": "62.87",
            "revenue": 122262
        },
        "2021-01": {
            "month": "2021-01",
            "price": "64.40",
            "revenue": 218935
        },
        "2021-02": {
            "month": "2021-02",
            "price": "62.70",
            "revenue": 168934
        },
        "2021-03": {
            "month": "2021-03",
            "price": "63.55",
            "revenue": 260209
        },
        "2021-04": {
            "month": "2021-04",
            "price": "70.25",
            "revenue": 290275
        },
        "2021-05": {
            "month": "2021-05",
            "price": "59.24",
            "revenue": 286753
        },
        "2021-06": {
            "month": "2021-06",
            "price": "63.99",
            "revenue": 236198
        },
        "2021-07": {
            "month": "2021-07",
            "price": "83.43",
            "revenue": 481525
        },
        "2021-08": {
            "month": "2021-08",
            "price": "107.29",
            "revenue": 401948
        },
        "2021-09": {
            "month": "2021-09",
            "price": "119.38",
            "revenue": 483286
        },
        "2021-10": {
            "month": "2021-10",
            "price": "127.30",
            "revenue": 456299
        },
        "2021-11": {
            "month": "2021-11",
            "price": "165.00",
            "revenue": 467449
        },
        "2021-12": {
            "month": "2021-12",
            "price": "154.57",
            "revenue": 375034
        },
        "2022-01": {
            "month": "2022-01",
            "price": "143.11",
            "revenue": 411972
        },
        "2022-02": {
            "month": "2022-02",
            "price": "140.90",
            "revenue": 366618
        },
        "2022-03": {
            "month": "2022-03",
            "price": "145.13",
            "revenue": 503222
        },
        "2022-04": {
            "month": "2022-04",
            "price": "140.05",
            "revenue": 513494
        },
        "2022-05": {
            "month": "2022-05",
            "price": "133.38",
            "revenue": 528316
        },
        "2022-06": {
            "month": "2022-06",
            "price": "137.55",
            "revenue": 519915
        },
        "2022-07": {
            "month": "2022-07",
            "price": "116.95",
            "revenue": 534713
        },
        "2022-08": {
            "month": "2022-08",
            "price": "127.28",
            "revenue": 490316
        },
        "2022-09": {
            "month": "2022-09",
            "price": "125.60",
            "revenue": 401124
        },
        "2022-10": {
            "month": "2022-10",
            "price": "101.42",
            "revenue": 386634
        },
        "2022-11": {
            "month": "2022-11",
            "price": "103.61",
            "revenue": 303528
        },
        "2022-12": {
            "month": "2022-12",
            "price": "104.47",
            "revenue": 311645
        },
        "2023-01": {
            "month": "2023-01",
            "price": "100.11",
            "revenue": 235146
        },
        "2023-02": {
            "month": "2023-02",
            "price": "109.75",
            "revenue": 201313
        },
        "2023-03": {
            "month": "2023-03",
            "price": "107.46",
            "revenue": 202234
        },
        "2023-04": {
            "month": "2023-04",
            "price": "105.14",
            "revenue": 214197
        },
        "2023-05": {
            "month": "2023-05",
            "price": "96.90",
            "revenue": 206463
        },
        "2023-06": {
            "month": "2023-06",
            "price": "99.11",
            "revenue": 221669
        },
        "2023-07": {
            "month": "2023-07",
            "price": "93.81",
            "revenue": 166018
        },
        "2023-08": {
            "month": "2023-08",
            "price": "81.46",
            "revenue": 206769
        },
        "2023-09": {
            "month": "2023-09",
            "price": "82.08",
            "revenue": 177093
        },
        "2023-10": {
            "month": "2023-10",
            "price": "79.48",
            "revenue": 145740
        },
        "2023-11": {
            "month": "2023-11",
            "price": "81.51",
            "revenue": 164096
        },
        "2023-12": {
            "month": "2023-12",
            "price": "88.75",
            "revenue": 175626
        }
    }
}
