{
    "summary": {
        "stock_name": "國精化",
        "stock_id": "4722",
        "category": "化工",
        "main_business": "各種工業用合成樹脂，及其他有關化學品之製造、加工、銷售。<br>各種人造樹脂之原物料買賣及工業用合成樹脂之進出口業務。<br>玻纖強化塑膠製品之製造、加工及相關原物料之買賣進出口業務。",
        "website_url": "http://www.qualipoly.com.tw",
        "ceo": "王海城",
        "pe_ratio": 18,
        "report_year_from": 2001,
        "report_year_to": 2023,
        "age": 22,
        "eps_negative_percentage": 0,
        "eps_growth_avg": {
            "last_all": 7.93,
            "last_2y": 8.99,
            "last_4y": 1.97,
            "last_8y": 11.82,
            "last_12y": 17.3,
            "last_16y": 13.05,
            "last_20y": 7.93,
            "at_2006_last_3y": -20,
            "at_2007_last_3y": -22.62,
            "at_2008_last_3y": -31.54,
            "at_2009_last_3y": -0.75,
            "at_2010_last_3y": 23.34,
            "at_2011_last_3y": 36.58,
            "at_2012_last_3y": 59.61,
            "at_2013_last_3y": 29.63,
            "at_2014_last_3y": 21.43,
            "at_2015_last_3y": 38.63,
            "at_2016_last_3y": 19.4,
            "at_2017_last_3y": 24.13,
            "at_2018_last_3y": 13.51,
            "at_2019_last_3y": -9.89,
            "at_2020_last_3y": -5.56,
            "at_2021_last_3y": 6.46,
            "at_2022_last_3y": 6.74,
            "at_2023_last_3y": 6.74,
            "at_2006_last_all": -18.71,
            "at_2007_last_all": -20.28,
            "at_2008_last_all": -20.47,
            "at_2009_last_all": -7.28,
            "at_2010_last_all": -0.02,
            "at_2011_last_all": 2.46,
            "at_2012_last_all": 8.65,
            "at_2013_last_all": 5.02,
            "at_2014_last_all": 6.58,
            "at_2015_last_all": 12.8,
            "at_2016_last_all": 11.52,
            "at_2017_last_all": 9.8,
            "at_2018_last_all": 8.21,
            "at_2019_last_all": 7.75,
            "at_2020_last_all": 7.92,
            "at_2021_last_all": 9.13,
            "at_2022_last_all": 7.93,
            "at_2023_last_all": 7.93
        },
        "latest_eps": 2,
        "latest_price": 36.75,
        "latest_roe": 7.08,
        "latest_gross_margin": 13.12,
        "latest_equity": 2720538,
        "latest_revenue": 739835,
        "latest_gross_profit": 97087,
        "latest_net_income": 2017,
        "latest_debt_ratio": 39.04,
        "latest_current_ratio": 236.32,
        "latest_account_receivable_turnover_ratio": 1,
        "latest_inventory_turnover_ratio": 0.64,
        "latest_reinvestment_rate": 45.56,
        "latest_research_to_sale_ratio": 1.81
    },
    "eps_dividends": {
        "2000": {
            "cash": 1,
            "stock": 2,
            "eps": 0
        },
        "2001": {
            "cash": 1,
            "stock": 1,
            "eps": 2.29
        },
        "2002": {
            "cash": 1,
            "stock": 1,
            "eps": 1.98
        },
        "2003": {
            "cash": 1,
            "stock": 0,
            "eps": 1.63
        },
        "2004": {
            "cash": 1,
            "stock": 1,
            "eps": 1.86
        },
        "2005": {
            "cash": 0,
            "stock": 1,
            "eps": 1.15
        },
        "2006": {
            "cash": 1,
            "stock": 0,
            "eps": 0.71
        },
        "2007": {
            "cash": 1,
            "stock": 0,
            "eps": 0.51
        },
        "2008": {
            "cash": 1,
            "stock": 0,
            "eps": 0.4
        },
        "2009": {
            "cash": 0,
            "stock": 0,
            "eps": 0.74
        },
        "2010": {
            "cash": 0,
            "stock": 0,
            "eps": 1.17
        },
        "2011": {
            "cash": 2,
            "stock": 0,
            "eps": 1.46
        },
        "2012": {
            "cash": 0,
            "stock": 0,
            "eps": 2.49
        },
        "2013": {
            "cash": 2,
            "stock": 0,
            "eps": 1.62
        },
        "2014": {
            "cash": 1,
            "stock": 0,
            "eps": 2.03
        },
        "2015": {
            "cash": 2,
            "stock": 0,
            "eps": 3.93
        },
        "2016": {
            "cash": 3,
            "stock": 0,
            "eps": 3.68
        },
        "2017": {
            "cash": 3,
            "stock": 0,
            "eps": 3.09
        },
        "2018": {
            "cash": 2,
            "stock": 1,
            "eps": 2.56
        },
        "2019": {
            "cash": 2,
            "stock": 0,
            "eps": 2.56
        },
        "2020": {
            "cash": 2,
            "stock": 0,
            "eps": 2.84
        },
        "2021": {
            "cash": 2,
            "stock": 0,
            "eps": 3.75
        },
        "2022": {
            "cash": 2,
            "stock": 0,
            "eps": 3.15
        },
        "2023": {
            "cash": 2,
            "stock": 0,
            "eps": 0.02
        }
    },
    "dividends": {
        "2000-05-31": {
            "cash": 0.8,
            "stock": 2
        },
        "2001-04-26": {
            "cash": 0.8,
            "stock": 1
        },
        "2002-05-31": {
            "cash": 1,
            "stock": 0.5
        },
        "2003-03-07": {
            "cash": 1,
            "stock": 0.05
        },
        "2004-02-26": {
            "cash": 1,
            "stock": 0.5
        },
        "2005-03-10": {
            "cash": 0.49,
            "stock": 0.98
        },
        "2006-03-13": {
            "cash": 0.8,
            "stock": 0
        },
        "2007-04-24": {
            "cash": 0.5,
            "stock": 0
        },
        "2008-03-17": {
            "cash": 0.5,
            "stock": 0
        },
        "2009-03-18": {
            "cash": 0.3,
            "stock": 0
        },
        "2010-04-21": {
            "cash": 0.2,
            "stock": 0.4
        },
        "2011-01-01": {
            "cash": 1,
            "stock": 0
        },
        "2011-03-23": {
            "cash": 0.8,
            "stock": 0
        },
        "2013-02-27": {
            "cash": 1.5,
            "stock": 0
        },
        "2014-08-18": {
            "cash": 1.2,
            "stock": 0
        },
        "2015-08-05": {
            "cash": 1.5,
            "stock": 0
        },
        "2016-07-22": {
            "cash": 2.8,
            "stock": 0
        },
        "2017-08-04": {
            "cash": 2.5,
            "stock": 0
        },
        "2018-08-03": {
            "cash": 1.5,
            "stock": 0.5
        },
        "2019-07-12": {
            "cash": 1.8,
            "stock": 0
        },
        "2020-07-28": {
            "cash": 1.8,
            "stock": 0
        },
        "2021-08-25": {
            "cash": 2,
            "stock": 0
        },
        "2022-07-22": {
            "cash": 2.2,
            "stock": 0
        },
        "2023-03-09": {
            "cash": 1.9,
            "stock": 0
        }
    },
    "prices": {
        "200101": "無",
        "200102": "無",
        "200103": "無",
        "200104": "無",
        "200105": "無",
        "200106": "無",
        "200107": "無",
        "200108": "無",
        "200109": "無",
        "200110": "無",
        "200111": "無",
        "200112": "13.19",
        "200201": "15.62",
        "200202": "21.63",
        "200203": "19.83",
        "200204": "20.21",
        "200205": "20.07",
        "200206": "20.72",
        "200207": "19.39",
        "200208": "19.10",
        "200209": "18.64",
        "200210": "18.19",
        "200211": "19.46",
        "200212": "19.91",
        "200301": "20.31",
        "200302": "19.06",
        "200303": "18.50",
        "200304": "18.62",
        "200305": "17.16",
        "200306": "17.34",
        "200307": "16.03",
        "200308": "15.18",
        "200309": "14.58",
        "200310": "14.28",
        "200311": "14.98",
        "200312": "14.84",
        "200401": "14.92",
        "200402": "15.97",
        "200403": "16.49",
        "200404": "16.07",
        "200405": "15.21",
        "200406": "15.08",
        "200407": "14.34",
        "200408": "13.17",
        "200409": "13.54",
        "200410": "13.64",
        "200411": "13.40",
        "200412": "13.30",
        "200501": "13.46",
        "200502": "13.53",
        "200503": "13.90",
        "200504": "14.01",
        "200505": "13.45",
        "200506": "13.42",
        "200507": "12.76",
        "200508": "11.58",
        "200509": "11.60",
        "200510": "11.48",
        "200511": "11.10",
        "200512": "10.61",
        "200601": "10.00",
        "200602": "9.71",
        "200603": "9.71",
        "200604": "9.93",
        "200605": "10.18",
        "200606": "9.68",
        "200607": "9.50",
        "200608": "8.81",
        "200609": "9.16",
        "200610": "10.40",
        "200611": "10.40",
        "200612": "11.22",
        "200701": "11.85",
        "200702": "11.83",
        "200703": "11.75",
        "200704": "13.61",
        "200705": "12.52",
        "200706": "12.30",
        "200707": "13.83",
        "200708": "11.77",
        "200709": "11.10",
        "200710": "10.95",
        "200711": "10.01",
        "200712": "9.72",
        "200801": "9.25",
        "200802": "8.92",
        "200803": "9.45",
        "200804": "10.30",
        "200805": "10.36",
        "200806": "9.42",
        "200807": "8.10",
        "200808": "7.93",
        "200809": "6.71",
        "200810": "5.44",
        "200811": "5.40",
        "200812": "5.60",
        "200901": "6.40",
        "200902": "6.01",
        "200903": "6.15",
        "200904": "7.44",
        "200905": "8.04",
        "200906": "7.95",
        "200907": "8.88",
        "200908": "11.35",
        "200909": "10.97",
        "200910": "11.43",
        "200911": "11.60",
        "200912": "14.50",
        "201001": "17.34",
        "201002": "16.65",
        "201003": "19.13",
        "201004": "21.25",
        "201005": "19.12",
        "201006": "18.54",
        "201007": "18.18",
        "201008": "18.98",
        "201009": "22.48",
        "201010": "22.92",
        "201011": "20.19",
        "201012": "21.96",
        "201101": "21.98",
        "201102": "21.58",
        "201103": "21.36",
        "201104": "25.83",
        "201105": "24.17",
        "201106": "23.50",
        "201107": "24.28",
        "201108": "22.52",
        "201109": "22.04",
        "201110": "21.44",
        "201111": "21.45",
        "201112": "21.51",
        "201201": "22.66",
        "201202": "28.50",
        "201203": "28.83",
        "201204": "27.48",
        "201205": "24.96",
        "201206": "23.62",
        "201207": "25.28",
        "201208": "26.60",
        "201209": "25.78",
        "201210": "23.10",
        "201211": "21.97",
        "201212": "22.13",
        "201301": "22.54",
        "201302": "23.06",
        "201303": "23.66",
        "201304": "26.96",
        "201305": "26.28",
        "201306": "32.51",
        "201307": "29.91",
        "201308": "28.03",
        "201309": "27.92",
        "201310": "26.76",
        "201311": "26.39",
        "201312": "26.44",
        "201401": "26.99",
        "201402": "26.50",
        "201403": "26.21",
        "201404": "26.18",
        "201405": "24.83",
        "201406": "25.03",
        "201407": "24.31",
        "201408": "21.93",
        "201409": "22.44",
        "201410": "21.66",
        "201411": "22.46",
        "201412": "23.94",
        "201501": "24.95",
        "201502": "24.97",
        "201503": "26.42",
        "201504": "29.75",
        "201505": "30.14",
        "201506": "27.62",
        "201507": "26.64",
        "201508": "27.23",
        "201509": "29.16",
        "201510": "33.15",
        "201511": "32.74",
        "201512": "30.79",
        "201601": "31.73",
        "201602": "33.24",
        "201603": "34.63",
        "201604": "34.17",
        "201605": "34.41",
        "201606": "36.84",
        "201607": "36.95",
        "201608": "37.75",
        "201609": "36.24",
        "201610": "34.22",
        "201611": "33.78",
        "201612": "34.00",
        "201701": "34.75",
        "201702": "34.79",
        "201703": "34.83",
        "201704": "34.18",
        "201705": "31.85",
        "201706": "31.78",
        "201707": "30.91",
        "201708": "30.18",
        "201709": "31.51",
        "201710": "33.40",
        "201711": "33.71",
        "201712": "34.33",
        "201801": "34.47",
        "201802": "33.43",
        "201803": "33.77",
        "201804": "33.81",
        "201805": "33.68",
        "201806": "34.02",
        "201807": "32.39",
        "201808": "30.79",
        "201809": "30.17",
        "201810": "27.88",
        "201811": "27.12",
        "201812": "26.68",
        "201901": "26.57",
        "201902": "27.38",
        "201903": "29.12",
        "201904": "29.16",
        "201905": "29.30",
        "201906": "29.48",
        "201907": "27.87",
        "201908": "27.31",
        "201909": "27.39",
        "201910": "27.32",
        "201911": "27.42",
        "201912": "27.60",
        "202001": "27.31",
        "202002": "26.55",
        "202003": "25.27",
        "202004": "25.63",
        "202005": "27.20",
        "202006": "27.73",
        "202007": "25.86",
        "202008": "26.71",
        "202009": "28.09",
        "202010": "27.67",
        "202011": "27.93",
        "202012": "29.99",
        "202101": "30.81",
        "202102": "30.87",
        "202103": "33.06",
        "202104": "36.56",
        "202105": "34.20",
        "202106": "33.83",
        "202107": "36.98",
        "202108": "36.90",
        "202109": "40.70",
        "202110": "39.63",
        "202111": "42.98",
        "202112": "42.75",
        "202201": "43.42",
        "202202": "44.01",
        "202203": "43.39",
        "202204": "41.50",
        "202205": "40.68",
        "202206": "39.98",
        "202207": "34.95",
        "202208": "36.83",
        "202209": "36.42",
        "202210": "33.22",
        "202211": "33.09",
        "202212": "34.13",
        "202301": "33.75",
        "202302": "35.22",
        "202303": "35.15",
        "202304": "35.42",
        "202305": "36.53"
    },
    "quarters": {
        "20011": {
            "year_quarter": 20011,
            "year": 2001,
            "quarter": 1,
            "eps": 0.61,
            "eps_growth_year": 52.5,
            "eps_4q": 2.09,
            "eps_4q_growth_year": null,
            "roe": 3.77,
            "roe_4q": 3.77,
            "gross_profit": 59411,
            "gross_margin": 16.09,
            "gross_margin_4q_avg": 16.09,
            "net_income": 25180,
            "revenue": 369196,
            "common_shares": 411507,
            "book_valuer_per_share": 16.56,
            "book_valuer_per_share_4q_avg": 16.56,
            "equity": 681261,
            "current_ratio": 173.43,
            "debt_ratio": 43.57,
            "inventory_turnover_ratio": 1.91,
            "account_receivable_turnover_ratio": null,
            "reinvestment_rate": null,
            "research_to_sale_ratio": null,
            "price_fair": 0,
            "eps_avg_yearly": 0,
            "eps_latest_yearly": 0,
            "eps_growth_yearly": 0
        },
        "20012": {
            "year_quarter": 20012,
            "year": 2001,
            "quarter": 2,
            "eps": 0.24,
            "eps_growth_year": -60,
            "eps_4q": 1.8,
            "eps_4q_growth_year": null,
            "roe": 1.51,
            "roe_4q": 5.28,
            "gross_profit": 73907,
            "gross_margin": 18.41,
            "gross_margin_4q_avg": 17.25,
            "net_income": 10076,
            "revenue": 401533,
            "common_shares": 411507,
            "book_valuer_per_share": 15.96,
            "book_valuer_per_share_4q_avg": 16.26,
            "equity": 656860,
            "current_ratio": 169.68,
            "debt_ratio": 43.39,
            "inventory_turnover_ratio": 2.09,
            "account_receivable_turnover_ratio": null,
            "reinvestment_rate": null,
            "research_to_sale_ratio": null,
            "price_fair": 0,
            "eps_avg_yearly": 0,
            "eps_latest_yearly": 0,
            "eps_growth_yearly": 0
        },
        "20013": {
            "year_quarter": 20013,
            "year": 2001,
            "quarter": 3,
            "eps": 0.24,
            "eps_growth_year": 242.86,
            "eps_4q": 1.87,
            "eps_4q_growth_year": null,
            "roe": 1.61,
            "roe_4q": 6.890000000000001,
            "gross_profit": 76575,
            "gross_margin": 18.34,
            "gross_margin_4q_avg": 17.61,
            "net_income": 10691,
            "revenue": 417432,
            "common_shares": 452658,
            "book_valuer_per_share": 14.75,
            "book_valuer_per_share_4q_avg": 15.76,
            "equity": 667551,
            "current_ratio": 165.62,
            "debt_ratio": 43.54,
            "inventory_turnover_ratio": 2.42,
            "account_receivable_turnover_ratio": null,
            "reinvestment_rate": null,
            "research_to_sale_ratio": null,
            "price_fair": 0,
            "eps_avg_yearly": 0,
            "eps_latest_yearly": 0,
            "eps_growth_yearly": 0
        },
        "20014": {
            "year_quarter": 20014,
            "year": 2001,
            "quarter": 4,
            "eps": 1.2,
            "eps_growth_year": 31.87,
            "eps_4q": 2.21,
            "eps_4q_growth_year": 21.32,
            "roe": 7.83,
            "roe_4q": 14.719999999999999,
            "gross_profit": 69062,
            "gross_margin": 17.62,
            "gross_margin_4q_avg": 17.62,
            "net_income": 54376,
            "revenue": 391859,
            "common_shares": 452658,
            "book_valuer_per_share": 15.95,
            "book_valuer_per_share_4q_avg": 15.81,
            "equity": 721927,
            "current_ratio": 184.76,
            "debt_ratio": 43.37,
            "inventory_turnover_ratio": 2.35,
            "account_receivable_turnover_ratio": null,
            "reinvestment_rate": null,
            "research_to_sale_ratio": null,
            "price_fair": 0,
            "eps_avg_yearly": 0,
            "eps_latest_yearly": 0,
            "eps_growth_yearly": 0
        },
        "20021": {
            "year_quarter": 20021,
            "year": 2002,
            "quarter": 1,
            "eps": 0.57,
            "eps_growth_year": -6.56,
            "eps_4q": 2.22,
            "eps_4q_growth_year": 6.12,
            "roe": 3.54,
            "roe_4q": 14.49,
            "gross_profit": 65126,
            "gross_margin": 17.02,
            "gross_margin_4q_avg": 17.85,
            "net_income": 26007,
            "revenue": 382578,
            "common_shares": 452658,
            "book_valuer_per_share": 16.53,
            "book_valuer_per_share_4q_avg": 15.8,
            "equity": 748347,
            "current_ratio": 181.64,
            "debt_ratio": 42.78,
            "inventory_turnover_ratio": 2.18,
            "account_receivable_turnover_ratio": null,
            "reinvestment_rate": null,
            "research_to_sale_ratio": null,
            "price_fair": 6.84,
            "eps_avg_yearly": 2.28,
            "eps_latest_yearly": 2.28,
            "eps_growth_yearly": -210
        },
        "20022": {
            "year_quarter": 20022,
            "year": 2002,
            "quarter": 2,
            "eps": 0.5,
            "eps_growth_year": 108.33,
            "eps_4q": 2.51,
            "eps_4q_growth_year": 39.11,
            "roe": 3.09,
            "roe_4q": 16.07,
            "gross_profit": 70596,
            "gross_margin": 15.23,
            "gross_margin_4q_avg": 17.05,
            "net_income": 22695,
            "revenue": 463539,
            "common_shares": 452658,
            "book_valuer_per_share": 15.94,
            "book_valuer_per_share_4q_avg": 15.79,
            "equity": 721745,
            "current_ratio": 146.13,
            "debt_ratio": 52.48,
            "inventory_turnover_ratio": 2.38,
            "account_receivable_turnover_ratio": null,
            "reinvestment_rate": null,
            "research_to_sale_ratio": null,
            "price_fair": 6.42,
            "eps_avg_yearly": 2.14,
            "eps_latest_yearly": 2,
            "eps_growth_yearly": -129.56
        },
        "20023": {
            "year_quarter": 20023,
            "year": 2002,
            "quarter": 3,
            "eps": 0.51,
            "eps_growth_year": 112.5,
            "eps_4q": 2.67,
            "eps_4q_growth_year": 42.62,
            "roe": 3.32,
            "roe_4q": 17.78,
            "gross_profit": 65436,
            "gross_margin": 13.63,
            "gross_margin_4q_avg": 15.88,
            "net_income": 24373,
            "revenue": 480081,
            "common_shares": 475291,
            "book_valuer_per_share": 15.72,
            "book_valuer_per_share_4q_avg": 16.04,
            "equity": 747279,
            "current_ratio": 142.21,
            "debt_ratio": 50.24,
            "inventory_turnover_ratio": 2.26,
            "account_receivable_turnover_ratio": null,
            "reinvestment_rate": null,
            "research_to_sale_ratio": null,
            "price_fair": 6.32,
            "eps_avg_yearly": 2.11,
            "eps_latest_yearly": 2.04,
            "eps_growth_yearly": -83.71
        },
        "20024": {
            "year_quarter": 20024,
            "year": 2002,
            "quarter": 4,
            "eps": 0.4,
            "eps_growth_year": -66.67,
            "eps_4q": 1.92,
            "eps_4q_growth_year": -13.3,
            "roe": 2.54,
            "roe_4q": 12.489999999999998,
            "gross_profit": 64548,
            "gross_margin": 13.78,
            "gross_margin_4q_avg": 14.92,
            "net_income": 19237,
            "revenue": 468563,
            "common_shares": 475291,
            "book_valuer_per_share": 16.12,
            "book_valuer_per_share_4q_avg": 16.08,
            "equity": 766307,
            "current_ratio": 149.34,
            "debt_ratio": 46.29,
            "inventory_turnover_ratio": 2.36,
            "account_receivable_turnover_ratio": null,
            "reinvestment_rate": null,
            "research_to_sale_ratio": null,
            "price_fair": 5.94,
            "eps_avg_yearly": 1.98,
            "eps_latest_yearly": 1.6,
            "eps_growth_yearly": -84.35
        },
        "20031": {
            "year_quarter": 20031,
            "year": 2003,
            "quarter": 1,
            "eps": 0.09,
            "eps_growth_year": -84.21,
            "eps_4q": 1.44,
            "eps_4q_growth_year": -35.21,
            "roe": 0.58,
            "roe_4q": 9.53,
            "gross_profit": 48504,
            "gross_margin": 11.21,
            "gross_margin_4q_avg": 13.46,
            "net_income": 4432,
            "revenue": 432604,
            "common_shares": 475291,
            "book_valuer_per_share": 16.22,
            "book_valuer_per_share_4q_avg": 16,
            "equity": 770694,
            "current_ratio": 142.2,
            "debt_ratio": 46.06,
            "inventory_turnover_ratio": 2.33,
            "account_receivable_turnover_ratio": null,
            "reinvestment_rate": null,
            "research_to_sale_ratio": null,
            "price_fair": 4.97,
            "eps_avg_yearly": 1.66,
            "eps_latest_yearly": 0.36,
            "eps_growth_yearly": -129.48
        },
        "20032": {
            "year_quarter": 20032,
            "year": 2003,
            "quarter": 2,
            "eps": 0.95,
            "eps_growth_year": 90,
            "eps_4q": 1.96,
            "eps_4q_growth_year": -21.91,
            "roe": 5.9,
            "roe_4q": 12.34,
            "gross_profit": 49665,
            "gross_margin": 12.17,
            "gross_margin_4q_avg": 12.7,
            "net_income": 45313,
            "revenue": 408017,
            "common_shares": 475291,
            "book_valuer_per_share": 16.1,
            "book_valuer_per_share_4q_avg": 16.04,
            "equity": 765095,
            "current_ratio": 126.03,
            "debt_ratio": 48.62,
            "inventory_turnover_ratio": 2.04,
            "account_receivable_turnover_ratio": null,
            "reinvestment_rate": null,
            "research_to_sale_ratio": null,
            "price_fair": 70.47,
            "eps_avg_yearly": 2.01,
            "eps_latest_yearly": 3.8,
            "eps_growth_yearly": 529.14
        },
        "20033": {
            "year_quarter": 20033,
            "year": 2003,
            "quarter": 3,
            "eps": 0.22,
            "eps_growth_year": -56.86,
            "eps_4q": 1.61,
            "eps_4q_growth_year": -39.7,
            "roe": 1.42,
            "roe_4q": 10.440000000000001,
            "gross_profit": 54369,
            "gross_margin": 11.1,
            "gross_margin_4q_avg": 12.07,
            "net_income": 10933,
            "revenue": 489682,
            "common_shares": 499056,
            "book_valuer_per_share": 15.5,
            "book_valuer_per_share_4q_avg": 15.99,
            "equity": 773546,
            "current_ratio": 122.01,
            "debt_ratio": 49.45,
            "inventory_turnover_ratio": 2.56,
            "account_receivable_turnover_ratio": null,
            "reinvestment_rate": null,
            "research_to_sale_ratio": null,
            "price_fair": 64.8,
            "eps_avg_yearly": 1.85,
            "eps_latest_yearly": 0.88,
            "eps_growth_yearly": 409.64
        },
        "20034": {
            "year_quarter": 20034,
            "year": 2003,
            "quarter": 4,
            "eps": 0.37,
            "eps_growth_year": -7.5,
            "eps_4q": 1.6,
            "eps_4q_growth_year": -16.86,
            "roe": 2.35,
            "roe_4q": 10.25,
            "gross_profit": 63869,
            "gross_margin": 11.01,
            "gross_margin_4q_avg": 11.37,
            "net_income": 18315,
            "revenue": 580221,
            "common_shares": 499056,
            "book_valuer_per_share": 15.75,
            "book_valuer_per_share_4q_avg": 15.89,
            "equity": 786012,
            "current_ratio": 114.81,
            "debt_ratio": 50.62,
            "inventory_turnover_ratio": 2.75,
            "account_receivable_turnover_ratio": null,
            "reinvestment_rate": 89.81,
            "research_to_sale_ratio": null,
            "price_fair": 63.18,
            "eps_avg_yearly": 1.81,
            "eps_latest_yearly": 1.48,
            "eps_growth_yearly": 392.52
        },
        "20041": {
            "year_quarter": 20041,
            "year": 2004,
            "quarter": 1,
            "eps": 0.33,
            "eps_growth_year": 266.67,
            "eps_4q": 1.82,
            "eps_4q_growth_year": 27.05,
            "roe": 2.08,
            "roe_4q": 11.75,
            "gross_profit": 63269,
            "gross_margin": 12.5,
            "gross_margin_4q_avg": 11.7,
            "net_income": 16459,
            "revenue": 506191,
            "common_shares": 499056,
            "book_valuer_per_share": 16,
            "book_valuer_per_share_4q_avg": 15.84,
            "equity": 798462,
            "current_ratio": 116.66,
            "debt_ratio": 49.29,
            "inventory_turnover_ratio": 2.14,
            "account_receivable_turnover_ratio": null,
            "reinvestment_rate": 88.35,
            "research_to_sale_ratio": null,
            "price_fair": 61.29,
            "eps_avg_yearly": 1.75,
            "eps_latest_yearly": 1.32,
            "eps_growth_yearly": 344.1
        },
        "20042": {
            "year_quarter": 20042,
            "year": 2004,
            "quarter": 2,
            "eps": 0.52,
            "eps_growth_year": -45.26,
            "eps_4q": 1.4,
            "eps_4q_growth_year": -28.45,
            "roe": 3.43,
            "roe_4q": 9.28,
            "gross_profit": 74438,
            "gross_margin": 13.7,
            "gross_margin_4q_avg": 12.08,
            "net_income": 26995,
            "revenue": 543294,
            "common_shares": 499056,
            "book_valuer_per_share": 15.54,
            "book_valuer_per_share_4q_avg": 15.7,
            "equity": 775569,
            "current_ratio": 121.98,
            "debt_ratio": 54.64,
            "inventory_turnover_ratio": 2.11,
            "account_receivable_turnover_ratio": null,
            "reinvestment_rate": 86.25,
            "research_to_sale_ratio": null,
            "price_fair": 62.44,
            "eps_avg_yearly": 1.78,
            "eps_latest_yearly": 2.08,
            "eps_growth_yearly": 332.72
        },
        "20043": {
            "year_quarter": 20043,
            "year": 2004,
            "quarter": 3,
            "eps": 0.5,
            "eps_growth_year": 127.27,
            "eps_4q": 1.67,
            "eps_4q_growth_year": 3.92,
            "roe": 3.34,
            "roe_4q": 11.2,
            "gross_profit": 74054,
            "gross_margin": 12.25,
            "gross_margin_4q_avg": 12.37,
            "net_income": 26370,
            "revenue": 604528,
            "common_shares": 524009,
            "book_valuer_per_share": 15.32,
            "book_valuer_per_share_4q_avg": 15.65,
            "equity": 803005,
            "current_ratio": 139.43,
            "debt_ratio": 54.69,
            "inventory_turnover_ratio": 2.04,
            "account_receivable_turnover_ratio": null,
            "reinvestment_rate": 76.99,
            "research_to_sale_ratio": null,
            "price_fair": 63.13,
            "eps_avg_yearly": 1.8,
            "eps_latest_yearly": 2,
            "eps_growth_yearly": 301.08
        },
        "20044": {
            "year_quarter": 20044,
            "year": 2004,
            "quarter": 4,
            "eps": 0.51,
            "eps_growth_year": 37.84,
            "eps_4q": 1.83,
            "eps_4q_growth_year": 14.45,
            "roe": 3.34,
            "roe_4q": 12.19,
            "gross_profit": 90898,
            "gross_margin": 13.58,
            "gross_margin_4q_avg": 13.01,
            "net_income": 27052,
            "revenue": 669273,
            "common_shares": 525458,
            "book_valuer_per_share": 15.57,
            "book_valuer_per_share_4q_avg": 15.61,
            "equity": 818107,
            "current_ratio": 143.12,
            "debt_ratio": 54.91,
            "inventory_turnover_ratio": 2.15,
            "account_receivable_turnover_ratio": null,
            "reinvestment_rate": 73.39,
            "research_to_sale_ratio": null,
            "price_fair": 63.82,
            "eps_avg_yearly": 1.82,
            "eps_latest_yearly": 2.04,
            "eps_growth_yearly": 276.65
        },
        "20051": {
            "year_quarter": 20051,
            "year": 2005,
            "quarter": 1,
            "eps": 0.22,
            "eps_growth_year": -33.33,
            "eps_4q": 1.75,
            "eps_4q_growth_year": -4.38,
            "roe": 1.4,
            "roe_4q": 11.51,
            "gross_profit": 62787,
            "gross_margin": 10.56,
            "gross_margin_4q_avg": 12.52,
            "net_income": 11601,
            "revenue": 594541,
            "common_shares": 536327,
            "book_valuer_per_share": 15.75,
            "book_valuer_per_share_4q_avg": 15.55,
            "equity": 844777,
            "current_ratio": 153.25,
            "debt_ratio": 51.37,
            "inventory_turnover_ratio": 1.93,
            "account_receivable_turnover_ratio": null,
            "reinvestment_rate": 69.19,
            "research_to_sale_ratio": null,
            "price_fair": 61.28,
            "eps_avg_yearly": 1.75,
            "eps_latest_yearly": 0.88,
            "eps_growth_yearly": 237.88
        },
        "20052": {
            "year_quarter": 20052,
            "year": 2005,
            "quarter": 2,
            "eps": 0.21,
            "eps_growth_year": -59.62,
            "eps_4q": 1.3,
            "eps_4q_growth_year": -6.82,
            "roe": 1.49,
            "roe_4q": 9.57,
            "gross_profit": 61205,
            "gross_margin": 11.27,
            "gross_margin_4q_avg": 11.92,
            "net_income": 12471,
            "revenue": 543063,
            "common_shares": 536328,
            "book_valuer_per_share": 15.44,
            "book_valuer_per_share_4q_avg": 15.52,
            "equity": 828064,
            "current_ratio": 152.43,
            "debt_ratio": 50.24,
            "inventory_turnover_ratio": 1.71,
            "account_receivable_turnover_ratio": null,
            "reinvestment_rate": 66.9,
            "research_to_sale_ratio": null,
            "price_fair": 59,
            "eps_avg_yearly": 1.69,
            "eps_latest_yearly": 0.84,
            "eps_growth_yearly": 219.59
        },
        "20053": {
            "year_quarter": 20053,
            "year": 2005,
            "quarter": 3,
            "eps": 0.37,
            "eps_growth_year": -26,
            "eps_4q": 1.25,
            "eps_4q_growth_year": -25.19,
            "roe": 2.55,
            "roe_4q": 8.78,
            "gross_profit": 65849,
            "gross_margin": 11.59,
            "gross_margin_4q_avg": 11.75,
            "net_income": 21490,
            "revenue": 568189,
            "common_shares": 588874,
            "book_valuer_per_share": 14.51,
            "book_valuer_per_share_4q_avg": 15.32,
            "equity": 854334,
            "current_ratio": 156.33,
            "debt_ratio": 49.98,
            "inventory_turnover_ratio": 1.85,
            "account_receivable_turnover_ratio": null,
            "reinvestment_rate": 60.49,
            "research_to_sale_ratio": null,
            "price_fair": 58.52,
            "eps_avg_yearly": 1.67,
            "eps_latest_yearly": 1.48,
            "eps_growth_yearly": 225.27
        },
        "20054": {
            "year_quarter": 20054,
            "year": 2005,
            "quarter": 4,
            "eps": 0.35,
            "eps_growth_year": -31.37,
            "eps_4q": 1.12,
            "eps_4q_growth_year": -38.7,
            "roe": 2.41,
            "roe_4q": 7.85,
            "gross_profit": 64435,
            "gross_margin": 11.44,
            "gross_margin_4q_avg": 11.22,
            "net_income": 20720,
            "revenue": 563212,
            "common_shares": 588873,
            "book_valuer_per_share": 14.68,
            "book_valuer_per_share_4q_avg": 15.1,
            "equity": 864679,
            "current_ratio": 171.72,
            "debt_ratio": 48.15,
            "inventory_turnover_ratio": 1.88,
            "account_receivable_turnover_ratio": null,
            "reinvestment_rate": 53.63,
            "research_to_sale_ratio": null,
            "price_fair": 57.93,
            "eps_avg_yearly": 1.66,
            "eps_latest_yearly": 1.4,
            "eps_growth_yearly": 209.84
        },
        "20061": {
            "year_quarter": 20061,
            "year": 2006,
            "quarter": 1,
            "eps": 0.17,
            "eps_growth_year": -22.73,
            "eps_4q": 1.11,
            "eps_4q_growth_year": -36.13,
            "roe": 1.13,
            "roe_4q": 7.58,
            "gross_profit": 48899,
            "gross_margin": 9.45,
            "gross_margin_4q_avg": 10.94,
            "net_income": 9841,
            "revenue": 517270,
            "common_shares": 588873,
            "book_valuer_per_share": 14.85,
            "book_valuer_per_share_4q_avg": 14.87,
            "equity": 874613,
            "current_ratio": 177.25,
            "debt_ratio": 46.08,
            "inventory_turnover_ratio": 1.94,
            "account_receivable_turnover_ratio": null,
            "reinvestment_rate": 50.25,
            "research_to_sale_ratio": null,
            "price_fair": 54.43,
            "eps_avg_yearly": 1.56,
            "eps_latest_yearly": 0.68,
            "eps_growth_yearly": 210.1
        },
        "20062": {
            "year_quarter": 20062,
            "year": 2006,
            "quarter": 2,
            "eps": 0.26,
            "eps_growth_year": 23.81,
            "eps_4q": 1.15,
            "eps_4q_growth_year": -11.95,
            "roe": 1.77,
            "roe_4q": 7.86,
            "gross_profit": 51904,
            "gross_margin": 9.7,
            "gross_margin_4q_avg": 10.55,
            "net_income": 15224,
            "revenue": 535342,
            "common_shares": 588873,
            "book_valuer_per_share": 14.3,
            "book_valuer_per_share_4q_avg": 14.59,
            "equity": 842049,
            "current_ratio": 124.75,
            "debt_ratio": 49.66,
            "inventory_turnover_ratio": 2.02,
            "account_receivable_turnover_ratio": null,
            "reinvestment_rate": 36.33,
            "research_to_sale_ratio": null,
            "price_fair": 52.33,
            "eps_avg_yearly": 1.5,
            "eps_latest_yearly": 1.04,
            "eps_growth_yearly": 226.41
        },
        "20063": {
            "year_quarter": 20063,
            "year": 2006,
            "quarter": 3,
            "eps": 0.23,
            "eps_growth_year": -37.84,
            "eps_4q": 1.02,
            "eps_4q_growth_year": -18.53,
            "roe": 1.57,
            "roe_4q": 6.88,
            "gross_profit": 51857,
            "gross_margin": 8.47,
            "gross_margin_4q_avg": 9.77,
            "net_income": 13355,
            "revenue": 611911,
            "common_shares": 588873,
            "book_valuer_per_share": 14.6,
            "book_valuer_per_share_4q_avg": 14.61,
            "equity": 859783,
            "current_ratio": 121.22,
            "debt_ratio": 53.22,
            "inventory_turnover_ratio": 2.23,
            "account_receivable_turnover_ratio": null,
            "reinvestment_rate": 21.23,
            "research_to_sale_ratio": null,
            "price_fair": 49.88,
            "eps_avg_yearly": 1.43,
            "eps_latest_yearly": 0.92,
            "eps_growth_yearly": 223.02
        },
        "20064": {
            "year_quarter": 20064,
            "year": 2006,
            "quarter": 4,
            "eps": 0.05,
            "eps_growth_year": -85.71,
            "eps_4q": 0.67,
            "eps_4q_growth_year": -39.95,
            "roe": 0.36,
            "roe_4q": 4.83,
            "gross_profit": 59936,
            "gross_margin": 9.12,
            "gross_margin_4q_avg": 9.19,
            "net_income": 3087,
            "revenue": 657301,
            "common_shares": 588873,
            "book_valuer_per_share": 14.58,
            "book_valuer_per_share_4q_avg": 14.58,
            "equity": 858289,
            "current_ratio": 112.5,
            "debt_ratio": 61.87,
            "inventory_turnover_ratio": 1.99,
            "account_receivable_turnover_ratio": null,
            "reinvestment_rate": 60.71,
            "research_to_sale_ratio": null,
            "price_fair": 46.81,
            "eps_avg_yearly": 1.34,
            "eps_latest_yearly": 0.2,
            "eps_growth_yearly": 208.85
        },
        "20071": {
            "year_quarter": 20071,
            "year": 2007,
            "quarter": 1,
            "eps": -0.04,
            "eps_growth_year": -123.53,
            "eps_4q": 0.54,
            "eps_4q_growth_year": -51.24,
            "roe": -0.25,
            "roe_4q": 3.45,
            "gross_profit": 42996,
            "gross_margin": 7.13,
            "gross_margin_4q_avg": 8.61,
            "net_income": -2171,
            "revenue": 602646,
            "common_shares": 588873,
            "book_valuer_per_share": 14.63,
            "book_valuer_per_share_4q_avg": 14.53,
            "equity": 861428,
            "current_ratio": 129.14,
            "debt_ratio": 52.86,
            "inventory_turnover_ratio": 1.81,
            "account_receivable_turnover_ratio": null,
            "reinvestment_rate": 3.97,
            "research_to_sale_ratio": null,
            "price_fair": 49.09,
            "eps_avg_yearly": 1.4,
            "eps_latest_yearly": 0.2,
            "eps_growth_yearly": 243.44
        },
        "20072": {
            "year_quarter": 20072,
            "year": 2007,
            "quarter": 2,
            "eps": 0.05,
            "eps_growth_year": -80.77,
            "eps_4q": 0.3,
            "eps_4q_growth_year": -74.25,
            "roe": 0.34,
            "roe_4q": 2.02,
            "gross_profit": 49346,
            "gross_margin": 7.54,
            "gross_margin_4q_avg": 8.07,
            "net_income": 2903,
            "revenue": 654043,
            "common_shares": 588873,
            "book_valuer_per_share": 14.4,
            "book_valuer_per_share_4q_avg": 14.55,
            "equity": 847995,
            "current_ratio": 120.69,
            "debt_ratio": 54.15,
            "inventory_turnover_ratio": 2.27,
            "account_receivable_turnover_ratio": null,
            "reinvestment_rate": -23.06,
            "research_to_sale_ratio": null,
            "price_fair": 3.69,
            "eps_avg_yearly": 1.23,
            "eps_latest_yearly": 0.2,
            "eps_growth_yearly": -12.19
        },
        "20073": {
            "year_quarter": 20073,
            "year": 2007,
            "quarter": 3,
            "eps": 0.16,
            "eps_growth_year": -30.43,
            "eps_4q": 0.23,
            "eps_4q_growth_year": -77.79,
            "roe": 1.07,
            "roe_4q": 1.52,
            "gross_profit": 60563,
            "gross_margin": 9.49,
            "gross_margin_4q_avg": 8.32,
            "net_income": 9225,
            "revenue": 638201,
            "common_shares": 602206,
            "book_valuer_per_share": 14.55,
            "book_valuer_per_share_4q_avg": 14.54,
            "equity": 876022,
            "current_ratio": 123.83,
            "debt_ratio": 51.29,
            "inventory_turnover_ratio": 2.09,
            "account_receivable_turnover_ratio": null,
            "reinvestment_rate": -26.46,
            "research_to_sale_ratio": null,
            "price_fair": 42.5,
            "eps_avg_yearly": 1.21,
            "eps_latest_yearly": 0.64,
            "eps_growth_yearly": 72.63
        },
        "20074": {
            "year_quarter": 20074,
            "year": 2007,
            "quarter": 4,
            "eps": 0.34,
            "eps_growth_year": 580,
            "eps_4q": 0.51,
            "eps_4q_growth_year": -24.14,
            "roe": 2.24,
            "roe_4q": 3.4000000000000004,
            "gross_profit": 69520,
            "gross_margin": 10.39,
            "gross_margin_4q_avg": 8.64,
            "net_income": 19911,
            "revenue": 669206,
            "common_shares": 617469,
            "book_valuer_per_share": 14.57,
            "book_valuer_per_share_4q_avg": 14.54,
            "equity": 899472,
            "current_ratio": 113.61,
            "debt_ratio": 59.51,
            "inventory_turnover_ratio": 1.7,
            "account_receivable_turnover_ratio": null,
            "reinvestment_rate": 40.61,
            "research_to_sale_ratio": null,
            "price_fair": 42.2,
            "eps_avg_yearly": 1.21,
            "eps_latest_yearly": 1.36,
            "eps_growth_yearly": 85.29
        },
        "20081": {
            "year_quarter": 20081,
            "year": 2008,
            "quarter": 1,
            "eps": -0.25,
            "eps_growth_year": null,
            "eps_4q": 0.27,
            "eps_4q_growth_year": -50.13,
            "roe": -1.74,
            "roe_4q": 1.9100000000000004,
            "gross_profit": 63768,
            "gross_margin": 7.76,
            "gross_margin_4q_avg": 8.8,
            "net_income": -15373,
            "revenue": 821701,
            "common_shares": 617469,
            "book_valuer_per_share": 14.11,
            "book_valuer_per_share_4q_avg": 14.41,
            "equity": 871494,
            "current_ratio": 107.35,
            "debt_ratio": 60,
            "inventory_turnover_ratio": 1.83,
            "account_receivable_turnover_ratio": null,
            "reinvestment_rate": 40.38,
            "research_to_sale_ratio": null,
            "price_fair": 41.89,
            "eps_avg_yearly": 1.2,
            "eps_latest_yearly": 1.36,
            "eps_growth_yearly": 95.18
        },
        "20082": {
            "year_quarter": 20082,
            "year": 2008,
            "quarter": 2,
            "eps": 0.08,
            "eps_growth_year": 60,
            "eps_4q": 0.3,
            "eps_4q_growth_year": 0.78,
            "roe": 0.59,
            "roe_4q": 2.16,
            "gross_profit": 73557,
            "gross_margin": 8.05,
            "gross_margin_4q_avg": 8.92,
            "net_income": 5048,
            "revenue": 914138,
            "common_shares": 617469,
            "book_valuer_per_share": 13.75,
            "book_valuer_per_share_4q_avg": 14.25,
            "equity": 848782,
            "current_ratio": 111.53,
            "debt_ratio": 62.06,
            "inventory_turnover_ratio": 1.84,
            "account_receivable_turnover_ratio": null,
            "reinvestment_rate": 37.84,
            "research_to_sale_ratio": null,
            "price_fair": 39.32,
            "eps_avg_yearly": 1.12,
            "eps_latest_yearly": 1.36,
            "eps_growth_yearly": 83.91
        },
        "20083": {
            "year_quarter": 20083,
            "year": 2008,
            "quarter": 3,
            "eps": 0.46,
            "eps_growth_year": 187.5,
            "eps_4q": 0.62,
            "eps_4q_growth_year": 173.13,
            "roe": 3.21,
            "roe_4q": 4.3,
            "gross_profit": 67988,
            "gross_margin": 8.78,
            "gross_margin_4q_avg": 8.75,
            "net_income": 27922,
            "revenue": 774355,
            "common_shares": 617469,
            "book_valuer_per_share": 14.46,
            "book_valuer_per_share_4q_avg": 14.22,
            "equity": 892727,
            "current_ratio": 121.71,
            "debt_ratio": 55.91,
            "inventory_turnover_ratio": 1.55,
            "account_receivable_turnover_ratio": null,
            "reinvestment_rate": 34.54,
            "research_to_sale_ratio": null,
            "price_fair": 38.85,
            "eps_avg_yearly": 1.11,
            "eps_latest_yearly": 1.84,
            "eps_growth_yearly": 243.53
        },
        "20084": {
            "year_quarter": 20084,
            "year": 2008,
            "quarter": 4,
            "eps": 0.11,
            "eps_growth_year": -67.65,
            "eps_4q": 0.39,
            "eps_4q_growth_year": -22.73,
            "roe": 0.76,
            "roe_4q": 2.8199999999999994,
            "gross_profit": 74899,
            "gross_margin": 11.59,
            "gross_margin_4q_avg": 9.05,
            "net_income": 6813,
            "revenue": 646154,
            "common_shares": 607469,
            "book_valuer_per_share": 14.86,
            "book_valuer_per_share_4q_avg": 14.3,
            "equity": 902520,
            "current_ratio": 129.68,
            "debt_ratio": 51.64,
            "inventory_turnover_ratio": 1.59,
            "account_receivable_turnover_ratio": 2.47,
            "reinvestment_rate": 34.46,
            "research_to_sale_ratio": null,
            "price_fair": 34.18,
            "eps_avg_yearly": 0.98,
            "eps_latest_yearly": 0.44,
            "eps_growth_yearly": 217.5
        },
        "20091": {
            "year_quarter": 20091,
            "year": 2009,
            "quarter": 1,
            "eps": 0.03,
            "eps_growth_year": null,
            "eps_4q": 0.82,
            "eps_4q_growth_year": 204.06,
            "roe": 0.17,
            "roe_4q": 4.7299999999999995,
            "gross_profit": 51650,
            "gross_margin": 10.64,
            "gross_margin_4q_avg": 9.77,
            "net_income": 1503,
            "revenue": 485292,
            "common_shares": 607469,
            "book_valuer_per_share": 14.98,
            "book_valuer_per_share_4q_avg": 14.51,
            "equity": 910178,
            "current_ratio": 130.34,
            "debt_ratio": 49.97,
            "inventory_turnover_ratio": 1.46,
            "account_receivable_turnover_ratio": 1.01,
            "reinvestment_rate": 44.1,
            "research_to_sale_ratio": null,
            "price_fair": 31.97,
            "eps_avg_yearly": 0.91,
            "eps_latest_yearly": 0.12,
            "eps_growth_yearly": 212.21
        },
        "20092": {
            "year_quarter": 20092,
            "year": 2009,
            "quarter": 2,
            "eps": 0.19,
            "eps_growth_year": 137.5,
            "eps_4q": 0.78,
            "eps_4q_growth_year": 160.75,
            "roe": 1.3,
            "roe_4q": 5.4399999999999995,
            "gross_profit": 70364,
            "gross_margin": 11.82,
            "gross_margin_4q_avg": 10.71,
            "net_income": 11723,
            "revenue": 595246,
            "common_shares": 607469,
            "book_valuer_per_share": 14.71,
            "book_valuer_per_share_4q_avg": 14.75,
            "equity": 893403,
            "current_ratio": 138.45,
            "debt_ratio": 46.58,
            "inventory_turnover_ratio": 1.81,
            "account_receivable_turnover_ratio": 1.3,
            "reinvestment_rate": 32.61,
            "research_to_sale_ratio": null,
            "price_fair": 31.73,
            "eps_avg_yearly": 0.91,
            "eps_latest_yearly": 0.76,
            "eps_growth_yearly": 391.51
        },
        "20093": {
            "year_quarter": 20093,
            "year": 2009,
            "quarter": 3,
            "eps": 0.26,
            "eps_growth_year": -43.48,
            "eps_4q": 0.6,
            "eps_4q_growth_year": -2.48,
            "roe": 1.69,
            "roe_4q": 3.92,
            "gross_profit": 72595,
            "gross_margin": 11.13,
            "gross_margin_4q_avg": 11.3,
            "net_income": 15209,
            "revenue": 652081,
            "common_shares": 607469,
            "book_valuer_per_share": 14.88,
            "book_valuer_per_share_4q_avg": 14.86,
            "equity": 903694,
            "current_ratio": 135.49,
            "debt_ratio": 47.68,
            "inventory_turnover_ratio": 1.94,
            "account_receivable_turnover_ratio": 1.31,
            "reinvestment_rate": 25.06,
            "research_to_sale_ratio": null,
            "price_fair": 30.45,
            "eps_avg_yearly": 0.87,
            "eps_latest_yearly": 1.04,
            "eps_growth_yearly": 378.39
        },
        "20094": {
            "year_quarter": 20094,
            "year": 2009,
            "quarter": 4,
            "eps": 0.26,
            "eps_growth_year": 136.36,
            "eps_4q": 0.74,
            "eps_4q_growth_year": 87.34,
            "roe": 1.69,
            "roe_4q": 4.85,
            "gross_profit": 83482,
            "gross_margin": 11.99,
            "gross_margin_4q_avg": 11.4,
            "net_income": 15389,
            "revenue": 696070,
            "common_shares": 607469,
            "book_valuer_per_share": 15.4,
            "book_valuer_per_share_4q_avg": 14.99,
            "equity": 914310,
            "current_ratio": 133.85,
            "debt_ratio": 47.32,
            "inventory_turnover_ratio": 1.96,
            "account_receivable_turnover_ratio": 2.5,
            "reinvestment_rate": 307,
            "research_to_sale_ratio": null,
            "price_fair": 29.4,
            "eps_avg_yearly": 0.84,
            "eps_latest_yearly": 1.04,
            "eps_growth_yearly": 380.19
        },
        "20101": {
            "year_quarter": 20101,
            "year": 2010,
            "quarter": 1,
            "eps": 0.05,
            "eps_growth_year": 66.67,
            "eps_4q": 0.76,
            "eps_4q_growth_year": -7.91,
            "roe": 0.3,
            "roe_4q": 4.9799999999999995,
            "gross_profit": 57891,
            "gross_margin": 8.75,
            "gross_margin_4q_avg": 10.92,
            "net_income": 2723,
            "revenue": 661521,
            "common_shares": 607469,
            "book_valuer_per_share": 15.42,
            "book_valuer_per_share_4q_avg": 15.1,
            "equity": 915180,
            "current_ratio": 128.06,
            "debt_ratio": 49.17,
            "inventory_turnover_ratio": 1.73,
            "account_receivable_turnover_ratio": 1.18,
            "reinvestment_rate": 325.35,
            "research_to_sale_ratio": 0.86,
            "price_fair": 28,
            "eps_avg_yearly": 0.8,
            "eps_latest_yearly": 0.2,
            "eps_growth_yearly": 370.41
        },
        "20102": {
            "year_quarter": 20102,
            "year": 2010,
            "quarter": 2,
            "eps": 0.26,
            "eps_growth_year": 39.08,
            "eps_4q": 0.8,
            "eps_4q_growth_year": 3.44,
            "roe": 1.76,
            "roe_4q": 5.4399999999999995,
            "gross_profit": 88871,
            "gross_margin": 10.28,
            "gross_margin_4q_avg": 10.54,
            "net_income": 16312,
            "revenue": 864441,
            "common_shares": 607469,
            "book_valuer_per_share": 15.8,
            "book_valuer_per_share_4q_avg": 15.38,
            "equity": 937751,
            "current_ratio": 138.12,
            "debt_ratio": 56.74,
            "inventory_turnover_ratio": 1.98,
            "account_receivable_turnover_ratio": 1.36,
            "reinvestment_rate": 338.83,
            "research_to_sale_ratio": 0.7,
            "price_fair": 28,
            "eps_avg_yearly": 0.8,
            "eps_latest_yearly": 1.04,
            "eps_growth_yearly": 492.76
        },
        "20103": {
            "year_quarter": 20103,
            "year": 2010,
            "quarter": 3,
            "eps": 0.24,
            "eps_growth_year": -7.62,
            "eps_4q": 0.73,
            "eps_4q_growth_year": 21.88,
            "roe": 1.66,
            "roe_4q": 5.41,
            "gross_profit": 97353,
            "gross_margin": 11.66,
            "gross_margin_4q_avg": 10.67,
            "net_income": 16729,
            "revenue": 834612,
            "common_shares": 710462,
            "book_valuer_per_share": 15.43,
            "book_valuer_per_share_4q_avg": 15.51,
            "equity": 1074446,
            "current_ratio": 139.05,
            "debt_ratio": 50.19,
            "inventory_turnover_ratio": 1.78,
            "account_receivable_turnover_ratio": 1.18,
            "reinvestment_rate": 330.66,
            "research_to_sale_ratio": 0.57,
            "price_fair": 28.12,
            "eps_avg_yearly": 0.8,
            "eps_latest_yearly": 0.96,
            "eps_growth_yearly": 494.05
        },
        "20104": {
            "year_quarter": 20104,
            "year": 2010,
            "quarter": 4,
            "eps": 0.62,
            "eps_growth_year": 140.14,
            "eps_4q": 1.13,
            "eps_4q_growth_year": 52.4,
            "roe": 4.06,
            "roe_4q": 7.779999999999999,
            "gross_profit": 95726,
            "gross_margin": 10.23,
            "gross_margin_4q_avg": 10.23,
            "net_income": 44584,
            "revenue": 935430,
            "common_shares": 727991,
            "book_valuer_per_share": 15.68,
            "book_valuer_per_share_4q_avg": 15.58,
            "equity": 1119748,
            "current_ratio": 140.67,
            "debt_ratio": 49.29,
            "inventory_turnover_ratio": 1.92,
            "account_receivable_turnover_ratio": 1.32,
            "reinvestment_rate": 222.2,
            "research_to_sale_ratio": 0.52,
            "price_fair": 34.77,
            "eps_avg_yearly": 0.99,
            "eps_latest_yearly": 2.48,
            "eps_growth_yearly": 572.91
        },
        "20111": {
            "year_quarter": 20111,
            "year": 2011,
            "quarter": 1,
            "eps": 0.2,
            "eps_growth_year": 300,
            "eps_4q": 1.29,
            "eps_4q_growth_year": 69.49,
            "roe": 1.27,
            "roe_4q": 8.75,
            "gross_profit": 84304,
            "gross_margin": 9.12,
            "gross_margin_4q_avg": 10.32,
            "net_income": 14346,
            "revenue": 924469,
            "common_shares": 728968,
            "book_valuer_per_share": 15.92,
            "book_valuer_per_share_4q_avg": 15.71,
            "equity": 1138007,
            "current_ratio": 132.96,
            "debt_ratio": 50.56,
            "inventory_turnover_ratio": 1.76,
            "account_receivable_turnover_ratio": 1.25,
            "reinvestment_rate": 310.66,
            "research_to_sale_ratio": 0.54,
            "price_fair": 34.25,
            "eps_avg_yearly": 0.98,
            "eps_latest_yearly": 0.8,
            "eps_growth_yearly": 508
        },
        "20112": {
            "year_quarter": 20112,
            "year": 2011,
            "quarter": 2,
            "eps": 0.27,
            "eps_growth_year": 1.84,
            "eps_4q": 1.31,
            "eps_4q_growth_year": 63.52,
            "roe": 1.73,
            "roe_4q": 8.719999999999999,
            "gross_profit": 101521,
            "gross_margin": 9.91,
            "gross_margin_4q_avg": 10.23,
            "net_income": 19472,
            "revenue": 1024598,
            "common_shares": 737474,
            "book_valuer_per_share": 15.37,
            "book_valuer_per_share_4q_avg": 15.6,
            "equity": 1112435,
            "current_ratio": 121.19,
            "debt_ratio": 53.11,
            "inventory_turnover_ratio": 1.85,
            "account_receivable_turnover_ratio": 1.3,
            "reinvestment_rate": 316.68,
            "research_to_sale_ratio": 0.48,
            "price_fair": 34.5,
            "eps_avg_yearly": 0.99,
            "eps_latest_yearly": 1.08,
            "eps_growth_yearly": 481.71
        },
        "20113": {
            "year_quarter": 20113,
            "year": 2011,
            "quarter": 3,
            "eps": 0.65,
            "eps_growth_year": 169.4,
            "eps_4q": 1.72,
            "eps_4q_growth_year": 133.87,
            "roe": 4.11,
            "roe_4q": 11.169999999999998,
            "gross_profit": 98390,
            "gross_margin": 9.26,
            "gross_margin_4q_avg": 9.63,
            "net_income": 47389,
            "revenue": 1063017,
            "common_shares": 746339,
            "book_valuer_per_share": 16.32,
            "book_valuer_per_share_4q_avg": 15.82,
            "equity": 1195258,
            "current_ratio": 119.73,
            "debt_ratio": 52.41,
            "inventory_turnover_ratio": 1.91,
            "account_receivable_turnover_ratio": 1.28,
            "reinvestment_rate": 308.33,
            "research_to_sale_ratio": 0.47,
            "price_fair": 39.4,
            "eps_avg_yearly": 1.13,
            "eps_latest_yearly": 2.6,
            "eps_growth_yearly": 459.07
        },
        "20114": {
            "year_quarter": 20114,
            "year": 2011,
            "quarter": 4,
            "eps": 0.34,
            "eps_growth_year": -46.07,
            "eps_4q": 1.45,
            "eps_4q_growth_year": 28.46,
            "roe": 2.05,
            "roe_4q": 9.16,
            "gross_profit": 124559,
            "gross_margin": 11.26,
            "gross_margin_4q_avg": 9.89,
            "net_income": 24661,
            "revenue": 1106368,
            "common_shares": 746339,
            "book_valuer_per_share": 16.52,
            "book_valuer_per_share_4q_avg": 16.03,
            "equity": 1209857,
            "current_ratio": 120.54,
            "debt_ratio": 54.68,
            "inventory_turnover_ratio": 1.83,
            "account_receivable_turnover_ratio": 1.26,
            "reinvestment_rate": 261.34,
            "research_to_sale_ratio": 0.55,
            "price_fair": 39.4,
            "eps_avg_yearly": 1.13,
            "eps_latest_yearly": 1.36,
            "eps_growth_yearly": 413.3
        },
        "20121": {
            "year_quarter": 20121,
            "year": 2012,
            "quarter": 1,
            "eps": 0.31,
            "eps_growth_year": 55,
            "eps_4q": 1.56,
            "eps_4q_growth_year": 21.18,
            "roe": 1.86,
            "roe_4q": 9.75,
            "gross_profit": 116659,
            "gross_margin": 10.16,
            "gross_margin_4q_avg": 10.15,
            "net_income": 22646,
            "revenue": 1148552,
            "common_shares": 732469,
            "book_valuer_per_share": 16.73,
            "book_valuer_per_share_4q_avg": 16.24,
            "equity": 1225698,
            "current_ratio": 122.61,
            "debt_ratio": 56.87,
            "inventory_turnover_ratio": 1.75,
            "account_receivable_turnover_ratio": 1.21,
            "reinvestment_rate": 226.68,
            "research_to_sale_ratio": 0.5,
            "price_fair": 39.67,
            "eps_avg_yearly": 1.13,
            "eps_latest_yearly": 1.24,
            "eps_growth_yearly": 383.39
        },
        "20122": {
            "year_quarter": 20122,
            "year": 2012,
            "quarter": 2,
            "eps": 0.47,
            "eps_growth_year": 74.7,
            "eps_4q": 1.76,
            "eps_4q_growth_year": 34.09,
            "roe": 2.85,
            "roe_4q": 10.870000000000001,
            "gross_profit": 150269,
            "gross_margin": 11.85,
            "gross_margin_4q_avg": 10.63,
            "net_income": 34438,
            "revenue": 1268413,
            "common_shares": 732469,
            "book_valuer_per_share": 16.23,
            "book_valuer_per_share_4q_avg": 16.45,
            "equity": 1189116,
            "current_ratio": 120.1,
            "debt_ratio": 59.36,
            "inventory_turnover_ratio": 1.77,
            "account_receivable_turnover_ratio": 1.21,
            "reinvestment_rate": 209.72,
            "research_to_sale_ratio": 0.53,
            "price_fair": 41.3,
            "eps_avg_yearly": 1.18,
            "eps_latest_yearly": 1.88,
            "eps_growth_yearly": 372.33
        },
        "20123": {
            "year_quarter": 20123,
            "year": 2012,
            "quarter": 3,
            "eps": 0.72,
            "eps_growth_year": 11.87,
            "eps_4q": 1.84,
            "eps_4q_growth_year": 7.13,
            "roe": 4.37,
            "roe_4q": 11.129999999999999,
            "gross_profit": 157801,
            "gross_margin": 12.68,
            "gross_margin_4q_avg": 11.49,
            "net_income": 53020,
            "revenue": 1244715,
            "common_shares": 732469,
            "book_valuer_per_share": 16.89,
            "book_valuer_per_share_4q_avg": 16.59,
            "equity": 1236787,
            "current_ratio": 114.88,
            "debt_ratio": 59.09,
            "inventory_turnover_ratio": 1.68,
            "account_receivable_turnover_ratio": 1.13,
            "reinvestment_rate": 227.98,
            "research_to_sale_ratio": 0.52,
            "price_fair": 43.58,
            "eps_avg_yearly": 1.25,
            "eps_latest_yearly": 2.88,
            "eps_growth_yearly": 266.88
        },
        "20124": {
            "year_quarter": 20124,
            "year": 2012,
            "quarter": 4,
            "eps": 0.99,
            "eps_growth_year": 194.66,
            "eps_4q": 2.5,
            "eps_4q_growth_year": 72.63,
            "roe": 5.7,
            "roe_4q": 14.78,
            "gross_profit": 131463,
            "gross_margin": 11,
            "gross_margin_4q_avg": 11.42,
            "net_income": 72673,
            "revenue": 1194705,
            "common_shares": 732469,
            "book_valuer_per_share": 17.92,
            "book_valuer_per_share_4q_avg": 16.94,
            "equity": 1312728,
            "current_ratio": 118.65,
            "debt_ratio": 56.43,
            "inventory_turnover_ratio": 1.62,
            "account_receivable_turnover_ratio": 1.13,
            "reinvestment_rate": 192.35,
            "research_to_sale_ratio": 0.65,
            "price_fair": 51.28,
            "eps_avg_yearly": 1.47,
            "eps_latest_yearly": 3.96,
            "eps_growth_yearly": 295.28
        },
        "20131": {
            "year_quarter": 20131,
            "year": 2013,
            "quarter": 1,
            "eps": 0.44,
            "eps_growth_year": 41.94,
            "eps_4q": 2.21,
            "eps_4q_growth_year": 42.08,
            "roe": 2.34,
            "roe_4q": 15.26,
            "gross_profit": 131440,
            "gross_margin": 11.39,
            "gross_margin_4q_avg": 11.73,
            "net_income": 35299,
            "revenue": 1153518,
            "common_shares": 882469,
            "book_valuer_per_share": 19.28,
            "book_valuer_per_share_4q_avg": 17.58,
            "equity": 1701578,
            "current_ratio": 142.95,
            "debt_ratio": 46.9,
            "inventory_turnover_ratio": 1.5,
            "account_receivable_turnover_ratio": 1.12,
            "reinvestment_rate": 110.27,
            "research_to_sale_ratio": 0.71,
            "price_fair": 54.86,
            "eps_avg_yearly": 1.57,
            "eps_latest_yearly": 1.76,
            "eps_growth_yearly": 299.57
        },
        "20132": {
            "year_quarter": 20132,
            "year": 2013,
            "quarter": 2,
            "eps": 0.28,
            "eps_growth_year": -40.45,
            "eps_4q": 2.1,
            "eps_4q_growth_year": 19.38,
            "roe": 1.48,
            "roe_4q": 13.89,
            "gross_profit": 141290,
            "gross_margin": 11.51,
            "gross_margin_4q_avg": 11.65,
            "net_income": 24745,
            "revenue": 1227817,
            "common_shares": 882469,
            "book_valuer_per_share": 18.54,
            "book_valuer_per_share_4q_avg": 18.16,
            "equity": 1635732,
            "current_ratio": 129.78,
            "debt_ratio": 50.49,
            "inventory_turnover_ratio": 1.5,
            "account_receivable_turnover_ratio": 1.19,
            "reinvestment_rate": 121.53,
            "research_to_sale_ratio": 0.71,
            "price_fair": 55.65,
            "eps_avg_yearly": 1.59,
            "eps_latest_yearly": 1.12,
            "eps_growth_yearly": 157.15
        },
        "20133": {
            "year_quarter": 20133,
            "year": 2013,
            "quarter": 3,
            "eps": 0.48,
            "eps_growth_year": -33.69,
            "eps_4q": 1.99,
            "eps_4q_growth_year": 8.04,
            "roe": 2.59,
            "roe_4q": 12.11,
            "gross_profit": 146126,
            "gross_margin": 12.06,
            "gross_margin_4q_avg": 11.49,
            "net_income": 42695,
            "revenue": 1212067,
            "common_shares": 882469,
            "book_valuer_per_share": 18.85,
            "book_valuer_per_share_4q_avg": 18.65,
            "equity": 1663154,
            "current_ratio": 138.41,
            "debt_ratio": 49.03,
            "inventory_turnover_ratio": 1.42,
            "account_receivable_turnover_ratio": 1.18,
            "reinvestment_rate": 110.99,
            "research_to_sale_ratio": 0.66,
            "price_fair": 57.58,
            "eps_avg_yearly": 1.65,
            "eps_latest_yearly": 1.92,
            "eps_growth_yearly": 165.79
        },
        "20134": {
            "year_quarter": 20134,
            "year": 2013,
            "quarter": 4,
            "eps": 0.42,
            "eps_growth_year": -57.4,
            "eps_4q": 1.59,
            "eps_4q_growth_year": -36.41,
            "roe": 2.21,
            "roe_4q": 8.62,
            "gross_profit": 135792,
            "gross_margin": 10.74,
            "gross_margin_4q_avg": 11.43,
            "net_income": 37299,
            "revenue": 1264777,
            "common_shares": 882469,
            "book_valuer_per_share": 19.32,
            "book_valuer_per_share_4q_avg": 19,
            "equity": 1704886,
            "current_ratio": 142.6,
            "debt_ratio": 47.21,
            "inventory_turnover_ratio": 1.52,
            "account_receivable_turnover_ratio": 1.22,
            "reinvestment_rate": 29.83,
            "research_to_sale_ratio": 0.62,
            "price_fair": 58.98,
            "eps_avg_yearly": 1.69,
            "eps_latest_yearly": 1.68,
            "eps_growth_yearly": 162.67
        },
        "20141": {
            "year_quarter": 20141,
            "year": 2014,
            "quarter": 1,
            "eps": 0.26,
            "eps_growth_year": -40.91,
            "eps_4q": 1.45,
            "eps_4q_growth_year": -34.61,
            "roe": 1.34,
            "roe_4q": 7.619999999999999,
            "gross_profit": 117669,
            "gross_margin": 10.52,
            "gross_margin_4q_avg": 11.21,
            "net_income": 23060,
            "revenue": 1118631,
            "common_shares": 882469,
            "book_valuer_per_share": 19.56,
            "book_valuer_per_share_4q_avg": 19.07,
            "equity": 1726328,
            "current_ratio": 145.57,
            "debt_ratio": 45.89,
            "inventory_turnover_ratio": 1.39,
            "account_receivable_turnover_ratio": 1.06,
            "reinvestment_rate": 26.98,
            "research_to_sale_ratio": 0.72,
            "price_fair": 60.81,
            "eps_avg_yearly": 1.74,
            "eps_latest_yearly": 1.04,
            "eps_growth_yearly": 173.34
        },
        "20142": {
            "year_quarter": 20142,
            "year": 2014,
            "quarter": 2,
            "eps": 0.3,
            "eps_growth_year": 7.14,
            "eps_4q": 1.46,
            "eps_4q_growth_year": -30.47,
            "roe": 1.55,
            "roe_4q": 7.6899999999999995,
            "gross_profit": 146218,
            "gross_margin": 11.77,
            "gross_margin_4q_avg": 11.27,
            "net_income": 26096,
            "revenue": 1241914,
            "common_shares": 882469,
            "book_valuer_per_share": 18.61,
            "book_valuer_per_share_4q_avg": 19.09,
            "equity": 1642530,
            "current_ratio": 136.03,
            "debt_ratio": 48.91,
            "inventory_turnover_ratio": 1.53,
            "account_receivable_turnover_ratio": 1.16,
            "reinvestment_rate": 22.45,
            "research_to_sale_ratio": 0.7,
            "price_fair": 61.16,
            "eps_avg_yearly": 1.75,
            "eps_latest_yearly": 1.2,
            "eps_growth_yearly": 72.18
        },
        "20143": {
            "year_quarter": 20143,
            "year": 2014,
            "quarter": 3,
            "eps": 0.65,
            "eps_growth_year": 35.42,
            "eps_4q": 1.63,
            "eps_4q_growth_year": -18,
            "roe": 3.42,
            "roe_4q": 8.52,
            "gross_profit": 151863,
            "gross_margin": 11.79,
            "gross_margin_4q_avg": 11.21,
            "net_income": 57383,
            "revenue": 1288096,
            "common_shares": 882469,
            "book_valuer_per_share": 19.4,
            "book_valuer_per_share_4q_avg": 19.22,
            "equity": 1712251,
            "current_ratio": 147.09,
            "debt_ratio": 47.38,
            "inventory_turnover_ratio": 1.56,
            "account_receivable_turnover_ratio": 1.17,
            "reinvestment_rate": 23.16,
            "research_to_sale_ratio": 0.78,
            "price_fair": 64.75,
            "eps_avg_yearly": 1.85,
            "eps_latest_yearly": 2.6,
            "eps_growth_yearly": 103.27
        },
        "20144": {
            "year_quarter": 20144,
            "year": 2014,
            "quarter": 4,
            "eps": 0.82,
            "eps_growth_year": 93.66,
            "eps_4q": 2.03,
            "eps_4q_growth_year": 27.66,
            "roe": 4.11,
            "roe_4q": 10.42,
            "gross_profit": 184045,
            "gross_margin": 13.66,
            "gross_margin_4q_avg": 11.94,
            "net_income": 72235,
            "revenue": 1347801,
            "common_shares": 882469,
            "book_valuer_per_share": 20.42,
            "book_valuer_per_share_4q_avg": 19.5,
            "equity": 1801574,
            "current_ratio": 151.12,
            "debt_ratio": 46.7,
            "inventory_turnover_ratio": 1.67,
            "account_receivable_turnover_ratio": 1.15,
            "reinvestment_rate": 8.47,
            "research_to_sale_ratio": 0.78,
            "price_fair": 66.5,
            "eps_avg_yearly": 1.9,
            "eps_latest_yearly": 3.28,
            "eps_growth_yearly": 70.23
        },
        "20151": {
            "year_quarter": 20151,
            "year": 2015,
            "quarter": 1,
            "eps": 0.68,
            "eps_growth_year": 161.54,
            "eps_4q": 2.45,
            "eps_4q_growth_year": 68.94,
            "roe": 3.29,
            "roe_4q": 12.370000000000001,
            "gross_profit": 202133,
            "gross_margin": 18.38,
            "gross_margin_4q_avg": 13.9,
            "net_income": 60184,
            "revenue": 1099629,
            "common_shares": 882469,
            "book_valuer_per_share": 21.08,
            "book_valuer_per_share_4q_avg": 19.88,
            "equity": 1860135,
            "current_ratio": 158.24,
            "debt_ratio": 44.12,
            "inventory_turnover_ratio": 1.32,
            "account_receivable_turnover_ratio": 0.92,
            "reinvestment_rate": 1.96,
            "research_to_sale_ratio": 0.93,
            "price_fair": 70.7,
            "eps_avg_yearly": 2.02,
            "eps_latest_yearly": 2.72,
            "eps_growth_yearly": 82.89
        },
        "20152": {
            "year_quarter": 20152,
            "year": 2015,
            "quarter": 2,
            "eps": 0.83,
            "eps_growth_year": 176.67,
            "eps_4q": 2.98,
            "eps_4q_growth_year": 103.8,
            "roe": 4.02,
            "roe_4q": 14.84,
            "gross_profit": 196581,
            "gross_margin": 16.75,
            "gross_margin_4q_avg": 15.15,
            "net_income": 73401,
            "revenue": 1173383,
            "common_shares": 882469,
            "book_valuer_per_share": 20.33,
            "book_valuer_per_share_4q_avg": 20.31,
            "equity": 1794117,
            "current_ratio": 153.74,
            "debt_ratio": 44.85,
            "inventory_turnover_ratio": 1.43,
            "account_receivable_turnover_ratio": 1.03,
            "reinvestment_rate": -9.09,
            "research_to_sale_ratio": 0.83,
            "price_fair": 75.6,
            "eps_avg_yearly": 2.16,
            "eps_latest_yearly": 3.32,
            "eps_growth_yearly": 79.66
        },
        "20153": {
            "year_quarter": 20153,
            "year": 2015,
            "quarter": 3,
            "eps": 1.31,
            "eps_growth_year": 101.54,
            "eps_4q": 3.64,
            "eps_4q_growth_year": 123.6,
            "roe": 6.26,
            "roe_4q": 17.68,
            "gross_profit": 205092,
            "gross_margin": 18.5,
            "gross_margin_4q_avg": 16.82,
            "net_income": 115796,
            "revenue": 1108883,
            "common_shares": 882469,
            "book_valuer_per_share": 21.57,
            "book_valuer_per_share_4q_avg": 20.85,
            "equity": 1903627,
            "current_ratio": 181.78,
            "debt_ratio": 40.83,
            "inventory_turnover_ratio": 1.41,
            "account_receivable_turnover_ratio": 0.97,
            "reinvestment_rate": -22.31,
            "research_to_sale_ratio": 0.95,
            "price_fair": 81.38,
            "eps_avg_yearly": 2.33,
            "eps_latest_yearly": 5.24,
            "eps_growth_yearly": 58.93
        },
        "20154": {
            "year_quarter": 20154,
            "year": 2015,
            "quarter": 4,
            "eps": 1.11,
            "eps_growth_year": 35.98,
            "eps_4q": 3.94,
            "eps_4q_growth_year": 94.44,
            "roe": 5.02,
            "roe_4q": 18.59,
            "gross_profit": 239152,
            "gross_margin": 21.29,
            "gross_margin_4q_avg": 18.73,
            "net_income": 98223,
            "revenue": 1123328,
            "common_shares": 882469,
            "book_valuer_per_share": 22.77,
            "book_valuer_per_share_4q_avg": 21.44,
            "equity": 2009322,
            "current_ratio": 197.66,
            "debt_ratio": 37.11,
            "inventory_turnover_ratio": 1.45,
            "account_receivable_turnover_ratio": 1,
            "reinvestment_rate": -23.34,
            "research_to_sale_ratio": 0.88,
            "price_fair": 88.11,
            "eps_avg_yearly": 2.52,
            "eps_latest_yearly": 4.44,
            "eps_growth_yearly": 67.04
        },
        "20161": {
            "year_quarter": 20161,
            "year": 2016,
            "quarter": 1,
            "eps": 1.04,
            "eps_growth_year": 52.94,
            "eps_4q": 3.99,
            "eps_4q_growth_year": 63.13,
            "roe": 4.28,
            "roe_4q": 19.58,
            "gross_profit": 221505,
            "gross_margin": 20.66,
            "gross_margin_4q_avg": 19.3,
            "net_income": 92711,
            "revenue": 1072204,
            "common_shares": 952469,
            "book_valuer_per_share": 24.35,
            "book_valuer_per_share_4q_avg": 22.26,
            "equity": 2318901,
            "current_ratio": 252.29,
            "debt_ratio": 25.84,
            "inventory_turnover_ratio": 1.38,
            "account_receivable_turnover_ratio": 1.01,
            "reinvestment_rate": -17.97,
            "research_to_sale_ratio": 0.86,
            "price_fair": 94.5,
            "eps_avg_yearly": 2.7,
            "eps_latest_yearly": 4.16,
            "eps_growth_yearly": 67.67
        },
        "20162": {
            "year_quarter": 20162,
            "year": 2016,
            "quarter": 2,
            "eps": 1.03,
            "eps_growth_year": 24.1,
            "eps_4q": 4.25,
            "eps_4q_growth_year": 42.38,
            "roe": 4.38,
            "roe_4q": 19.939999999999998,
            "gross_profit": 232667,
            "gross_margin": 18.87,
            "gross_margin_4q_avg": 19.83,
            "net_income": 97751,
            "revenue": 1233207,
            "common_shares": 952469,
            "book_valuer_per_share": 22.52,
            "book_valuer_per_share_4q_avg": 22.8,
            "equity": 2144627,
            "current_ratio": 204.27,
            "debt_ratio": 31.66,
            "inventory_turnover_ratio": 1.59,
            "account_receivable_turnover_ratio": 1.15,
            "reinvestment_rate": -17.62,
            "research_to_sale_ratio": 0.82,
            "price_fair": 99.4,
            "eps_avg_yearly": 2.84,
            "eps_latest_yearly": 4.12,
            "eps_growth_yearly": 54.52
        },
        "20163": {
            "year_quarter": 20163,
            "year": 2016,
            "quarter": 3,
            "eps": 0.8,
            "eps_growth_year": -38.93,
            "eps_4q": 3.83,
            "eps_4q_growth_year": 5.08,
            "roe": 3.48,
            "roe_4q": 17.16,
            "gross_profit": 200992,
            "gross_margin": 17.61,
            "gross_margin_4q_avg": 19.61,
            "net_income": 76070,
            "revenue": 1141360,
            "common_shares": 952469,
            "book_valuer_per_share": 23.39,
            "book_valuer_per_share_4q_avg": 23.26,
            "equity": 2227817,
            "current_ratio": 209.14,
            "debt_ratio": 31,
            "inventory_turnover_ratio": 1.43,
            "account_receivable_turnover_ratio": 1.04,
            "reinvestment_rate": -25.33,
            "research_to_sale_ratio": 0.96,
            "price_fair": 100.1,
            "eps_avg_yearly": 2.86,
            "eps_latest_yearly": 3.2,
            "eps_growth_yearly": 35.64
        },
        "20164": {
            "year_quarter": 20164,
            "year": 2016,
            "quarter": 4,
            "eps": 0.81,
            "eps_growth_year": -27.22,
            "eps_4q": 3.61,
            "eps_4q_growth_year": -8.39,
            "roe": 3.41,
            "roe_4q": 15.55,
            "gross_profit": 189688,
            "gross_margin": 15.69,
            "gross_margin_4q_avg": 18.21,
            "net_income": 77161,
            "revenue": 1208672,
            "common_shares": 952469,
            "book_valuer_per_share": 24.13,
            "book_valuer_per_share_4q_avg": 23.6,
            "equity": 2298340,
            "current_ratio": 203.05,
            "debt_ratio": 33.12,
            "inventory_turnover_ratio": 1.41,
            "account_receivable_turnover_ratio": 1.07,
            "reinvestment_rate": -24.88,
            "research_to_sale_ratio": 1.13,
            "price_fair": 98.53,
            "eps_avg_yearly": 2.82,
            "eps_latest_yearly": 3.24,
            "eps_growth_yearly": 26.58
        },
        "20171": {
            "year_quarter": 20171,
            "year": 2017,
            "quarter": 1,
            "eps": 0.51,
            "eps_growth_year": -50.96,
            "eps_4q": 3.15,
            "eps_4q_growth_year": -21.11,
            "roe": 2.12,
            "roe_4q": 13.39,
            "gross_profit": 164718,
            "gross_margin": 14.45,
            "gross_margin_4q_avg": 16.66,
            "net_income": 48898,
            "revenue": 1139577,
            "common_shares": 952469,
            "book_valuer_per_share": 24.38,
            "book_valuer_per_share_4q_avg": 23.61,
            "equity": 2322430,
            "current_ratio": 221.34,
            "debt_ratio": 30.09,
            "inventory_turnover_ratio": 1.31,
            "account_receivable_turnover_ratio": 0.97,
            "reinvestment_rate": 1.34,
            "research_to_sale_ratio": 0.89,
            "price_fair": 99.14,
            "eps_avg_yearly": 2.83,
            "eps_latest_yearly": 2.04,
            "eps_growth_yearly": 31.21
        },
        "20172": {
            "year_quarter": 20172,
            "year": 2017,
            "quarter": 2,
            "eps": 0.79,
            "eps_growth_year": -23.3,
            "eps_4q": 2.92,
            "eps_4q_growth_year": -31.33,
            "roe": 3.37,
            "roe_4q": 12.38,
            "gross_profit": 186625,
            "gross_margin": 15.82,
            "gross_margin_4q_avg": 15.89,
            "net_income": 75614,
            "revenue": 1179481,
            "common_shares": 952469,
            "book_valuer_per_share": 22.8,
            "book_valuer_per_share_4q_avg": 23.68,
            "equity": 2171305,
            "current_ratio": 184.18,
            "debt_ratio": 36.34,
            "inventory_turnover_ratio": 1.3,
            "account_receivable_turnover_ratio": 0.99,
            "reinvestment_rate": -3.28,
            "research_to_sale_ratio": 0.92,
            "price_fair": 103.6,
            "eps_avg_yearly": 2.96,
            "eps_latest_yearly": 3.16,
            "eps_growth_yearly": 54.03
        },
        "20173": {
            "year_quarter": 20173,
            "year": 2017,
            "quarter": 3,
            "eps": 1.09,
            "eps_growth_year": 36.25,
            "eps_4q": 3.21,
            "eps_4q_growth_year": -16.14,
            "roe": 4.67,
            "roe_4q": 13.57,
            "gross_profit": 214968,
            "gross_margin": 16.1,
            "gross_margin_4q_avg": 15.52,
            "net_income": 104200,
            "revenue": 1334799,
            "common_shares": 952469,
            "book_valuer_per_share": 24.03,
            "book_valuer_per_share_4q_avg": 23.84,
            "equity": 2289204,
            "current_ratio": 190.69,
            "debt_ratio": 35.79,
            "inventory_turnover_ratio": 1.39,
            "account_receivable_turnover_ratio": 1.07,
            "reinvestment_rate": -0.14,
            "research_to_sale_ratio": 0.94,
            "price_fair": 108.94,
            "eps_avg_yearly": 3.11,
            "eps_latest_yearly": 4.36,
            "eps_growth_yearly": 45.66
        },
        "20174": {
            "year_quarter": 20174,
            "year": 2017,
            "quarter": 4,
            "eps": 0.7,
            "eps_growth_year": -13.87,
            "eps_4q": 3.1,
            "eps_4q_growth_year": -14.12,
            "roe": 2.87,
            "roe_4q": 13.030000000000001,
            "gross_profit": 204794,
            "gross_margin": 15.79,
            "gross_margin_4q_avg": 15.54,
            "net_income": 66456,
            "revenue": 1296675,
            "common_shares": 952469,
            "book_valuer_per_share": 24.58,
            "book_valuer_per_share_4q_avg": 23.95,
            "equity": 2340999,
            "current_ratio": 192.39,
            "debt_ratio": 35.8,
            "inventory_turnover_ratio": 1.31,
            "account_receivable_turnover_ratio": 1.02,
            "reinvestment_rate": -2.22,
            "research_to_sale_ratio": 1.04,
            "price_fair": 111.39,
            "eps_avg_yearly": 3.18,
            "eps_latest_yearly": 2.8,
            "eps_growth_yearly": 39.84
        },
        "20181": {
            "year_quarter": 20181,
            "year": 2018,
            "quarter": 1,
            "eps": 0.68,
            "eps_growth_year": 33.33,
            "eps_4q": 3.27,
            "eps_4q_growth_year": 3.71,
            "roe": 2.73,
            "roe_4q": 13.64,
            "gross_profit": 174110,
            "gross_margin": 14.5,
            "gross_margin_4q_avg": 15.55,
            "net_income": 64721,
            "revenue": 1201172,
            "common_shares": 952469,
            "book_valuer_per_share": 25.25,
            "book_valuer_per_share_4q_avg": 24.17,
            "equity": 2405158,
            "current_ratio": 206.24,
            "debt_ratio": 33.81,
            "inventory_turnover_ratio": 1.19,
            "account_receivable_turnover_ratio": 0.97,
            "reinvestment_rate": -2.53,
            "research_to_sale_ratio": 0.96,
            "price_fair": 115.06,
            "eps_avg_yearly": 3.29,
            "eps_latest_yearly": 2.72,
            "eps_growth_yearly": 48.65
        },
        "20182": {
            "year_quarter": 20182,
            "year": 2018,
            "quarter": 2,
            "eps": 0.76,
            "eps_growth_year": -3.8,
            "eps_4q": 3.12,
            "eps_4q_growth_year": 6.91,
            "roe": 3.22,
            "roe_4q": 13.49,
            "gross_profit": 199487,
            "gross_margin": 15.58,
            "gross_margin_4q_avg": 15.49,
            "net_income": 76409,
            "revenue": 1280278,
            "common_shares": 952469,
            "book_valuer_per_share": 24.61,
            "book_valuer_per_share_4q_avg": 24.62,
            "equity": 2344542,
            "current_ratio": 180.79,
            "debt_ratio": 38.98,
            "inventory_turnover_ratio": 1.21,
            "account_receivable_turnover_ratio": 1.02,
            "reinvestment_rate": -1.93,
            "research_to_sale_ratio": 1.24,
            "price_fair": 119.09,
            "eps_avg_yearly": 3.4,
            "eps_latest_yearly": 3.04,
            "eps_growth_yearly": 47.75
        },
        "20183": {
            "year_quarter": 20183,
            "year": 2018,
            "quarter": 3,
            "eps": 0.66,
            "eps_growth_year": -39.45,
            "eps_4q": 2.74,
            "eps_4q_growth_year": -14.71,
            "roe": 2.79,
            "roe_4q": 11.61,
            "gross_profit": 176295,
            "gross_margin": 15.03,
            "gross_margin_4q_avg": 15.23,
            "net_income": 66340,
            "revenue": 1173340,
            "common_shares": 1000092,
            "book_valuer_per_share": 24.03,
            "book_valuer_per_share_4q_avg": 24.62,
            "equity": 2402933,
            "current_ratio": 204.8,
            "debt_ratio": 34.11,
            "inventory_turnover_ratio": 1.09,
            "account_receivable_turnover_ratio": 0.96,
            "reinvestment_rate": -0.39,
            "research_to_sale_ratio": 1.14,
            "price_fair": 86.12,
            "eps_avg_yearly": 3.41,
            "eps_latest_yearly": 2.64,
            "eps_growth_yearly": 15.29
        },
        "20184": {
            "year_quarter": 20184,
            "year": 2018,
            "quarter": 4,
            "eps": 0.46,
            "eps_growth_year": -33.52,
            "eps_4q": 2.54,
            "eps_4q_growth_year": -18.09,
            "roe": 1.91,
            "roe_4q": 10.65,
            "gross_profit": 154982,
            "gross_margin": 14.17,
            "gross_margin_4q_avg": 14.82,
            "net_income": 46386,
            "revenue": 1094041,
            "common_shares": 1000092,
            "book_valuer_per_share": 24.51,
            "book_valuer_per_share_4q_avg": 24.6,
            "equity": 2450951,
            "current_ratio": 238.8,
            "debt_ratio": 30.31,
            "inventory_turnover_ratio": 1.08,
            "account_receivable_turnover_ratio": 0.98,
            "reinvestment_rate": 3.21,
            "research_to_sale_ratio": 1.32,
            "price_fair": 37.05,
            "eps_avg_yearly": 3.32,
            "eps_latest_yearly": 1.84,
            "eps_growth_yearly": 1.18
        },
        "20191": {
            "year_quarter": 20191,
            "year": 2019,
            "quarter": 1,
            "eps": 0.6,
            "eps_growth_year": -11.76,
            "eps_4q": 2.49,
            "eps_4q_growth_year": -23.6,
            "roe": 2.43,
            "roe_4q": 10.35,
            "gross_profit": 164245,
            "gross_margin": 14.52,
            "gross_margin_4q_avg": 14.83,
            "net_income": 60328,
            "revenue": 1131531,
            "common_shares": 1000092,
            "book_valuer_per_share": 25.19,
            "book_valuer_per_share_4q_avg": 24.59,
            "equity": 2518993,
            "current_ratio": 249.97,
            "debt_ratio": 29.26,
            "inventory_turnover_ratio": 1.17,
            "account_receivable_turnover_ratio": 1.01,
            "reinvestment_rate": 1.17,
            "research_to_sale_ratio": 1.13,
            "price_fair": 75.96,
            "eps_avg_yearly": 3.3,
            "eps_latest_yearly": 2.4,
            "eps_growth_yearly": 13.05
        },
        "20192": {
            "year_quarter": 20192,
            "year": 2019,
            "quarter": 2,
            "eps": 0.75,
            "eps_growth_year": -1.32,
            "eps_4q": 2.48,
            "eps_4q_growth_year": -20.47,
            "roe": 3.04,
            "roe_4q": 10.170000000000002,
            "gross_profit": 199289,
            "gross_margin": 17.51,
            "gross_margin_4q_avg": 15.31,
            "net_income": 74896,
            "revenue": 1138337,
            "common_shares": 1000092,
            "book_valuer_per_share": 24.11,
            "book_valuer_per_share_4q_avg": 24.46,
            "equity": 2411677,
            "current_ratio": 225.5,
            "debt_ratio": 31.74,
            "inventory_turnover_ratio": 1.15,
            "account_receivable_turnover_ratio": 1.02,
            "reinvestment_rate": 4.05,
            "research_to_sale_ratio": 1.2,
            "price_fair": 77.91,
            "eps_avg_yearly": 3.28,
            "eps_latest_yearly": 3,
            "eps_growth_yearly": 13.79
        },
        "20193": {
            "year_quarter": 20193,
            "year": 2019,
            "quarter": 3,
            "eps": 0.62,
            "eps_growth_year": -6.06,
            "eps_4q": 2.44,
            "eps_4q_growth_year": -10.98,
            "roe": 2.55,
            "roe_4q": 9.93,
            "gross_profit": 176768,
            "gross_margin": 17.53,
            "gross_margin_4q_avg": 15.93,
            "net_income": 62250,
            "revenue": 1008630,
            "common_shares": 1000092,
            "book_valuer_per_share": 24.62,
            "book_valuer_per_share_4q_avg": 24.61,
            "equity": 2462536,
            "current_ratio": 262.46,
            "debt_ratio": 27.01,
            "inventory_turnover_ratio": 1.04,
            "account_receivable_turnover_ratio": 0.94,
            "reinvestment_rate": 4.47,
            "research_to_sale_ratio": 1.32,
            "price_fair": 9.31,
            "eps_avg_yearly": 3.1,
            "eps_latest_yearly": 2.48,
            "eps_growth_yearly": -5
        },
        "20194": {
            "year_quarter": 20194,
            "year": 2019,
            "quarter": 4,
            "eps": 0.59,
            "eps_growth_year": 27.7,
            "eps_4q": 2.57,
            "eps_4q_growth_year": 1.12,
            "roe": 2.38,
            "roe_4q": 10.4,
            "gross_profit": 183863,
            "gross_margin": 18.13,
            "gross_margin_4q_avg": 16.92,
            "net_income": 59234,
            "revenue": 1014117,
            "common_shares": 1000092,
            "book_valuer_per_share": 25.07,
            "book_valuer_per_share_4q_avg": 24.75,
            "equity": 2506740,
            "current_ratio": 303.51,
            "debt_ratio": 23.67,
            "inventory_turnover_ratio": 1.09,
            "account_receivable_turnover_ratio": 1.01,
            "reinvestment_rate": 3.19,
            "research_to_sale_ratio": 1.15,
            "price_fair": 8.92,
            "eps_avg_yearly": 2.97,
            "eps_latest_yearly": 2.36,
            "eps_growth_yearly": -2.39
        },
        "20201": {
            "year_quarter": 20201,
            "year": 2020,
            "quarter": 1,
            "eps": 0.55,
            "eps_growth_year": -8.33,
            "eps_4q": 2.52,
            "eps_4q_growth_year": 0.93,
            "roe": 2.19,
            "roe_4q": 10.16,
            "gross_profit": 172863,
            "gross_margin": 18.17,
            "gross_margin_4q_avg": 17.84,
            "net_income": 55402,
            "revenue": 951321,
            "common_shares": 1000092,
            "book_valuer_per_share": 25.62,
            "book_valuer_per_share_4q_avg": 24.86,
            "equity": 2561785,
            "current_ratio": 296.08,
            "debt_ratio": 23.36,
            "inventory_turnover_ratio": 1.08,
            "account_receivable_turnover_ratio": 0.95,
            "reinvestment_rate": 3.83,
            "research_to_sale_ratio": 1.42,
            "price_fair": 8.55,
            "eps_avg_yearly": 2.85,
            "eps_latest_yearly": 2.2,
            "eps_growth_yearly": -2.51
        },
        "20202": {
            "year_quarter": 20202,
            "year": 2020,
            "quarter": 2,
            "eps": 0.62,
            "eps_growth_year": -17.33,
            "eps_4q": 2.39,
            "eps_4q_growth_year": -3.73,
            "roe": 2.48,
            "roe_4q": 9.6,
            "gross_profit": 171423,
            "gross_margin": 20.19,
            "gross_margin_4q_avg": 18.51,
            "net_income": 61827,
            "revenue": 849091,
            "common_shares": 1000092,
            "book_valuer_per_share": 24.33,
            "book_valuer_per_share_4q_avg": 24.91,
            "equity": 2433326,
            "current_ratio": 263.14,
            "debt_ratio": 25.87,
            "inventory_turnover_ratio": 0.9,
            "account_receivable_turnover_ratio": 0.89,
            "reinvestment_rate": 3.09,
            "research_to_sale_ratio": 1.39,
            "price_fair": 27.48,
            "eps_avg_yearly": 2.75,
            "eps_latest_yearly": 2.48,
            "eps_growth_yearly": 0.91
        },
        "20203": {
            "year_quarter": 20203,
            "year": 2020,
            "quarter": 3,
            "eps": 0.72,
            "eps_growth_year": 16.13,
            "eps_4q": 2.53,
            "eps_4q_growth_year": 3.96,
            "roe": 2.93,
            "roe_4q": 9.98,
            "gross_profit": 198134,
            "gross_margin": 21.18,
            "gross_margin_4q_avg": 19.42,
            "net_income": 71435,
            "revenue": 935596,
            "common_shares": 1000092,
            "book_valuer_per_share": 25,
            "book_valuer_per_share_4q_avg": 25.01,
            "equity": 2445082,
            "current_ratio": 311.87,
            "debt_ratio": 22.17,
            "inventory_turnover_ratio": 0.96,
            "account_receivable_turnover_ratio": 1.09,
            "reinvestment_rate": -1.23,
            "research_to_sale_ratio": 1.28,
            "price_fair": 55.98,
            "eps_avg_yearly": 2.73,
            "eps_latest_yearly": 2.88,
            "eps_growth_yearly": 10.52
        },
        "20204": {
            "year_quarter": 20204,
            "year": 2020,
            "quarter": 4,
            "eps": 0.95,
            "eps_growth_year": 60.02,
            "eps_4q": 2.88,
            "eps_4q_growth_year": 12.11,
            "roe": 3.72,
            "roe_4q": 11.32,
            "gross_profit": 217712,
            "gross_margin": 20.03,
            "gross_margin_4q_avg": 19.89,
            "net_income": 92654,
            "revenue": 1086850,
            "common_shares": 1000092,
            "book_valuer_per_share": 25.98,
            "book_valuer_per_share_4q_avg": 25.23,
            "equity": 2539454,
            "current_ratio": 314.96,
            "debt_ratio": 22.7,
            "inventory_turnover_ratio": 1.24,
            "account_receivable_turnover_ratio": 1.19,
            "reinvestment_rate": -1.15,
            "research_to_sale_ratio": 1.17,
            "price_fair": 77.9,
            "eps_avg_yearly": 2.76,
            "eps_latest_yearly": 3.8,
            "eps_growth_yearly": 18.2
        },
        "20211": {
            "year_quarter": 20211,
            "year": 2021,
            "quarter": 1,
            "eps": 0.94,
            "eps_growth_year": 70.91,
            "eps_4q": 3.25,
            "eps_4q_growth_year": 28.99,
            "roe": 3.54,
            "roe_4q": 12.67,
            "gross_profit": 227654,
            "gross_margin": 20.08,
            "gross_margin_4q_avg": 20.37,
            "net_income": 91561,
            "revenue": 1133777,
            "common_shares": 1000092,
            "book_valuer_per_share": 26.91,
            "book_valuer_per_share_4q_avg": 25.56,
            "equity": 2630429,
            "current_ratio": 261.67,
            "debt_ratio": 27.63,
            "inventory_turnover_ratio": 1.25,
            "account_receivable_turnover_ratio": 1.1,
            "reinvestment_rate": 0.49,
            "research_to_sale_ratio": 1.19,
            "price_fair": 100.45,
            "eps_avg_yearly": 2.87,
            "eps_latest_yearly": 3.76,
            "eps_growth_yearly": 27.19
        },
        "20212": {
            "year_quarter": 20212,
            "year": 2021,
            "quarter": 2,
            "eps": 1.17,
            "eps_growth_year": 88.71,
            "eps_4q": 3.78,
            "eps_4q_growth_year": 58.43,
            "roe": 4.24,
            "roe_4q": 14.43,
            "gross_profit": 263082,
            "gross_margin": 22.61,
            "gross_margin_4q_avg": 20.98,
            "net_income": 114035,
            "revenue": 1163705,
            "common_shares": 1000092,
            "book_valuer_per_share": 28.17,
            "book_valuer_per_share_4q_avg": 26.52,
            "equity": 2753755,
            "current_ratio": 237.38,
            "debt_ratio": 30.85,
            "inventory_turnover_ratio": 1.08,
            "account_receivable_turnover_ratio": 1.03,
            "reinvestment_rate": -0.99,
            "research_to_sale_ratio": 1.28,
            "price_fair": 87.72,
            "eps_avg_yearly": 2.97,
            "eps_latest_yearly": 4.68,
            "eps_growth_yearly": 19.59
        },
        "20213": {
            "year_quarter": 20213,
            "year": 2021,
            "quarter": 3,
            "eps": 0.84,
            "eps_growth_year": 16.67,
            "eps_4q": 3.81,
            "eps_4q_growth_year": 50.1,
            "roe": 3.02,
            "roe_4q": 14.520000000000001,
            "gross_profit": 250186,
            "gross_margin": 21.06,
            "gross_margin_4q_avg": 20.95,
            "net_income": 82288,
            "revenue": 1187956,
            "common_shares": 1000092,
            "book_valuer_per_share": 27.01,
            "book_valuer_per_share_4q_avg": 27.02,
            "equity": 2701646,
            "current_ratio": 204.73,
            "debt_ratio": 40.44,
            "inventory_turnover_ratio": 1.01,
            "account_receivable_turnover_ratio": 1,
            "reinvestment_rate": -2.52,
            "research_to_sale_ratio": 1.07,
            "price_fair": 37.85,
            "eps_avg_yearly": 2.9,
            "eps_latest_yearly": 3.36,
            "eps_growth_yearly": 3.04
        },
        "20214": {
            "year_quarter": 20214,
            "year": 2021,
            "quarter": 4,
            "eps": 0.8,
            "eps_growth_year": -15.68,
            "eps_4q": 3.68,
            "eps_4q_growth_year": 27.81,
            "roe": 2.91,
            "roe_4q": 13.71,
            "gross_profit": 264996,
            "gross_margin": 19.7,
            "gross_margin_4q_avg": 20.86,
            "net_income": 79923,
            "revenue": 1344988,
            "common_shares": 1000092,
            "book_valuer_per_share": 27.83,
            "book_valuer_per_share_4q_avg": 27.48,
            "equity": 2782929,
            "current_ratio": 229.96,
            "debt_ratio": 39.8,
            "inventory_turnover_ratio": 1.09,
            "account_receivable_turnover_ratio": 1.1,
            "reinvestment_rate": 48.81,
            "research_to_sale_ratio": 1.05,
            "price_fair": 60.88,
            "eps_avg_yearly": 2.93,
            "eps_latest_yearly": 3.2,
            "eps_growth_yearly": 10.79
        },
        "20221": {
            "year_quarter": 20221,
            "year": 2022,
            "quarter": 1,
            "eps": 1.17,
            "eps_growth_year": 24.47,
            "eps_4q": 3.94,
            "eps_4q_growth_year": 21.2,
            "roe": 4.12,
            "roe_4q": 14.290000000000001,
            "gross_profit": 278631,
            "gross_margin": 20.65,
            "gross_margin_4q_avg": 21.01,
            "net_income": 117371,
            "revenue": 1349538,
            "common_shares": 1000092,
            "book_valuer_per_share": 29.2,
            "book_valuer_per_share_4q_avg": 28.05,
            "equity": 2920344,
            "current_ratio": 243.88,
            "debt_ratio": 37.68,
            "inventory_turnover_ratio": 1.05,
            "account_receivable_turnover_ratio": 1.06,
            "reinvestment_rate": 46.7,
            "research_to_sale_ratio": 1.07,
            "price_fair": 100.87,
            "eps_avg_yearly": 3.05,
            "eps_latest_yearly": 4.68,
            "eps_growth_yearly": 23.07
        },
        "20222": {
            "year_quarter": 20222,
            "year": 2022,
            "quarter": 2,
            "eps": 1.11,
            "eps_growth_year": -5.13,
            "eps_4q": 3.91,
            "eps_4q_growth_year": 3.39,
            "roe": 3.89,
            "roe_4q": 13.94,
            "gross_profit": 243116,
            "gross_margin": 20.64,
            "gross_margin_4q_avg": 20.51,
            "net_income": 111428,
            "revenue": 1178135,
            "common_shares": 1000092,
            "book_valuer_per_share": 28.14,
            "book_valuer_per_share_4q_avg": 28.05,
            "equity": 2814095,
            "current_ratio": 221.11,
            "debt_ratio": 40.48,
            "inventory_turnover_ratio": 0.88,
            "account_receivable_turnover_ratio": 0.95,
            "reinvestment_rate": 45.54,
            "research_to_sale_ratio": 1.14,
            "price_fair": 90.51,
            "eps_avg_yearly": 3.14,
            "eps_latest_yearly": 4.44,
            "eps_growth_yearly": 18.85
        },
        "20223": {
            "year_quarter": 20223,
            "year": 2022,
            "quarter": 3,
            "eps": 0.94,
            "eps_growth_year": 11.9,
            "eps_4q": 4.02,
            "eps_4q_growth_year": 5.72,
            "roe": 3.26,
            "roe_4q": 14.18,
            "gross_profit": 167370,
            "gross_margin": 17.9,
            "gross_margin_4q_avg": 19.72,
            "net_income": 93582,
            "revenue": 935239,
            "common_shares": 1000092,
            "book_valuer_per_share": 29.24,
            "book_valuer_per_share_4q_avg": 28.6,
            "equity": 2924484,
            "current_ratio": 259.24,
            "debt_ratio": 38.24,
            "inventory_turnover_ratio": 0.68,
            "account_receivable_turnover_ratio": 0.86,
            "reinvestment_rate": 45.82,
            "research_to_sale_ratio": 1.39,
            "price_fair": 90.8,
            "eps_avg_yearly": 3.21,
            "eps_latest_yearly": 3.76,
            "eps_growth_yearly": 18.31
        },
        "20224": {
            "year_quarter": 20224,
            "year": 2022,
            "quarter": 4,
            "eps": -0.07,
            "eps_growth_year": -109.18,
            "eps_4q": 3.15,
            "eps_4q_growth_year": -14.35,
            "roe": -0.25,
            "roe_4q": 11.02,
            "gross_profit": 73149,
            "gross_margin": 9.6,
            "gross_margin_4q_avg": 17.2,
            "net_income": -7338,
            "revenue": 761768,
            "common_shares": 1000092,
            "book_valuer_per_share": 29.06,
            "book_valuer_per_share_4q_avg": 28.91,
            "equity": 2905785,
            "current_ratio": 282.46,
            "debt_ratio": 36.16,
            "inventory_turnover_ratio": 0.63,
            "account_receivable_turnover_ratio": 0.88,
            "reinvestment_rate": 42.96,
            "research_to_sale_ratio": 1.64,
            "price_fair": 115.45,
            "eps_avg_yearly": 3.3,
            "eps_latest_yearly": 3.76,
            "eps_growth_yearly": 27.61
        },
        "20231": {
            "year_quarter": 20231,
            "year": 2023,
            "quarter": 1,
            "eps": 0.02,
            "eps_growth_year": -98.29,
            "eps_4q": 2,
            "eps_4q_growth_year": -49.27,
            "roe": 0.07,
            "roe_4q": 6.97,
            "gross_profit": 97087,
            "gross_margin": 13.12,
            "gross_margin_4q_avg": 15.32,
            "net_income": 2017,
            "revenue": 739835,
            "common_shares": 1000092,
            "book_valuer_per_share": 27.2,
            "book_valuer_per_share_4q_avg": 28.41,
            "equity": 2720538,
            "current_ratio": 236.32,
            "debt_ratio": 39.04,
            "inventory_turnover_ratio": 0.64,
            "account_receivable_turnover_ratio": 1,
            "reinvestment_rate": 45.56,
            "research_to_sale_ratio": 1.81,
            "price_fair": 103.87,
            "eps_avg_yearly": 3.36,
            "eps_latest_yearly": 3.76,
            "eps_growth_yearly": 20.89
        }
    },
    "months": {
        "2001-12": {
            "month": "2001-12",
            "price": "13.19",
            "revenue": 117658
        },
        "2002-01": {
            "month": "2002-01",
            "price": "15.62",
            "revenue": 131333
        },
        "2002-02": {
            "month": "2002-02",
            "price": "21.63",
            "revenue": 100116
        },
        "2002-03": {
            "month": "2002-03",
            "price": "19.83",
            "revenue": 151132
        },
        "2002-04": {
            "month": "2002-04",
            "price": "20.21",
            "revenue": 162865
        },
        "2002-05": {
            "month": "2002-05",
            "price": "20.07",
            "revenue": 160725
        },
        "2002-06": {
            "month": "2002-06",
            "price": "20.72",
            "revenue": 139951
        },
        "2002-07": {
            "month": "2002-07",
            "price": "19.39",
            "revenue": 156351
        },
        "2002-08": {
            "month": "2002-08",
            "price": "19.10",
            "revenue": 172145
        },
        "2002-09": {
            "month": "2002-09",
            "price": "18.64",
            "revenue": 151588
        },
        "2002-10": {
            "month": "2002-10",
            "price": "18.19",
            "revenue": 161552
        },
        "2002-11": {
            "month": "2002-11",
            "price": "19.46",
            "revenue": 146526
        },
        "2002-12": {
            "month": "2002-12",
            "price": "19.91",
            "revenue": 160521
        },
        "2003-01": {
            "month": "2003-01",
            "price": "20.31",
            "revenue": 137628
        },
        "2003-02": {
            "month": "2003-02",
            "price": "19.06",
            "revenue": 134908
        },
        "2003-03": {
            "month": "2003-03",
            "price": "18.50",
            "revenue": 160036
        },
        "2003-04": {
            "month": "2003-04",
            "price": "18.62",
            "revenue": 127741
        },
        "2003-05": {
            "month": "2003-05",
            "price": "17.16",
            "revenue": 147135
        },
        "2003-06": {
            "month": "2003-06",
            "price": "17.34",
            "revenue": 133141
        },
        "2003-07": {
            "month": "2003-07",
            "price": "16.03",
            "revenue": 151640
        },
        "2003-08": {
            "month": "2003-08",
            "price": "15.18",
            "revenue": 166913
        },
        "2003-09": {
            "month": "2003-09",
            "price": "14.58",
            "revenue": 170351
        },
        "2003-10": {
            "month": "2003-10",
            "price": "14.28",
            "revenue": 182364
        },
        "2003-11": {
            "month": "2003-11",
            "price": "14.98",
            "revenue": 190908
        },
        "2003-12": {
            "month": "2003-12",
            "price": "14.84",
            "revenue": 207768
        },
        "2004-01": {
            "month": "2004-01",
            "price": "14.92",
            "revenue": 149527
        },
        "2004-02": {
            "month": "2004-02",
            "price": "15.97",
            "revenue": 171087
        },
        "2004-03": {
            "month": "2004-03",
            "price": "16.49",
            "revenue": 185148
        },
        "2004-04": {
            "month": "2004-04",
            "price": "16.07",
            "revenue": 191902
        },
        "2004-05": {
            "month": "2004-05",
            "price": "15.21",
            "revenue": 179874
        },
        "2004-06": {
            "month": "2004-06",
            "price": "15.08",
            "revenue": 171953
        },
        "2004-07": {
            "month": "2004-07",
            "price": "14.34",
            "revenue": 186197
        },
        "2004-08": {
            "month": "2004-08",
            "price": "13.17",
            "revenue": 239124
        },
        "2004-09": {
            "month": "2004-09",
            "price": "13.54",
            "revenue": 179247
        },
        "2004-10": {
            "month": "2004-10",
            "price": "13.64",
            "revenue": 247368
        },
        "2004-11": {
            "month": "2004-11",
            "price": "13.40",
            "revenue": 210580
        },
        "2004-12": {
            "month": "2004-12",
            "price": "13.30",
            "revenue": 211291
        },
        "2005-01": {
            "month": "2005-01",
            "price": "13.46",
            "revenue": 177959
        },
        "2005-02": {
            "month": "2005-02",
            "price": "13.53",
            "revenue": 176814
        },
        "2005-03": {
            "month": "2005-03",
            "price": "13.90",
            "revenue": 239771
        },
        "2005-04": {
            "month": "2005-04",
            "price": "14.01",
            "revenue": 185943
        },
        "2005-05": {
            "month": "2005-05",
            "price": "13.45",
            "revenue": 182137
        },
        "2005-06": {
            "month": "2005-06",
            "price": "13.42",
            "revenue": 174983
        },
        "2005-07": {
            "month": "2005-07",
            "price": "12.76",
            "revenue": 196467
        },
        "2005-08": {
            "month": "2005-08",
            "price": "11.58",
            "revenue": 178208
        },
        "2005-09": {
            "month": "2005-09",
            "price": "11.60",
            "revenue": 193515
        },
        "2005-10": {
            "month": "2005-10",
            "price": "11.48",
            "revenue": 192625
        },
        "2005-11": {
            "month": "2005-11",
            "price": "11.10",
            "revenue": 184921
        },
        "2005-12": {
            "month": "2005-12",
            "price": "10.61",
            "revenue": 185666
        },
        "2006-01": {
            "month": "2006-01",
            "price": "10.00",
            "revenue": 144535
        },
        "2006-02": {
            "month": "2006-02",
            "price": "9.71",
            "revenue": 163560
        },
        "2006-03": {
            "month": "2006-03",
            "price": "9.71",
            "revenue": 209176
        },
        "2006-04": {
            "month": "2006-04",
            "price": "9.93",
            "revenue": 164341
        },
        "2006-05": {
            "month": "2006-05",
            "price": "10.18",
            "revenue": 193045
        },
        "2006-06": {
            "month": "2006-06",
            "price": "9.68",
            "revenue": 177956
        },
        "2006-07": {
            "month": "2006-07",
            "price": "9.50",
            "revenue": 188915
        },
        "2006-08": {
            "month": "2006-08",
            "price": "8.81",
            "revenue": 228478
        },
        "2006-09": {
            "month": "2006-09",
            "price": "9.16",
            "revenue": 194517
        },
        "2006-10": {
            "month": "2006-10",
            "price": "10.40",
            "revenue": 203350
        },
        "2006-11": {
            "month": "2006-11",
            "price": "10.40",
            "revenue": 216937
        },
        "2006-12": {
            "month": "2006-12",
            "price": "11.22",
            "revenue": 237015
        },
        "2007-01": {
            "month": "2007-01",
            "price": "11.85",
            "revenue": 207195
        },
        "2007-02": {
            "month": "2007-02",
            "price": "11.83",
            "revenue": 152872
        },
        "2007-03": {
            "month": "2007-03",
            "price": "11.75",
            "revenue": 242579
        },
        "2007-04": {
            "month": "2007-04",
            "price": "13.61",
            "revenue": 205246
        },
        "2007-05": {
            "month": "2007-05",
            "price": "12.52",
            "revenue": 241174
        },
        "2007-06": {
            "month": "2007-06",
            "price": "12.30",
            "revenue": 207622
        },
        "2007-07": {
            "month": "2007-07",
            "price": "13.83",
            "revenue": 193603
        },
        "2007-08": {
            "month": "2007-08",
            "price": "11.77",
            "revenue": 243004
        },
        "2007-09": {
            "month": "2007-09",
            "price": "11.10",
            "revenue": 201594
        },
        "2007-10": {
            "month": "2007-10",
            "price": "10.95",
            "revenue": 320902
        },
        "2007-11": {
            "month": "2007-11",
            "price": "10.01",
            "revenue": 329833
        },
        "2007-12": {
            "month": "2007-12",
            "price": "9.72",
            "revenue": 300711
        },
        "2008-01": {
            "month": "2008-01",
            "price": "9.25",
            "revenue": 277598
        },
        "2008-02": {
            "month": "2008-02",
            "price": "8.92",
            "revenue": 209688
        },
        "2008-03": {
            "month": "2008-03",
            "price": "9.45",
            "revenue": 333490
        },
        "2008-04": {
            "month": "2008-04",
            "price": "10.30",
            "revenue": 296798
        },
        "2008-05": {
            "month": "2008-05",
            "price": "10.36",
            "revenue": 316846
        },
        "2008-06": {
            "month": "2008-06",
            "price": "9.42",
            "revenue": 299196
        },
        "2008-07": {
            "month": "2008-07",
            "price": "8.10",
            "revenue": 289668
        },
        "2008-08": {
            "month": "2008-08",
            "price": "7.93",
            "revenue": 238925
        },
        "2008-09": {
            "month": "2008-09",
            "price": "6.71",
            "revenue": 247476
        },
        "2008-10": {
            "month": "2008-10",
            "price": "5.44",
            "revenue": 242596
        },
        "2008-11": {
            "month": "2008-11",
            "price": "5.40",
            "revenue": 205852
        },
        "2008-12": {
            "month": "2008-12",
            "price": "5.60",
            "revenue": 183101
        },
        "2009-01": {
            "month": "2009-01",
            "price": "6.40",
            "revenue": 107038
        },
        "2009-02": {
            "month": "2009-02",
            "price": "6.01",
            "revenue": 171656
        },
        "2009-03": {
            "month": "2009-03",
            "price": "6.15",
            "revenue": 204369
        },
        "2009-04": {
            "month": "2009-04",
            "price": "7.44",
            "revenue": 203334
        },
        "2009-05": {
            "month": "2009-05",
            "price": "8.04",
            "revenue": 175740
        },
        "2009-06": {
            "month": "2009-06",
            "price": "7.95",
            "revenue": 213112
        },
        "2009-07": {
            "month": "2009-07",
            "price": "8.88",
            "revenue": 222981
        },
        "2009-08": {
            "month": "2009-08",
            "price": "11.35",
            "revenue": 209986
        },
        "2009-09": {
            "month": "2009-09",
            "price": "10.97",
            "revenue": 216059
        },
        "2009-10": {
            "month": "2009-10",
            "price": "11.43",
            "revenue": 213762
        },
        "2009-11": {
            "month": "2009-11",
            "price": "11.60",
            "revenue": 227559
        },
        "2009-12": {
            "month": "2009-12",
            "price": "14.50",
            "revenue": 242135
        },
        "2010-01": {
            "month": "2010-01",
            "price": "17.34",
            "revenue": 223067
        },
        "2010-02": {
            "month": "2010-02",
            "price": "16.65",
            "revenue": 123040
        },
        "2010-03": {
            "month": "2010-03",
            "price": "19.13",
            "revenue": 313968
        },
        "2010-04": {
            "month": "2010-04",
            "price": "21.25",
            "revenue": 316544
        },
        "2010-05": {
            "month": "2010-05",
            "price": "19.12",
            "revenue": 279493
        },
        "2010-06": {
            "month": "2010-06",
            "price": "18.54",
            "revenue": 266638
        },
        "2010-07": {
            "month": "2010-07",
            "price": "18.18",
            "revenue": 261319
        },
        "2010-08": {
            "month": "2010-08",
            "price": "18.98",
            "revenue": 278145
        },
        "2010-09": {
            "month": "2010-09",
            "price": "22.48",
            "revenue": 296544
        },
        "2010-10": {
            "month": "2010-10",
            "price": "22.92",
            "revenue": 309707
        },
        "2010-11": {
            "month": "2010-11",
            "price": "20.19",
            "revenue": 327034
        },
        "2010-12": {
            "month": "2010-12",
            "price": "21.96",
            "revenue": 298436
        },
        "2011-01": {
            "month": "2011-01",
            "price": "21.98",
            "revenue": 266333
        },
        "2011-02": {
            "month": "2011-02",
            "price": "21.58",
            "revenue": 220455
        },
        "2011-03": {
            "month": "2011-03",
            "price": "21.36",
            "revenue": 437213
        },
        "2011-04": {
            "month": "2011-04",
            "price": "25.83",
            "revenue": 369591
        },
        "2011-05": {
            "month": "2011-05",
            "price": "24.17",
            "revenue": 322315
        },
        "2011-06": {
            "month": "2011-06",
            "price": "23.50",
            "revenue": 334844
        },
        "2011-07": {
            "month": "2011-07",
            "price": "24.28",
            "revenue": 323100
        },
        "2011-08": {
            "month": "2011-08",
            "price": "22.52",
            "revenue": 367488
        },
        "2011-09": {
            "month": "2011-09",
            "price": "22.04",
            "revenue": 373724
        },
        "2011-10": {
            "month": "2011-10",
            "price": "21.44",
            "revenue": 354282
        },
        "2011-11": {
            "month": "2011-11",
            "price": "21.45",
            "revenue": 378213
        },
        "2011-12": {
            "month": "2011-12",
            "price": "21.51",
            "revenue": 379584
        },
        "2012-01": {
            "month": "2012-01",
            "price": "22.66",
            "revenue": 253128
        },
        "2012-02": {
            "month": "2012-02",
            "price": "28.50",
            "revenue": 416423
        },
        "2012-03": {
            "month": "2012-03",
            "price": "28.83",
            "revenue": 477688
        },
        "2012-04": {
            "month": "2012-04",
            "price": "27.48",
            "revenue": 418115
        },
        "2012-05": {
            "month": "2012-05",
            "price": "24.96",
            "revenue": 443370
        },
        "2012-06": {
            "month": "2012-06",
            "price": "23.62",
            "revenue": 410486
        },
        "2012-07": {
            "month": "2012-07",
            "price": "25.28",
            "revenue": 419852
        },
        "2012-08": {
            "month": "2012-08",
            "price": "26.60",
            "revenue": 432041
        },
        "2012-09": {
            "month": "2012-09",
            "price": "25.78",
            "revenue": 399356
        },
        "2012-10": {
            "month": "2012-10",
            "price": "23.10",
            "revenue": 423928
        },
        "2012-11": {
            "month": "2012-11",
            "price": "21.97",
            "revenue": 419244
        },
        "2012-12": {
            "month": "2012-12",
            "price": "22.13",
            "revenue": 360686
        },
        "2013-01": {
            "month": "2013-01",
            "price": "22.54",
            "revenue": 383986
        },
        "2013-02": {
            "month": "2013-02",
            "price": "23.06",
            "revenue": 307971
        },
        "2013-03": {
            "month": "2013-03",
            "price": "23.66",
            "revenue": 458883
        },
        "2013-04": {
            "month": "2013-04",
            "price": "26.96",
            "revenue": 415220
        },
        "2013-05": {
            "month": "2013-05",
            "price": "26.28",
            "revenue": 417557
        },
        "2013-06": {
            "month": "2013-06",
            "price": "32.51",
            "revenue": 395211
        },
        "2013-07": {
            "month": "2013-07",
            "price": "29.91",
            "revenue": 410100
        },
        "2013-08": {
            "month": "2013-08",
            "price": "28.03",
            "revenue": 414924
        },
        "2013-09": {
            "month": "2013-09",
            "price": "27.92",
            "revenue": 382439
        },
        "2013-10": {
            "month": "2013-10",
            "price": "26.76",
            "revenue": 436909
        },
        "2013-11": {
            "month": "2013-11",
            "price": "26.39",
            "revenue": 408030
        },
        "2013-12": {
            "month": "2013-12",
            "price": "26.44",
            "revenue": 419324
        },
        "2014-01": {
            "month": "2014-01",
            "price": "26.99",
            "revenue": 326367
        },
        "2014-02": {
            "month": "2014-02",
            "price": "26.50",
            "revenue": 359198
        },
        "2014-03": {
            "month": "2014-03",
            "price": "26.21",
            "revenue": 438124
        },
        "2014-04": {
            "month": "2014-04",
            "price": "26.18",
            "revenue": 445320
        },
        "2014-05": {
            "month": "2014-05",
            "price": "24.83",
            "revenue": 395871
        },
        "2014-06": {
            "month": "2014-06",
            "price": "25.03",
            "revenue": 395406
        },
        "2014-07": {
            "month": "2014-07",
            "price": "24.31",
            "revenue": 441143
        },
        "2014-08": {
            "month": "2014-08",
            "price": "21.93",
            "revenue": 415755
        },
        "2014-09": {
            "month": "2014-09",
            "price": "22.44",
            "revenue": 430572
        },
        "2014-10": {
            "month": "2014-10",
            "price": "21.66",
            "revenue": 464349
        },
        "2014-11": {
            "month": "2014-11",
            "price": "22.46",
            "revenue": 414317
        },
        "2014-12": {
            "month": "2014-12",
            "price": "23.94",
            "revenue": 467358
        },
        "2015-01": {
            "month": "2015-01",
            "price": "24.95",
            "revenue": 387591
        },
        "2015-02": {
            "month": "2015-02",
            "price": "24.97",
            "revenue": 283238
        },
        "2015-03": {
            "month": "2015-03",
            "price": "26.42",
            "revenue": 427172
        },
        "2015-04": {
            "month": "2015-04",
            "price": "29.75",
            "revenue": 417841
        },
        "2015-05": {
            "month": "2015-05",
            "price": "30.14",
            "revenue": 396633
        },
        "2015-06": {
            "month": "2015-06",
            "price": "27.62",
            "revenue": 357673
        },
        "2015-07": {
            "month": "2015-07",
            "price": "26.64",
            "revenue": 367767
        },
        "2015-08": {
            "month": "2015-08",
            "price": "27.23",
            "revenue": 360524
        },
        "2015-09": {
            "month": "2015-09",
            "price": "29.16",
            "revenue": 379655
        },
        "2015-10": {
            "month": "2015-10",
            "price": "33.15",
            "revenue": 379531
        },
        "2015-11": {
            "month": "2015-11",
            "price": "32.74",
            "revenue": 361294
        },
        "2015-12": {
            "month": "2015-12",
            "price": "30.79",
            "revenue": 382707
        },
        "2016-01": {
            "month": "2016-01",
            "price": "31.73",
            "revenue": 335732
        },
        "2016-02": {
            "month": "2016-02",
            "price": "33.24",
            "revenue": 285792
        },
        "2016-03": {
            "month": "2016-03",
            "price": "34.63",
            "revenue": 450281
        },
        "2016-04": {
            "month": "2016-04",
            "price": "34.17",
            "revenue": 412244
        },
        "2016-05": {
            "month": "2016-05",
            "price": "34.41",
            "revenue": 411027
        },
        "2016-06": {
            "month": "2016-06",
            "price": "36.84",
            "revenue": 409804
        },
        "2016-07": {
            "month": "2016-07",
            "price": "36.95",
            "revenue": 419292
        },
        "2016-08": {
            "month": "2016-08",
            "price": "37.75",
            "revenue": 395512
        },
        "2016-09": {
            "month": "2016-09",
            "price": "36.24",
            "revenue": 326733
        },
        "2016-10": {
            "month": "2016-10",
            "price": "34.22",
            "revenue": 388059
        },
        "2016-11": {
            "month": "2016-11",
            "price": "33.78",
            "revenue": 400135
        },
        "2016-12": {
            "month": "2016-12",
            "price": "34.00",
            "revenue": 420347
        },
        "2017-01": {
            "month": "2017-01",
            "price": "34.75",
            "revenue": 335569
        },
        "2017-02": {
            "month": "2017-02",
            "price": "34.79",
            "revenue": 342865
        },
        "2017-03": {
            "month": "2017-03",
            "price": "34.83",
            "revenue": 460687
        },
        "2017-04": {
            "month": "2017-04",
            "price": "34.18",
            "revenue": 379343
        },
        "2017-05": {
            "month": "2017-05",
            "price": "31.85",
            "revenue": 376824
        },
        "2017-06": {
            "month": "2017-06",
            "price": "31.78",
            "revenue": 428538
        },
        "2017-07": {
            "month": "2017-07",
            "price": "30.91",
            "revenue": 416207
        },
        "2017-08": {
            "month": "2017-08",
            "price": "30.18",
            "revenue": 465021
        },
        "2017-09": {
            "month": "2017-09",
            "price": "31.51",
            "revenue": 447057
        },
        "2017-10": {
            "month": "2017-10",
            "price": "33.40",
            "revenue": 412013
        },
        "2017-11": {
            "month": "2017-11",
            "price": "33.71",
            "revenue": 436288
        },
        "2017-12": {
            "month": "2017-12",
            "price": "34.33",
            "revenue": 441212
        },
        "2018-01": {
            "month": "2018-01",
            "price": "34.47",
            "revenue": 448692
        },
        "2018-02": {
            "month": "2018-02",
            "price": "33.43",
            "revenue": 269024
        },
        "2018-03": {
            "month": "2018-03",
            "price": "33.77",
            "revenue": 483022
        },
        "2018-04": {
            "month": "2018-04",
            "price": "33.81",
            "revenue": 408522
        },
        "2018-05": {
            "month": "2018-05",
            "price": "33.68",
            "revenue": 455818
        },
        "2018-06": {
            "month": "2018-06",
            "price": "34.02",
            "revenue": 414266
        },
        "2018-07": {
            "month": "2018-07",
            "price": "32.39",
            "revenue": 389560
        },
        "2018-08": {
            "month": "2018-08",
            "price": "30.79",
            "revenue": 426543
        },
        "2018-09": {
            "month": "2018-09",
            "price": "30.17",
            "revenue": 358657
        },
        "2018-10": {
            "month": "2018-10",
            "price": "27.88",
            "revenue": 372256
        },
        "2018-11": {
            "month": "2018-11",
            "price": "27.12",
            "revenue": 344585
        },
        "2018-12": {
            "month": "2018-12",
            "price": "26.68",
            "revenue": 377004
        },
        "2019-01": {
            "month": "2019-01",
            "price": "26.57",
            "revenue": 403153
        },
        "2019-02": {
            "month": "2019-02",
            "price": "27.38",
            "revenue": 329059
        },
        "2019-03": {
            "month": "2019-03",
            "price": "29.12",
            "revenue": 398863
        },
        "2019-04": {
            "month": "2019-04",
            "price": "29.16",
            "revenue": 407465
        },
        "2019-05": {
            "month": "2019-05",
            "price": "29.30",
            "revenue": 387105
        },
        "2019-06": {
            "month": "2019-06",
            "price": "29.48",
            "revenue": 343542
        },
        "2019-07": {
            "month": "2019-07",
            "price": "27.87",
            "revenue": 341638
        },
        "2019-08": {
            "month": "2019-08",
            "price": "27.31",
            "revenue": 332726
        },
        "2019-09": {
            "month": "2019-09",
            "price": "27.39",
            "revenue": 333549
        },
        "2019-10": {
            "month": "2019-10",
            "price": "27.32",
            "revenue": 359007
        },
        "2019-11": {
            "month": "2019-11",
            "price": "27.42",
            "revenue": 331156
        },
        "2019-12": {
            "month": "2019-12",
            "price": "27.60",
            "revenue": 323091
        },
        "2020-01": {
            "month": "2020-01",
            "price": "27.31",
            "revenue": 249488
        },
        "2020-02": {
            "month": "2020-02",
            "price": "26.55",
            "revenue": 287466
        },
        "2020-03": {
            "month": "2020-03",
            "price": "25.27",
            "revenue": 414176
        },
        "2020-04": {
            "month": "2020-04",
            "price": "25.63",
            "revenue": 315217
        },
        "2020-05": {
            "month": "2020-05",
            "price": "27.20",
            "revenue": 279843
        },
        "2020-06": {
            "month": "2020-06",
            "price": "27.73",
            "revenue": 252817
        },
        "2020-07": {
            "month": "2020-07",
            "price": "25.86",
            "revenue": 281540
        },
        "2020-08": {
            "month": "2020-08",
            "price": "26.71",
            "revenue": 310353
        },
        "2020-09": {
            "month": "2020-09",
            "price": "28.09",
            "revenue": 343680
        },
        "2020-10": {
            "month": "2020-10",
            "price": "27.67",
            "revenue": 325267
        },
        "2020-11": {
            "month": "2020-11",
            "price": "27.93",
            "revenue": 349799
        },
        "2020-12": {
            "month": "2020-12",
            "price": "29.99",
            "revenue": 413563
        },
        "2021-01": {
            "month": "2021-01",
            "price": "30.81",
            "revenue": 418667
        },
        "2021-02": {
            "month": "2021-02",
            "price": "30.87",
            "revenue": 260982
        },
        "2021-03": {
            "month": "2021-03",
            "price": "33.06",
            "revenue": 453905
        },
        "2021-04": {
            "month": "2021-04",
            "price": "36.56",
            "revenue": 402600
        },
        "2021-05": {
            "month": "2021-05",
            "price": "34.20",
            "revenue": 348321
        },
        "2021-06": {
            "month": "2021-06",
            "price": "33.83",
            "revenue": 412672
        },
        "2021-07": {
            "month": "2021-07",
            "price": "36.98",
            "revenue": 399863
        },
        "2021-08": {
            "month": "2021-08",
            "price": "36.90",
            "revenue": 404410
        },
        "2021-09": {
            "month": "2021-09",
            "price": "40.70",
            "revenue": 383266
        },
        "2021-10": {
            "month": "2021-10",
            "price": "39.63",
            "revenue": 455815
        },
        "2021-11": {
            "month": "2021-11",
            "price": "42.98",
            "revenue": 449574
        },
        "2021-12": {
            "month": "2021-12",
            "price": "42.75",
            "revenue": 439241
        },
        "2022-01": {
            "month": "2022-01",
            "price": "43.42",
            "revenue": 468424
        },
        "2022-02": {
            "month": "2022-02",
            "price": "44.01",
            "revenue": 339737
        },
        "2022-03": {
            "month": "2022-03",
            "price": "43.39",
            "revenue": 541216
        },
        "2022-04": {
            "month": "2022-04",
            "price": "41.50",
            "revenue": 390581
        },
        "2022-05": {
            "month": "2022-05",
            "price": "40.68",
            "revenue": 405470
        },
        "2022-06": {
            "month": "2022-06",
            "price": "39.98",
            "revenue": 381645
        },
        "2022-07": {
            "month": "2022-07",
            "price": "34.95",
            "revenue": 378792
        },
        "2022-08": {
            "month": "2022-08",
            "price": "36.83",
            "revenue": 285783
        },
        "2022-09": {
            "month": "2022-09",
            "price": "36.42",
            "revenue": 269990
        },
        "2022-10": {
            "month": "2022-10",
            "price": "33.22",
            "revenue": 239244
        },
        "2022-11": {
            "month": "2022-11",
            "price": "33.09",
            "revenue": 236771
        },
        "2022-12": {
            "month": "2022-12",
            "price": "34.13",
            "revenue": 285817
        },
        "2023-01": {
            "month": "2023-01",
            "price": "33.75",
            "revenue": 162763
        },
        "2023-02": {
            "month": "2023-02",
            "price": "35.22",
            "revenue": 251110
        },
        "2023-03": {
            "month": "2023-03",
            "price": "35.15",
            "revenue": 325732
        },
        "2023-04": {
            "month": "2023-04",
            "price": "35.42",
            "revenue": 279465
        }
    }
}
