{
    "summary": {
        "stock_name": "信昌化",
        "stock_id": "4725",
        "category": "化工",
        "main_business": "酚系列產品生產銷售<br>化學原料批發零售<br>其他化學製品批發零售",
        "website_url": "http://www.tpcc.com.tw",
        "ceo": "趙天福",
        "pe_ratio": -1,
        "report_year_from": 2005,
        "report_year_to": 2020,
        "age": 18,
        "eps_negative_percentage": 53,
        "eps_growth_avg": {
            "last_all": -3.96,
            "last_2y": -100,
            "last_4y": -100,
            "last_8y": -100,
            "last_12y": -21.29,
            "last_16y": null,
            "last_20y": null,
            "at_2006_last_3y": null,
            "at_2007_last_3y": null,
            "at_2008_last_3y": null,
            "at_2009_last_3y": null,
            "at_2010_last_3y": 51.21,
            "at_2011_last_3y": 18.07,
            "at_2012_last_3y": 16.86,
            "at_2013_last_3y": -10.85,
            "at_2014_last_3y": -66.27,
            "at_2015_last_3y": -100,
            "at_2016_last_3y": null,
            "at_2017_last_3y": null,
            "at_2018_last_3y": null,
            "at_2019_last_3y": -100,
            "at_2020_last_3y": -100,
            "at_2021_last_3y": -100,
            "at_2022_last_3y": -100,
            "at_2023_last_3y": -100,
            "at_2006_last_all": null,
            "at_2007_last_all": null,
            "at_2008_last_all": 2.42,
            "at_2009_last_all": 34.94,
            "at_2010_last_all": 51.21,
            "at_2011_last_all": 34.46,
            "at_2012_last_all": 12.05,
            "at_2013_last_all": 12.05,
            "at_2014_last_all": 12.05,
            "at_2015_last_all": 12.05,
            "at_2016_last_all": 12.05,
            "at_2017_last_all": 12.05,
            "at_2018_last_all": 12.05,
            "at_2019_last_all": -3.96,
            "at_2020_last_all": -3.96,
            "at_2021_last_all": -3.96,
            "at_2022_last_all": -3.96,
            "at_2023_last_all": -3.96
        },
        "latest_eps": -13.25,
        "latest_price": 17.9,
        "latest_roe": -95.2,
        "latest_gross_margin": 7.94,
        "latest_equity": 916663,
        "latest_revenue": 2175887,
        "latest_gross_profit": 172827,
        "latest_net_income": 2953,
        "latest_debt_ratio": 89.28,
        "latest_current_ratio": 123.35,
        "latest_account_receivable_turnover_ratio": 1.99,
        "latest_inventory_turnover_ratio": 3.87,
        "latest_reinvestment_rate": null,
        "latest_research_to_sale_ratio": 0.44
    },
    "eps_dividends": {
        "2001": {
            "cash": 0,
            "stock": 0,
            "eps": 0
        },
        "2002": {
            "cash": 0,
            "stock": 0,
            "eps": 0
        },
        "2003": {
            "cash": 0,
            "stock": 0,
            "eps": 0
        },
        "2004": {
            "cash": 0,
            "stock": 0,
            "eps": 0
        },
        "2005": {
            "cash": 0,
            "stock": 0,
            "eps": 0
        },
        "2006": {
            "cash": 0,
            "stock": 0,
            "eps": 1.26
        },
        "2007": {
            "cash": 1.5,
            "stock": 0,
            "eps": 8.9
        },
        "2008": {
            "cash": 6.5,
            "stock": 0,
            "eps": 0.43
        },
        "2009": {
            "cash": 0.31,
            "stock": 0,
            "eps": 1.57
        },
        "2010": {
            "cash": 1.02,
            "stock": 0,
            "eps": 11.86
        },
        "2011": {
            "cash": 14.66,
            "stock": 0,
            "eps": 8
        },
        "2012": {
            "cash": 0,
            "stock": 0,
            "eps": -0.33
        },
        "2013": {
            "cash": 0.4,
            "stock": 0,
            "eps": -2.24
        },
        "2014": {
            "cash": 0,
            "stock": 0,
            "eps": -1.97
        },
        "2015": {
            "cash": 0,
            "stock": 0,
            "eps": -6.38
        },
        "2016": {
            "cash": 0,
            "stock": 0,
            "eps": -1.43
        },
        "2017": {
            "cash": 0,
            "stock": 0,
            "eps": -1.21
        },
        "2018": {
            "cash": 0,
            "stock": 0,
            "eps": 1.14
        },
        "2019": {
            "cash": 0,
            "stock": 0,
            "eps": -6.9
        },
        "2020": {
            "cash": 0,
            "stock": 0,
            "eps": -3.08
        }
    },
    "dividends": {
        "2007-03-19": {
            "cash": 1.5,
            "stock": 0
        },
        "2008-04-22": {
            "cash": 6.5,
            "stock": 0
        },
        "2009-04-28": {
            "cash": 0.31,
            "stock": 0
        },
        "2010-04-28": {
            "cash": 1.02,
            "stock": 0
        },
        "2011-01-01": {
            "cash": 6.35,
            "stock": 0
        },
        "2011-04-20": {
            "cash": 8.31,
            "stock": 0
        },
        "2013-03-25": {
            "cash": 0.4,
            "stock": 0
        }
    },
    "prices": {
        "200101": "無",
        "200102": "無",
        "200103": "無",
        "200104": "無",
        "200105": "無",
        "200106": "無",
        "200107": "無",
        "200108": "無",
        "200109": "無",
        "200110": "無",
        "200111": "無",
        "200112": "無",
        "200201": "無",
        "200202": "無",
        "200203": "無",
        "200204": "無",
        "200205": "無",
        "200206": "無",
        "200207": "無",
        "200208": "無",
        "200209": "無",
        "200210": "無",
        "200211": "無",
        "200212": "無",
        "200301": "無",
        "200302": "無",
        "200303": "無",
        "200304": "無",
        "200305": "無",
        "200306": "無",
        "200307": "無",
        "200308": "無",
        "200309": "無",
        "200310": "無",
        "200311": "無",
        "200312": "無",
        "200401": "無",
        "200402": "無",
        "200403": "無",
        "200404": "無",
        "200405": "無",
        "200406": "無",
        "200407": "無",
        "200408": "無",
        "200409": "無",
        "200410": "無",
        "200411": "無",
        "200412": "無",
        "200501": "無",
        "200502": "無",
        "200503": "無",
        "200504": "無",
        "200505": "無",
        "200506": "無",
        "200507": "無",
        "200508": "無",
        "200509": "無",
        "200510": "無",
        "200511": "無",
        "200512": "無",
        "200601": "無",
        "200602": "無",
        "200603": "無",
        "200604": "無",
        "200605": "無",
        "200606": "無",
        "200607": "無",
        "200608": "無",
        "200609": "無",
        "200610": "21.37",
        "200611": "無",
        "200612": "無",
        "200701": "21.20",
        "200702": "21.70",
        "200703": "22.68",
        "200704": "35.26",
        "200705": "41.73",
        "200706": "56.39",
        "200707": "83.85",
        "200708": "98.33",
        "200709": "103.25",
        "200710": "104.85",
        "200711": "99.13",
        "200712": "96.53",
        "200801": "83.51",
        "200802": "69.76",
        "200803": "73.38",
        "200804": "80.17",
        "200805": "79.45",
        "200806": "69.67",
        "200807": "61.75",
        "200808": "47.51",
        "200809": "34.95",
        "200810": "25.34",
        "200811": "19.58",
        "200812": "18.66",
        "200901": "18.55",
        "200902": "18.26",
        "200903": "21.53",
        "200904": "25.74",
        "200905": "25.88",
        "200906": "24.81",
        "200907": "25.47",
        "200908": "26.48",
        "200909": "30.10",
        "200910": "31.14",
        "200911": "28.33",
        "200912": "30.30",
        "201001": "32.41",
        "201002": "29.07",
        "201003": "42.00",
        "201004": "56.68",
        "201005": "54.90",
        "201006": "53.09",
        "201007": "58.66",
        "201008": "71.42",
        "201009": "70.57",
        "201010": "76.55",
        "201011": "84.51",
        "201012": "85.41",
        "201101": "81.88",
        "201102": "79.27",
        "201103": "86.38",
        "201104": "122.79",
        "201105": "131.57",
        "201106": "119.57",
        "201107": "120.60",
        "201108": "116.29",
        "201109": "98.19",
        "201110": "87.10",
        "201111": "78.90",
        "201112": "64.80",
        "201201": "70.45",
        "201202": "80.22",
        "201203": "83.41",
        "201204": "72.76",
        "201205": "69.26",
        "201206": "71.11",
        "201207": "61.73",
        "201208": "54.73",
        "201209": "48.60",
        "201210": "43.79",
        "201211": "35.15",
        "201212": "39.16",
        "201301": "39.58",
        "201302": "38.76",
        "201303": "36.46",
        "201304": "32.68",
        "201305": "32.52",
        "201306": "32.04",
        "201307": "29.94",
        "201308": "32.21",
        "201309": "32.06",
        "201310": "30.78",
        "201311": "27.70",
        "201312": "27.25",
        "201401": "28.23",
        "201402": "27.73",
        "201403": "30.88",
        "201404": "30.58",
        "201405": "30.01",
        "201406": "29.78",
        "201407": "28.75",
        "201408": "27.54",
        "201409": "26.30",
        "201410": "21.11",
        "201411": "20.62",
        "201412": "21.96",
        "201501": "25.69",
        "201502": "24.29",
        "201503": "24.99",
        "201504": "25.44",
        "201505": "22.80",
        "201506": "18.96",
        "201507": "17.69",
        "201508": "12.89",
        "201509": "13.13",
        "201510": "15.83",
        "201511": "16.35",
        "201512": "14.60",
        "201601": "13.53",
        "201602": "14.98",
        "201603": "15.39",
        "201604": "14.51",
        "201605": "13.32",
        "201606": "12.72",
        "201607": "13.51",
        "201608": "15.70",
        "201609": "15.68",
        "201610": "16.13",
        "201611": "16.52",
        "201612": "20.93",
        "201701": "23.01",
        "201702": "25.41",
        "201703": "24.02",
        "201704": "22.83",
        "201705": "20.88",
        "201706": "21.22",
        "201707": "20.37",
        "201708": "18.82",
        "201709": "18.53",
        "201710": "18.51",
        "201711": "20.51",
        "201712": "27.66",
        "201801": "36.04",
        "201802": "28.33",
        "201803": "24.42",
        "201804": "23.09",
        "201805": "27.48",
        "201806": "30.34",
        "201807": "30.95",
        "201808": "31.92",
        "201809": "31.90",
        "201810": "28.67",
        "201811": "25.50",
        "201812": "24.36",
        "201901": "22.34",
        "201902": "23.76",
        "201903": "23.31",
        "201904": "22.75",
        "201905": "20.13",
        "201906": "19.59",
        "201907": "18.95",
        "201908": "16.82",
        "201909": "17.70",
        "201910": "15.56",
        "201911": "13.20",
        "201912": "12.82",
        "202001": "12.00",
        "202002": "11.19",
        "202003": "8.31",
        "202004": "8.36",
        "202005": "7.62",
        "202006": "6.48",
        "202007": "13.59",
        "202008": "17.88",
        "202009": "17.66",
        "202010": "17.77",
        "202011": "17.82",
        "202012": "17.92",
        "202101": "17.92",
        "202102": "無",
        "202103": "無",
        "202104": "無",
        "202105": "無",
        "202106": "無",
        "202107": "無",
        "202108": "無",
        "202109": "無",
        "202110": "無",
        "202111": "無",
        "202112": "無",
        "202201": "無",
        "202202": "無",
        "202203": "無",
        "202204": "無",
        "202205": "無",
        "202206": "無",
        "202207": "無",
        "202208": "無",
        "202209": "無",
        "202210": "無",
        "202211": "無",
        "202212": "無",
        "202301": "無",
        "202302": "無",
        "202303": "無",
        "202304": "無",
        "202305": "無"
    },
    "quarters": {
        "20011": {
            "year_quarter": 20011,
            "year": 2001,
            "quarter": 1,
            "eps": null,
            "eps_growth_year": null,
            "eps_4q": null,
            "eps_4q_growth_year": null,
            "roe": null,
            "roe_4q": 0,
            "gross_profit": null,
            "gross_margin": null,
            "gross_margin_4q_avg": 0,
            "net_income": null,
            "revenue": null,
            "common_shares": null,
            "book_valuer_per_share": null,
            "book_valuer_per_share_4q_avg": 0,
            "equity": null,
            "current_ratio": null,
            "debt_ratio": null,
            "inventory_turnover_ratio": null,
            "account_receivable_turnover_ratio": null,
            "reinvestment_rate": null,
            "research_to_sale_ratio": null,
            "price_fair": 0,
            "eps_avg_yearly": 0,
            "eps_latest_yearly": 0,
            "eps_growth_yearly": 0
        },
        "20012": {
            "year_quarter": 20012,
            "year": 2001,
            "quarter": 2,
            "eps": null,
            "eps_growth_year": null,
            "eps_4q": null,
            "eps_4q_growth_year": null,
            "roe": null,
            "roe_4q": 0,
            "gross_profit": null,
            "gross_margin": null,
            "gross_margin_4q_avg": 0,
            "net_income": null,
            "revenue": null,
            "common_shares": null,
            "book_valuer_per_share": null,
            "book_valuer_per_share_4q_avg": 0,
            "equity": null,
            "current_ratio": null,
            "debt_ratio": null,
            "inventory_turnover_ratio": null,
            "account_receivable_turnover_ratio": null,
            "reinvestment_rate": null,
            "research_to_sale_ratio": null,
            "price_fair": 0,
            "eps_avg_yearly": 0,
            "eps_latest_yearly": 0,
            "eps_growth_yearly": 0
        },
        "20013": {
            "year_quarter": 20013,
            "year": 2001,
            "quarter": 3,
            "eps": null,
            "eps_growth_year": null,
            "eps_4q": null,
            "eps_4q_growth_year": null,
            "roe": null,
            "roe_4q": 0,
            "gross_profit": null,
            "gross_margin": null,
            "gross_margin_4q_avg": 0,
            "net_income": null,
            "revenue": null,
            "common_shares": null,
            "book_valuer_per_share": null,
            "book_valuer_per_share_4q_avg": 0,
            "equity": null,
            "current_ratio": null,
            "debt_ratio": null,
            "inventory_turnover_ratio": null,
            "account_receivable_turnover_ratio": null,
            "reinvestment_rate": null,
            "research_to_sale_ratio": null,
            "price_fair": 0,
            "eps_avg_yearly": 0,
            "eps_latest_yearly": 0,
            "eps_growth_yearly": 0
        },
        "20014": {
            "year_quarter": 20014,
            "year": 2001,
            "quarter": 4,
            "eps": null,
            "eps_growth_year": null,
            "eps_4q": null,
            "eps_4q_growth_year": null,
            "roe": null,
            "roe_4q": 0,
            "gross_profit": null,
            "gross_margin": null,
            "gross_margin_4q_avg": 0,
            "net_income": null,
            "revenue": null,
            "common_shares": 2650000,
            "book_valuer_per_share": 10.47,
            "book_valuer_per_share_4q_avg": 2.62,
            "equity": 2774540,
            "current_ratio": 103.23,
            "debt_ratio": 35.02,
            "inventory_turnover_ratio": null,
            "account_receivable_turnover_ratio": null,
            "reinvestment_rate": null,
            "research_to_sale_ratio": null,
            "price_fair": 0,
            "eps_avg_yearly": 0,
            "eps_latest_yearly": 0,
            "eps_growth_yearly": 0
        },
        "20021": {
            "year_quarter": 20021,
            "year": 2002,
            "quarter": 1,
            "eps": null,
            "eps_growth_year": null,
            "eps_4q": null,
            "eps_4q_growth_year": null,
            "roe": null,
            "roe_4q": 0,
            "gross_profit": null,
            "gross_margin": null,
            "gross_margin_4q_avg": 0,
            "net_income": null,
            "revenue": null,
            "common_shares": null,
            "book_valuer_per_share": null,
            "book_valuer_per_share_4q_avg": 2.62,
            "equity": null,
            "current_ratio": null,
            "debt_ratio": null,
            "inventory_turnover_ratio": null,
            "account_receivable_turnover_ratio": null,
            "reinvestment_rate": null,
            "research_to_sale_ratio": null,
            "price_fair": 0,
            "eps_avg_yearly": 0,
            "eps_latest_yearly": 0,
            "eps_growth_yearly": 0
        },
        "20022": {
            "year_quarter": 20022,
            "year": 2002,
            "quarter": 2,
            "eps": null,
            "eps_growth_year": null,
            "eps_4q": null,
            "eps_4q_growth_year": null,
            "roe": null,
            "roe_4q": 0,
            "gross_profit": null,
            "gross_margin": null,
            "gross_margin_4q_avg": 0,
            "net_income": null,
            "revenue": null,
            "common_shares": null,
            "book_valuer_per_share": null,
            "book_valuer_per_share_4q_avg": 2.62,
            "equity": null,
            "current_ratio": null,
            "debt_ratio": null,
            "inventory_turnover_ratio": null,
            "account_receivable_turnover_ratio": null,
            "reinvestment_rate": null,
            "research_to_sale_ratio": null,
            "price_fair": 0,
            "eps_avg_yearly": 0,
            "eps_latest_yearly": 0,
            "eps_growth_yearly": 0
        },
        "20023": {
            "year_quarter": 20023,
            "year": 2002,
            "quarter": 3,
            "eps": null,
            "eps_growth_year": null,
            "eps_4q": null,
            "eps_4q_growth_year": null,
            "roe": null,
            "roe_4q": 0,
            "gross_profit": null,
            "gross_margin": null,
            "gross_margin_4q_avg": 0,
            "net_income": null,
            "revenue": null,
            "common_shares": null,
            "book_valuer_per_share": null,
            "book_valuer_per_share_4q_avg": 2.62,
            "equity": null,
            "current_ratio": null,
            "debt_ratio": null,
            "inventory_turnover_ratio": null,
            "account_receivable_turnover_ratio": null,
            "reinvestment_rate": null,
            "research_to_sale_ratio": null,
            "price_fair": 0,
            "eps_avg_yearly": 0,
            "eps_latest_yearly": 0,
            "eps_growth_yearly": 0
        },
        "20024": {
            "year_quarter": 20024,
            "year": 2002,
            "quarter": 4,
            "eps": null,
            "eps_growth_year": null,
            "eps_4q": null,
            "eps_4q_growth_year": null,
            "roe": null,
            "roe_4q": 0,
            "gross_profit": null,
            "gross_margin": null,
            "gross_margin_4q_avg": 0,
            "net_income": null,
            "revenue": null,
            "common_shares": 2689750,
            "book_valuer_per_share": 11.38,
            "book_valuer_per_share_4q_avg": 2.85,
            "equity": 3061470,
            "current_ratio": 142.63,
            "debt_ratio": 28.11,
            "inventory_turnover_ratio": null,
            "account_receivable_turnover_ratio": null,
            "reinvestment_rate": null,
            "research_to_sale_ratio": null,
            "price_fair": 0,
            "eps_avg_yearly": 0,
            "eps_latest_yearly": 0,
            "eps_growth_yearly": 0
        },
        "20031": {
            "year_quarter": 20031,
            "year": 2003,
            "quarter": 1,
            "eps": null,
            "eps_growth_year": null,
            "eps_4q": null,
            "eps_4q_growth_year": null,
            "roe": null,
            "roe_4q": 0,
            "gross_profit": null,
            "gross_margin": null,
            "gross_margin_4q_avg": 0,
            "net_income": null,
            "revenue": null,
            "common_shares": null,
            "book_valuer_per_share": null,
            "book_valuer_per_share_4q_avg": 2.85,
            "equity": null,
            "current_ratio": null,
            "debt_ratio": null,
            "inventory_turnover_ratio": null,
            "account_receivable_turnover_ratio": null,
            "reinvestment_rate": null,
            "research_to_sale_ratio": null,
            "price_fair": 0,
            "eps_avg_yearly": 0,
            "eps_latest_yearly": 0,
            "eps_growth_yearly": 0
        },
        "20032": {
            "year_quarter": 20032,
            "year": 2003,
            "quarter": 2,
            "eps": null,
            "eps_growth_year": null,
            "eps_4q": null,
            "eps_4q_growth_year": null,
            "roe": null,
            "roe_4q": 0,
            "gross_profit": null,
            "gross_margin": null,
            "gross_margin_4q_avg": 0,
            "net_income": null,
            "revenue": null,
            "common_shares": null,
            "book_valuer_per_share": null,
            "book_valuer_per_share_4q_avg": 2.85,
            "equity": null,
            "current_ratio": null,
            "debt_ratio": null,
            "inventory_turnover_ratio": null,
            "account_receivable_turnover_ratio": null,
            "reinvestment_rate": null,
            "research_to_sale_ratio": null,
            "price_fair": 0,
            "eps_avg_yearly": 0,
            "eps_latest_yearly": 0,
            "eps_growth_yearly": 0
        },
        "20033": {
            "year_quarter": 20033,
            "year": 2003,
            "quarter": 3,
            "eps": null,
            "eps_growth_year": null,
            "eps_4q": null,
            "eps_4q_growth_year": null,
            "roe": null,
            "roe_4q": 0,
            "gross_profit": null,
            "gross_margin": null,
            "gross_margin_4q_avg": 0,
            "net_income": null,
            "revenue": null,
            "common_shares": null,
            "book_valuer_per_share": null,
            "book_valuer_per_share_4q_avg": 2.85,
            "equity": null,
            "current_ratio": null,
            "debt_ratio": null,
            "inventory_turnover_ratio": null,
            "account_receivable_turnover_ratio": null,
            "reinvestment_rate": null,
            "research_to_sale_ratio": null,
            "price_fair": 0,
            "eps_avg_yearly": 0,
            "eps_latest_yearly": 0,
            "eps_growth_yearly": 0
        },
        "20034": {
            "year_quarter": 20034,
            "year": 2003,
            "quarter": 4,
            "eps": null,
            "eps_growth_year": null,
            "eps_4q": null,
            "eps_4q_growth_year": null,
            "roe": null,
            "roe_4q": 0,
            "gross_profit": null,
            "gross_margin": null,
            "gross_margin_4q_avg": 0,
            "net_income": null,
            "revenue": null,
            "common_shares": 2689750,
            "book_valuer_per_share": 12.95,
            "book_valuer_per_share_4q_avg": 3.24,
            "equity": 3482813,
            "current_ratio": 185.07,
            "debt_ratio": 32.87,
            "inventory_turnover_ratio": null,
            "account_receivable_turnover_ratio": null,
            "reinvestment_rate": null,
            "research_to_sale_ratio": null,
            "price_fair": 0,
            "eps_avg_yearly": 0,
            "eps_latest_yearly": 0,
            "eps_growth_yearly": 0
        },
        "20041": {
            "year_quarter": 20041,
            "year": 2004,
            "quarter": 1,
            "eps": null,
            "eps_growth_year": null,
            "eps_4q": null,
            "eps_4q_growth_year": null,
            "roe": null,
            "roe_4q": 0,
            "gross_profit": null,
            "gross_margin": null,
            "gross_margin_4q_avg": 0,
            "net_income": null,
            "revenue": null,
            "common_shares": null,
            "book_valuer_per_share": null,
            "book_valuer_per_share_4q_avg": 3.24,
            "equity": null,
            "current_ratio": null,
            "debt_ratio": null,
            "inventory_turnover_ratio": null,
            "account_receivable_turnover_ratio": null,
            "reinvestment_rate": null,
            "research_to_sale_ratio": null,
            "price_fair": 0,
            "eps_avg_yearly": 0,
            "eps_latest_yearly": 0,
            "eps_growth_yearly": 0
        },
        "20042": {
            "year_quarter": 20042,
            "year": 2004,
            "quarter": 2,
            "eps": null,
            "eps_growth_year": null,
            "eps_4q": null,
            "eps_4q_growth_year": null,
            "roe": null,
            "roe_4q": 0,
            "gross_profit": null,
            "gross_margin": null,
            "gross_margin_4q_avg": 0,
            "net_income": null,
            "revenue": null,
            "common_shares": null,
            "book_valuer_per_share": null,
            "book_valuer_per_share_4q_avg": 3.24,
            "equity": null,
            "current_ratio": null,
            "debt_ratio": null,
            "inventory_turnover_ratio": null,
            "account_receivable_turnover_ratio": null,
            "reinvestment_rate": null,
            "research_to_sale_ratio": null,
            "price_fair": 0,
            "eps_avg_yearly": 0,
            "eps_latest_yearly": 0,
            "eps_growth_yearly": 0
        },
        "20043": {
            "year_quarter": 20043,
            "year": 2004,
            "quarter": 3,
            "eps": null,
            "eps_growth_year": null,
            "eps_4q": null,
            "eps_4q_growth_year": null,
            "roe": null,
            "roe_4q": 0,
            "gross_profit": null,
            "gross_margin": null,
            "gross_margin_4q_avg": 0,
            "net_income": null,
            "revenue": null,
            "common_shares": null,
            "book_valuer_per_share": null,
            "book_valuer_per_share_4q_avg": 3.24,
            "equity": null,
            "current_ratio": null,
            "debt_ratio": null,
            "inventory_turnover_ratio": null,
            "account_receivable_turnover_ratio": null,
            "reinvestment_rate": null,
            "research_to_sale_ratio": null,
            "price_fair": 0,
            "eps_avg_yearly": 0,
            "eps_latest_yearly": 0,
            "eps_growth_yearly": 0
        },
        "20044": {
            "year_quarter": 20044,
            "year": 2004,
            "quarter": 4,
            "eps": null,
            "eps_growth_year": null,
            "eps_4q": null,
            "eps_4q_growth_year": null,
            "roe": null,
            "roe_4q": 0,
            "gross_profit": null,
            "gross_margin": null,
            "gross_margin_4q_avg": 0,
            "net_income": null,
            "revenue": null,
            "common_shares": 2689750,
            "book_valuer_per_share": 14.69,
            "book_valuer_per_share_4q_avg": 3.67,
            "equity": 3950237,
            "current_ratio": 233.65,
            "debt_ratio": 28.64,
            "inventory_turnover_ratio": null,
            "account_receivable_turnover_ratio": null,
            "reinvestment_rate": null,
            "research_to_sale_ratio": null,
            "price_fair": 0,
            "eps_avg_yearly": 0,
            "eps_latest_yearly": 0,
            "eps_growth_yearly": 0
        },
        "20051": {
            "year_quarter": 20051,
            "year": 2005,
            "quarter": 1,
            "eps": null,
            "eps_growth_year": null,
            "eps_4q": null,
            "eps_4q_growth_year": null,
            "roe": null,
            "roe_4q": 0,
            "gross_profit": null,
            "gross_margin": null,
            "gross_margin_4q_avg": 0,
            "net_income": null,
            "revenue": null,
            "common_shares": null,
            "book_valuer_per_share": null,
            "book_valuer_per_share_4q_avg": 3.67,
            "equity": null,
            "current_ratio": null,
            "debt_ratio": null,
            "inventory_turnover_ratio": null,
            "account_receivable_turnover_ratio": null,
            "reinvestment_rate": null,
            "research_to_sale_ratio": null,
            "price_fair": 0,
            "eps_avg_yearly": 0,
            "eps_latest_yearly": 0,
            "eps_growth_yearly": 0
        },
        "20052": {
            "year_quarter": 20052,
            "year": 2005,
            "quarter": 2,
            "eps": null,
            "eps_growth_year": null,
            "eps_4q": null,
            "eps_4q_growth_year": null,
            "roe": null,
            "roe_4q": 0,
            "gross_profit": null,
            "gross_margin": null,
            "gross_margin_4q_avg": 0,
            "net_income": null,
            "revenue": null,
            "common_shares": null,
            "book_valuer_per_share": null,
            "book_valuer_per_share_4q_avg": 3.67,
            "equity": null,
            "current_ratio": null,
            "debt_ratio": null,
            "inventory_turnover_ratio": null,
            "account_receivable_turnover_ratio": null,
            "reinvestment_rate": null,
            "research_to_sale_ratio": null,
            "price_fair": 0,
            "eps_avg_yearly": 0,
            "eps_latest_yearly": 0,
            "eps_growth_yearly": 0
        },
        "20053": {
            "year_quarter": 20053,
            "year": 2005,
            "quarter": 3,
            "eps": null,
            "eps_growth_year": null,
            "eps_4q": null,
            "eps_4q_growth_year": null,
            "roe": null,
            "roe_4q": 0,
            "gross_profit": null,
            "gross_margin": null,
            "gross_margin_4q_avg": 0,
            "net_income": null,
            "revenue": null,
            "common_shares": null,
            "book_valuer_per_share": null,
            "book_valuer_per_share_4q_avg": 3.67,
            "equity": null,
            "current_ratio": null,
            "debt_ratio": null,
            "inventory_turnover_ratio": null,
            "account_receivable_turnover_ratio": null,
            "reinvestment_rate": null,
            "research_to_sale_ratio": null,
            "price_fair": 0,
            "eps_avg_yearly": 0,
            "eps_latest_yearly": 0,
            "eps_growth_yearly": 0
        },
        "20054": {
            "year_quarter": 20054,
            "year": 2005,
            "quarter": 4,
            "eps": null,
            "eps_growth_year": null,
            "eps_4q": null,
            "eps_4q_growth_year": null,
            "roe": null,
            "roe_4q": 0,
            "gross_profit": null,
            "gross_margin": null,
            "gross_margin_4q_avg": 0,
            "net_income": null,
            "revenue": null,
            "common_shares": 2689750,
            "book_valuer_per_share": 14.76,
            "book_valuer_per_share_4q_avg": 3.69,
            "equity": 3970078,
            "current_ratio": 188.95,
            "debt_ratio": 30.98,
            "inventory_turnover_ratio": null,
            "account_receivable_turnover_ratio": null,
            "reinvestment_rate": null,
            "research_to_sale_ratio": null,
            "price_fair": 0,
            "eps_avg_yearly": 0,
            "eps_latest_yearly": 0,
            "eps_growth_yearly": 0
        },
        "20061": {
            "year_quarter": 20061,
            "year": 2006,
            "quarter": 1,
            "eps": null,
            "eps_growth_year": null,
            "eps_4q": null,
            "eps_4q_growth_year": null,
            "roe": null,
            "roe_4q": 0,
            "gross_profit": null,
            "gross_margin": null,
            "gross_margin_4q_avg": 0,
            "net_income": null,
            "revenue": null,
            "common_shares": null,
            "book_valuer_per_share": null,
            "book_valuer_per_share_4q_avg": 3.69,
            "equity": null,
            "current_ratio": null,
            "debt_ratio": null,
            "inventory_turnover_ratio": null,
            "account_receivable_turnover_ratio": null,
            "reinvestment_rate": null,
            "research_to_sale_ratio": null,
            "price_fair": 0,
            "eps_avg_yearly": 0,
            "eps_latest_yearly": 0,
            "eps_growth_yearly": 0
        },
        "20062": {
            "year_quarter": 20062,
            "year": 2006,
            "quarter": 2,
            "eps": null,
            "eps_growth_year": null,
            "eps_4q": null,
            "eps_4q_growth_year": null,
            "roe": null,
            "roe_4q": 0,
            "gross_profit": null,
            "gross_margin": null,
            "gross_margin_4q_avg": 0,
            "net_income": null,
            "revenue": null,
            "common_shares": null,
            "book_valuer_per_share": null,
            "book_valuer_per_share_4q_avg": 3.69,
            "equity": null,
            "current_ratio": null,
            "debt_ratio": null,
            "inventory_turnover_ratio": null,
            "account_receivable_turnover_ratio": null,
            "reinvestment_rate": null,
            "research_to_sale_ratio": null,
            "price_fair": 0,
            "eps_avg_yearly": 0,
            "eps_latest_yearly": 0,
            "eps_growth_yearly": 0
        },
        "20063": {
            "year_quarter": 20063,
            "year": 2006,
            "quarter": 3,
            "eps": 0.36,
            "eps_growth_year": null,
            "eps_4q": null,
            "eps_4q_growth_year": null,
            "roe": 2.27,
            "roe_4q": 2.27,
            "gross_profit": 243544,
            "gross_margin": 6.91,
            "gross_margin_4q_avg": 1.73,
            "net_income": 96163,
            "revenue": 3526784,
            "common_shares": 2689750,
            "book_valuer_per_share": 15.76,
            "book_valuer_per_share_4q_avg": 7.63,
            "equity": 4238059,
            "current_ratio": 142.67,
            "debt_ratio": 41.49,
            "inventory_turnover_ratio": 4.87,
            "account_receivable_turnover_ratio": null,
            "reinvestment_rate": null,
            "research_to_sale_ratio": null,
            "price_fair": 0,
            "eps_avg_yearly": 0,
            "eps_latest_yearly": 0,
            "eps_growth_yearly": 0
        },
        "20064": {
            "year_quarter": 20064,
            "year": 2006,
            "quarter": 4,
            "eps": 0.9,
            "eps_growth_year": null,
            "eps_4q": null,
            "eps_4q_growth_year": null,
            "roe": 5.47,
            "roe_4q": 7.74,
            "gross_profit": 371578,
            "gross_margin": 10.28,
            "gross_margin_4q_avg": 4.3,
            "net_income": 241214,
            "revenue": 3615175,
            "common_shares": 2689750,
            "book_valuer_per_share": 17.05,
            "book_valuer_per_share_4q_avg": 8.2,
            "equity": 4586332,
            "current_ratio": 285.86,
            "debt_ratio": 32.42,
            "inventory_turnover_ratio": 5.67,
            "account_receivable_turnover_ratio": null,
            "reinvestment_rate": null,
            "research_to_sale_ratio": null,
            "price_fair": 126,
            "eps_avg_yearly": 3.6,
            "eps_latest_yearly": 3.6,
            "eps_growth_yearly": 600
        },
        "20071": {
            "year_quarter": 20071,
            "year": 2007,
            "quarter": 1,
            "eps": 1.64,
            "eps_growth_year": null,
            "eps_4q": null,
            "eps_4q_growth_year": null,
            "roe": 9.29,
            "roe_4q": 17.029999999999998,
            "gross_profit": 669045,
            "gross_margin": 17.2,
            "gross_margin_4q_avg": 8.6,
            "net_income": 442027,
            "revenue": 3888784,
            "common_shares": 2689750,
            "book_valuer_per_share": 18.34,
            "book_valuer_per_share_4q_avg": 12.79,
            "equity": 4932689,
            "current_ratio": 205.18,
            "debt_ratio": 36.33,
            "inventory_turnover_ratio": 5.86,
            "account_receivable_turnover_ratio": null,
            "reinvestment_rate": null,
            "research_to_sale_ratio": null,
            "price_fair": 177.8,
            "eps_avg_yearly": 5.08,
            "eps_latest_yearly": 6.56,
            "eps_growth_yearly": 464.44
        },
        "20072": {
            "year_quarter": 20072,
            "year": 2007,
            "quarter": 2,
            "eps": 2.44,
            "eps_growth_year": null,
            "eps_4q": 5.33,
            "eps_4q_growth_year": null,
            "roe": 12.96,
            "roe_4q": 29.99,
            "gross_profit": 944485,
            "gross_margin": 19.72,
            "gross_margin_4q_avg": 13.53,
            "net_income": 657228,
            "revenue": 4788473,
            "common_shares": 2689750,
            "book_valuer_per_share": 19.38,
            "book_valuer_per_share_4q_avg": 17.63,
            "equity": 5213093,
            "current_ratio": 198.74,
            "debt_ratio": 38.38,
            "inventory_turnover_ratio": 6.08,
            "account_receivable_turnover_ratio": null,
            "reinvestment_rate": null,
            "research_to_sale_ratio": null,
            "price_fair": 232.4,
            "eps_avg_yearly": 6.64,
            "eps_latest_yearly": 9.76,
            "eps_growth_yearly": 374.67
        },
        "20073": {
            "year_quarter": 20073,
            "year": 2007,
            "quarter": 3,
            "eps": 2.57,
            "eps_growth_year": 613.89,
            "eps_4q": 7.56,
            "eps_4q_growth_year": null,
            "roe": 11.54,
            "roe_4q": 39.26,
            "gross_profit": 1004343,
            "gross_margin": 21.3,
            "gross_margin_4q_avg": 17.13,
            "net_income": 690793,
            "revenue": 4715982,
            "common_shares": 2689750,
            "book_valuer_per_share": 25.12,
            "book_valuer_per_share_4q_avg": 19.97,
            "equity": 6757828,
            "current_ratio": 264.96,
            "debt_ratio": 30.98,
            "inventory_turnover_ratio": 5.62,
            "account_receivable_turnover_ratio": null,
            "reinvestment_rate": null,
            "research_to_sale_ratio": null,
            "price_fair": 264.25,
            "eps_avg_yearly": 7.55,
            "eps_latest_yearly": 10.28,
            "eps_growth_yearly": 286.33
        },
        "20074": {
            "year_quarter": 20074,
            "year": 2007,
            "quarter": 4,
            "eps": 2.25,
            "eps_growth_year": 150,
            "eps_4q": 8.77,
            "eps_4q_growth_year": null,
            "roe": 8.83,
            "roe_4q": 42.62,
            "gross_profit": 929892,
            "gross_margin": 18.9,
            "gross_margin_4q_avg": 19.28,
            "net_income": 617762,
            "revenue": 4920267,
            "common_shares": 2919750,
            "book_valuer_per_share": 24.75,
            "book_valuer_per_share_4q_avg": 21.9,
            "equity": 7227530,
            "current_ratio": 225.9,
            "debt_ratio": 34.13,
            "inventory_turnover_ratio": 5.84,
            "account_receivable_turnover_ratio": null,
            "reinvestment_rate": null,
            "research_to_sale_ratio": null,
            "price_fair": 274.4,
            "eps_avg_yearly": 7.84,
            "eps_latest_yearly": 9,
            "eps_growth_yearly": 219.1
        },
        "20081": {
            "year_quarter": 20081,
            "year": 2008,
            "quarter": 1,
            "eps": 1.53,
            "eps_growth_year": -6.71,
            "eps_4q": 8.25,
            "eps_4q_growth_year": null,
            "roe": 5.97,
            "roe_4q": 39.3,
            "gross_profit": 678839,
            "gross_margin": 15.68,
            "gross_margin_4q_avg": 18.9,
            "net_income": 447478,
            "revenue": 4328323,
            "common_shares": 2919750,
            "book_valuer_per_share": 26.56,
            "book_valuer_per_share_4q_avg": 23.95,
            "equity": 7754733,
            "current_ratio": 224.37,
            "debt_ratio": 32.76,
            "inventory_turnover_ratio": 4.16,
            "account_receivable_turnover_ratio": null,
            "reinvestment_rate": null,
            "research_to_sale_ratio": null,
            "price_fair": 264.37,
            "eps_avg_yearly": 7.55,
            "eps_latest_yearly": 6.12,
            "eps_growth_yearly": 161.25
        },
        "20082": {
            "year_quarter": 20082,
            "year": 2008,
            "quarter": 2,
            "eps": 0.92,
            "eps_growth_year": -62.3,
            "eps_4q": 6.93,
            "eps_4q_growth_year": 29.94,
            "roe": 3.93,
            "roe_4q": 30.27,
            "gross_profit": 423446,
            "gross_margin": 7.92,
            "gross_margin_4q_avg": 15.95,
            "net_income": 268794,
            "revenue": 5349231,
            "common_shares": 2919750,
            "book_valuer_per_share": 20.27,
            "book_valuer_per_share_4q_avg": 24.18,
            "equity": 5917697,
            "current_ratio": 137.8,
            "debt_ratio": 50.62,
            "inventory_turnover_ratio": 4.95,
            "account_receivable_turnover_ratio": null,
            "reinvestment_rate": null,
            "research_to_sale_ratio": null,
            "price_fair": 245,
            "eps_avg_yearly": 7,
            "eps_latest_yearly": 3.68,
            "eps_growth_yearly": 115.43
        },
        "20083": {
            "year_quarter": 20083,
            "year": 2008,
            "quarter": 3,
            "eps": -0.06,
            "eps_growth_year": -102.33,
            "eps_4q": 4.51,
            "eps_4q_growth_year": -40.38,
            "roe": -0.32,
            "roe_4q": 18.41,
            "gross_profit": 102489,
            "gross_margin": 2,
            "gross_margin_4q_avg": 11.13,
            "net_income": -18611,
            "revenue": 5116345,
            "common_shares": 2919750,
            "book_valuer_per_share": 19.15,
            "book_valuer_per_share_4q_avg": 22.68,
            "equity": 5591121,
            "current_ratio": 153.26,
            "debt_ratio": 44.07,
            "inventory_turnover_ratio": 3.47,
            "account_receivable_turnover_ratio": null,
            "reinvestment_rate": null,
            "research_to_sale_ratio": null,
            "price_fair": 245,
            "eps_avg_yearly": 7,
            "eps_latest_yearly": 3.68,
            "eps_growth_yearly": 115.43
        },
        "20084": {
            "year_quarter": 20084,
            "year": 2008,
            "quarter": 4,
            "eps": -1.96,
            "eps_growth_year": -187.11,
            "eps_4q": 0.43,
            "eps_4q_growth_year": -95.1,
            "roe": -10.81,
            "roe_4q": -1.2300000000000013,
            "gross_profit": -805272,
            "gross_margin": -44.34,
            "gross_margin_4q_avg": -4.69,
            "net_income": -572219,
            "revenue": 1816279,
            "common_shares": 2919750,
            "book_valuer_per_share": 17.13,
            "book_valuer_per_share_4q_avg": 20.78,
            "equity": 5000224,
            "current_ratio": 102.27,
            "debt_ratio": 42.8,
            "inventory_turnover_ratio": 2.13,
            "account_receivable_turnover_ratio": 5.64,
            "reinvestment_rate": null,
            "research_to_sale_ratio": null,
            "price_fair": 245,
            "eps_avg_yearly": 7,
            "eps_latest_yearly": 3.68,
            "eps_growth_yearly": 115.43
        },
        "20091": {
            "year_quarter": 20091,
            "year": 2009,
            "quarter": 1,
            "eps": -0.24,
            "eps_growth_year": -115.69,
            "eps_4q": -1.34,
            "eps_4q_growth_year": -116.27,
            "roe": -1.41,
            "roe_4q": -8.610000000000001,
            "gross_profit": -56519,
            "gross_margin": -2.41,
            "gross_margin_4q_avg": -9.21,
            "net_income": -69909,
            "revenue": 2346539,
            "common_shares": 2919750,
            "book_valuer_per_share": 16.84,
            "book_valuer_per_share_4q_avg": 18.35,
            "equity": 4917559,
            "current_ratio": 208.19,
            "debt_ratio": 48.51,
            "inventory_turnover_ratio": 5.09,
            "account_receivable_turnover_ratio": 2.61,
            "reinvestment_rate": null,
            "research_to_sale_ratio": null,
            "price_fair": 245,
            "eps_avg_yearly": 7,
            "eps_latest_yearly": 3.68,
            "eps_growth_yearly": 115.43
        },
        "20092": {
            "year_quarter": 20092,
            "year": 2009,
            "quarter": 2,
            "eps": 0.95,
            "eps_growth_year": 3.26,
            "eps_4q": -1.31,
            "eps_4q_growth_year": -118.84,
            "roe": 5.39,
            "roe_4q": -7.150000000000001,
            "gross_profit": 356791,
            "gross_margin": 9.68,
            "gross_margin_4q_avg": -8.77,
            "net_income": 278319,
            "revenue": 3685676,
            "common_shares": 2919750,
            "book_valuer_per_share": 18.55,
            "book_valuer_per_share_4q_avg": 17.92,
            "equity": 5415153,
            "current_ratio": 198.87,
            "debt_ratio": 51.12,
            "inventory_turnover_ratio": 5.48,
            "account_receivable_turnover_ratio": 2.89,
            "reinvestment_rate": null,
            "research_to_sale_ratio": null,
            "price_fair": 245,
            "eps_avg_yearly": 7,
            "eps_latest_yearly": 3.68,
            "eps_growth_yearly": 115.43
        },
        "20093": {
            "year_quarter": 20093,
            "year": 2009,
            "quarter": 3,
            "eps": 0.11,
            "eps_growth_year": null,
            "eps_4q": -1.18,
            "eps_4q_growth_year": -126.22,
            "roe": 0.57,
            "roe_4q": -6.260000000000001,
            "gross_profit": 215273,
            "gross_margin": 5.15,
            "gross_margin_4q_avg": -7.98,
            "net_income": 30992,
            "revenue": 4177627,
            "common_shares": 2919750,
            "book_valuer_per_share": 18.92,
            "book_valuer_per_share_4q_avg": 17.86,
            "equity": 5523592,
            "current_ratio": 181.13,
            "debt_ratio": 52.17,
            "inventory_turnover_ratio": 5.19,
            "account_receivable_turnover_ratio": 2.76,
            "reinvestment_rate": null,
            "research_to_sale_ratio": null,
            "price_fair": 216.3,
            "eps_avg_yearly": 6.18,
            "eps_latest_yearly": 0.44,
            "eps_growth_yearly": 56.79
        },
        "20094": {
            "year_quarter": 20094,
            "year": 2009,
            "quarter": 4,
            "eps": 0.75,
            "eps_growth_year": null,
            "eps_4q": 1.57,
            "eps_4q_growth_year": 263.98,
            "roe": 3.88,
            "roe_4q": 8.43,
            "gross_profit": 276545,
            "gross_margin": 6.48,
            "gross_margin_4q_avg": 4.73,
            "net_income": 217577,
            "revenue": 4266731,
            "common_shares": 2919750,
            "book_valuer_per_share": 19.44,
            "book_valuer_per_share_4q_avg": 18.44,
            "equity": 5677389,
            "current_ratio": 172.04,
            "debt_ratio": 51.3,
            "inventory_turnover_ratio": 5.78,
            "account_receivable_turnover_ratio": 5.31,
            "reinvestment_rate": null,
            "research_to_sale_ratio": null,
            "price_fair": 203.93,
            "eps_avg_yearly": 5.83,
            "eps_latest_yearly": 3,
            "eps_growth_yearly": 309.07
        },
        "20101": {
            "year_quarter": 20101,
            "year": 2010,
            "quarter": 1,
            "eps": 1.57,
            "eps_growth_year": null,
            "eps_4q": 3.38,
            "eps_4q_growth_year": null,
            "roe": 7.79,
            "roe_4q": 17.63,
            "gross_profit": 647098,
            "gross_margin": 11.58,
            "gross_margin_4q_avg": 8.22,
            "net_income": 459417,
            "revenue": 5588803,
            "common_shares": 2919750,
            "book_valuer_per_share": 20.93,
            "book_valuer_per_share_4q_avg": 19.46,
            "equity": 6110698,
            "current_ratio": 168.62,
            "debt_ratio": 52.58,
            "inventory_turnover_ratio": 6.52,
            "account_receivable_turnover_ratio": 2.69,
            "reinvestment_rate": null,
            "research_to_sale_ratio": 0.49,
            "price_fair": 205.52,
            "eps_avg_yearly": 5.87,
            "eps_latest_yearly": 6.28,
            "eps_growth_yearly": 321.9
        },
        "20102": {
            "year_quarter": 20102,
            "year": 2010,
            "quarter": 2,
            "eps": 2.67,
            "eps_growth_year": 181.47,
            "eps_4q": 5.1,
            "eps_4q_growth_year": null,
            "roe": 12.31,
            "roe_4q": 24.55,
            "gross_profit": 1154684,
            "gross_margin": 18.13,
            "gross_margin_4q_avg": 10.34,
            "net_income": 780735,
            "revenue": 6367241,
            "common_shares": 2919750,
            "book_valuer_per_share": 22.52,
            "book_valuer_per_share_4q_avg": 20.45,
            "equity": 6576629,
            "current_ratio": 170.9,
            "debt_ratio": 50.29,
            "inventory_turnover_ratio": 5.2,
            "account_receivable_turnover_ratio": 2.46,
            "reinvestment_rate": 163.68,
            "research_to_sale_ratio": 0.1,
            "price_fair": 220.82,
            "eps_avg_yearly": 6.31,
            "eps_latest_yearly": 10.68,
            "eps_growth_yearly": 318.11
        },
        "20103": {
            "year_quarter": 20103,
            "year": 2010,
            "quarter": 3,
            "eps": 3.38,
            "eps_growth_year": 2970.78,
            "eps_4q": 8.37,
            "eps_4q_growth_year": null,
            "roe": 13.82,
            "roe_4q": 37.800000000000004,
            "gross_profit": 1449333,
            "gross_margin": 21.19,
            "gross_margin_4q_avg": 14.35,
            "net_income": 986250,
            "revenue": 6839823,
            "common_shares": 2919750,
            "book_valuer_per_share": 26.34,
            "book_valuer_per_share_4q_avg": 22.31,
            "equity": 7691999,
            "current_ratio": 216.87,
            "debt_ratio": 45.39,
            "inventory_turnover_ratio": 5.65,
            "account_receivable_turnover_ratio": 2.54,
            "reinvestment_rate": 81.98,
            "research_to_sale_ratio": 0.22,
            "price_fair": 241.85,
            "eps_avg_yearly": 6.91,
            "eps_latest_yearly": 13.52,
            "eps_growth_yearly": 300.47
        },
        "20104": {
            "year_quarter": 20104,
            "year": 2010,
            "quarter": 4,
            "eps": 4.24,
            "eps_growth_year": 465.46,
            "eps_4q": 11.87,
            "eps_4q_growth_year": 658.17,
            "roe": 14.76,
            "roe_4q": 48.68,
            "gross_profit": 1568768,
            "gross_margin": 23.3,
            "gross_margin_4q_avg": 18.55,
            "net_income": 1238256,
            "revenue": 6733305,
            "common_shares": 2919750,
            "book_valuer_per_share": 31.11,
            "book_valuer_per_share_4q_avg": 25.23,
            "equity": 9083479,
            "current_ratio": 199.27,
            "debt_ratio": 45.2,
            "inventory_turnover_ratio": 5.49,
            "account_receivable_turnover_ratio": 2.68,
            "reinvestment_rate": 67.37,
            "research_to_sale_ratio": 0.05,
            "price_fair": 280.82,
            "eps_avg_yearly": 8.02,
            "eps_latest_yearly": 16.96,
            "eps_growth_yearly": 258.95
        },
        "20111": {
            "year_quarter": 20111,
            "year": 2011,
            "quarter": 1,
            "eps": 3.48,
            "eps_growth_year": 121.66,
            "eps_4q": 13.77,
            "eps_4q_growth_year": 307.71,
            "roe": 10.61,
            "roe_4q": 51.5,
            "gross_profit": 1317174,
            "gross_margin": 19.1,
            "gross_margin_4q_avg": 20.43,
            "net_income": 1016021,
            "revenue": 6894819,
            "common_shares": 2919750,
            "book_valuer_per_share": 34.49,
            "book_valuer_per_share_4q_avg": 28.62,
            "equity": 10071213,
            "current_ratio": 205.11,
            "debt_ratio": 45.11,
            "inventory_turnover_ratio": 5.24,
            "account_receivable_turnover_ratio": 2.61,
            "reinvestment_rate": 59.89,
            "research_to_sale_ratio": 0.2,
            "price_fair": 302.28,
            "eps_avg_yearly": 8.64,
            "eps_latest_yearly": 13.92,
            "eps_growth_yearly": 225.56
        },
        "20112": {
            "year_quarter": 20112,
            "year": 2011,
            "quarter": 2,
            "eps": 3.21,
            "eps_growth_year": 20.1,
            "eps_4q": 14.31,
            "eps_4q_growth_year": 180.66,
            "roe": 10.04,
            "roe_4q": 49.23,
            "gross_profit": 1391598,
            "gross_margin": 18.56,
            "gross_margin_4q_avg": 20.54,
            "net_income": 937679,
            "revenue": 7497695,
            "common_shares": 2919750,
            "book_valuer_per_share": 29.46,
            "book_valuer_per_share_4q_avg": 30.35,
            "equity": 8601438,
            "current_ratio": 148.46,
            "debt_ratio": 54.52,
            "inventory_turnover_ratio": 5.13,
            "account_receivable_turnover_ratio": 2.51,
            "reinvestment_rate": 56.37,
            "research_to_sale_ratio": 0.11,
            "price_fair": 311.27,
            "eps_avg_yearly": 8.89,
            "eps_latest_yearly": 12.84,
            "eps_growth_yearly": 206.72
        },
        "20113": {
            "year_quarter": 20113,
            "year": 2011,
            "quarter": 3,
            "eps": 1.53,
            "eps_growth_year": -54.74,
            "eps_4q": 12.46,
            "eps_4q_growth_year": 48.87,
            "roe": 5.12,
            "roe_4q": 40.53,
            "gross_profit": 696737,
            "gross_margin": 9.4,
            "gross_margin_4q_avg": 17.59,
            "net_income": 446372,
            "revenue": 7416044,
            "common_shares": 2919750,
            "book_valuer_per_share": 30.29,
            "book_valuer_per_share_4q_avg": 31.34,
            "equity": 8844282,
            "current_ratio": 193.77,
            "debt_ratio": 43.89,
            "inventory_turnover_ratio": 5.1,
            "account_receivable_turnover_ratio": 2.72,
            "reinvestment_rate": 55.65,
            "research_to_sale_ratio": 0.15,
            "price_fair": 299.13,
            "eps_avg_yearly": 8.55,
            "eps_latest_yearly": 6.12,
            "eps_growth_yearly": 187.5
        },
        "20114": {
            "year_quarter": 20114,
            "year": 2011,
            "quarter": 4,
            "eps": -0.22,
            "eps_growth_year": -105.23,
            "eps_4q": 8,
            "eps_4q_growth_year": -32.6,
            "roe": -0.74,
            "roe_4q": 25.029999999999998,
            "gross_profit": 76460,
            "gross_margin": 1.4,
            "gross_margin_4q_avg": 12.12,
            "net_income": -64798,
            "revenue": 5474151,
            "common_shares": 2919750,
            "book_valuer_per_share": 29.83,
            "book_valuer_per_share_4q_avg": 31.02,
            "equity": 8708860,
            "current_ratio": 208.38,
            "debt_ratio": 38.39,
            "inventory_turnover_ratio": 4.85,
            "account_receivable_turnover_ratio": 2.44,
            "reinvestment_rate": 53.44,
            "research_to_sale_ratio": 0.44,
            "price_fair": 297.69,
            "eps_avg_yearly": 8.51,
            "eps_latest_yearly": 6.12,
            "eps_growth_yearly": 209.07
        },
        "20121": {
            "year_quarter": 20121,
            "year": 2012,
            "quarter": 1,
            "eps": 0.67,
            "eps_growth_year": -80.75,
            "eps_4q": 5.18,
            "eps_4q_growth_year": -62.36,
            "roe": 2.2,
            "roe_4q": 16.619999999999997,
            "gross_profit": 375018,
            "gross_margin": 6.01,
            "gross_margin_4q_avg": 8.84,
            "net_income": 194195,
            "revenue": 6237747,
            "common_shares": 2919750,
            "book_valuer_per_share": 30.72,
            "book_valuer_per_share_4q_avg": 30.08,
            "equity": 8968634,
            "current_ratio": 190.61,
            "debt_ratio": 41.85,
            "inventory_turnover_ratio": 4.97,
            "account_receivable_turnover_ratio": 2.43,
            "reinvestment_rate": 44.91,
            "research_to_sale_ratio": 0.14,
            "price_fair": 306.04,
            "eps_avg_yearly": 8.74,
            "eps_latest_yearly": 6.12,
            "eps_growth_yearly": 242.78
        },
        "20122": {
            "year_quarter": 20122,
            "year": 2012,
            "quarter": 2,
            "eps": -0.17,
            "eps_growth_year": -105.4,
            "eps_4q": 1.8,
            "eps_4q_growth_year": -87.43,
            "roe": -0.63,
            "roe_4q": 5.95,
            "gross_profit": 96290,
            "gross_margin": 1.49,
            "gross_margin_4q_avg": 4.58,
            "net_income": -50667,
            "revenue": 6464204,
            "common_shares": 2919750,
            "book_valuer_per_share": 24.12,
            "book_valuer_per_share_4q_avg": 28.74,
            "equity": 7043747,
            "current_ratio": 127.74,
            "debt_ratio": 51.88,
            "inventory_turnover_ratio": 4.23,
            "account_receivable_turnover_ratio": 2.18,
            "reinvestment_rate": 34.48,
            "research_to_sale_ratio": 0.18,
            "price_fair": 325.73,
            "eps_avg_yearly": 9.31,
            "eps_latest_yearly": 6.12,
            "eps_growth_yearly": 287.47
        },
        "20123": {
            "year_quarter": 20123,
            "year": 2012,
            "quarter": 3,
            "eps": -0.42,
            "eps_growth_year": -127.61,
            "eps_4q": -0.15,
            "eps_4q_growth_year": -101.22,
            "roe": -1.76,
            "roe_4q": -0.9299999999999999,
            "gross_profit": 6727,
            "gross_margin": 0.1,
            "gross_margin_4q_avg": 2.25,
            "net_income": -123225,
            "revenue": 6489522,
            "common_shares": 2919750,
            "book_valuer_per_share": 23.86,
            "book_valuer_per_share_4q_avg": 27.13,
            "equity": 6966524,
            "current_ratio": 137.62,
            "debt_ratio": 47.04,
            "inventory_turnover_ratio": 5.04,
            "account_receivable_turnover_ratio": 2.02,
            "reinvestment_rate": 27.01,
            "research_to_sale_ratio": 0.02,
            "price_fair": 325.73,
            "eps_avg_yearly": 9.31,
            "eps_latest_yearly": 6.12,
            "eps_growth_yearly": 287.47
        },
        "20124": {
            "year_quarter": 20124,
            "year": 2012,
            "quarter": 4,
            "eps": -0.41,
            "eps_growth_year": null,
            "eps_4q": -0.34,
            "eps_4q_growth_year": -104.22,
            "roe": -1.72,
            "roe_4q": -1.9100000000000001,
            "gross_profit": 19477,
            "gross_margin": 0.31,
            "gross_margin_4q_avg": 1.98,
            "net_income": -118792,
            "revenue": 6234201,
            "common_shares": 2919750,
            "book_valuer_per_share": 23.5,
            "book_valuer_per_share_4q_avg": 25.55,
            "equity": 6861473,
            "current_ratio": 107.01,
            "debt_ratio": 44.97,
            "inventory_turnover_ratio": 5.57,
            "account_receivable_turnover_ratio": 1.87,
            "reinvestment_rate": 5.08,
            "research_to_sale_ratio": 0.19,
            "price_fair": 325.73,
            "eps_avg_yearly": 9.31,
            "eps_latest_yearly": 6.12,
            "eps_growth_yearly": 287.47
        },
        "20131": {
            "year_quarter": 20131,
            "year": 2013,
            "quarter": 1,
            "eps": -0.18,
            "eps_growth_year": -126.87,
            "eps_4q": -1.18,
            "eps_4q_growth_year": -122.86,
            "roe": -0.78,
            "roe_4q": -4.89,
            "gross_profit": 59800,
            "gross_margin": 1.13,
            "gross_margin_4q_avg": 0.76,
            "net_income": -53232,
            "revenue": 5310398,
            "common_shares": 2919750,
            "book_valuer_per_share": 23.44,
            "book_valuer_per_share_4q_avg": 23.73,
            "equity": 6845072,
            "current_ratio": 108.59,
            "debt_ratio": 49.18,
            "inventory_turnover_ratio": 3.12,
            "account_receivable_turnover_ratio": 1.71,
            "reinvestment_rate": -3.2,
            "research_to_sale_ratio": 0.21,
            "price_fair": 325.73,
            "eps_avg_yearly": 9.31,
            "eps_latest_yearly": 6.12,
            "eps_growth_yearly": 287.47
        },
        "20132": {
            "year_quarter": 20132,
            "year": 2013,
            "quarter": 2,
            "eps": -0.36,
            "eps_growth_year": null,
            "eps_4q": -1.37,
            "eps_4q_growth_year": -176.23,
            "roe": -1.56,
            "roe_4q": -5.819999999999999,
            "gross_profit": 40121,
            "gross_margin": 0.68,
            "gross_margin_4q_avg": 0.56,
            "net_income": -105023,
            "revenue": 5922113,
            "common_shares": 2919750,
            "book_valuer_per_share": 22.82,
            "book_valuer_per_share_4q_avg": 23.41,
            "equity": 6661733,
            "current_ratio": 105.86,
            "debt_ratio": 49.76,
            "inventory_turnover_ratio": 2.9,
            "account_receivable_turnover_ratio": 1.78,
            "reinvestment_rate": -21.43,
            "research_to_sale_ratio": 0.19,
            "price_fair": 325.73,
            "eps_avg_yearly": 9.31,
            "eps_latest_yearly": 6.12,
            "eps_growth_yearly": 287.47
        },
        "20133": {
            "year_quarter": 20133,
            "year": 2013,
            "quarter": 3,
            "eps": -0.8,
            "eps_growth_year": null,
            "eps_4q": -1.75,
            "eps_4q_growth_year": null,
            "roe": -3.53,
            "roe_4q": -7.59,
            "gross_profit": -149079,
            "gross_margin": -2.67,
            "gross_margin_4q_avg": -0.14,
            "net_income": -232803,
            "revenue": 5588079,
            "common_shares": 2919750,
            "book_valuer_per_share": 22.33,
            "book_valuer_per_share_4q_avg": 23.02,
            "equity": 6520504,
            "current_ratio": 103.75,
            "debt_ratio": 49.37,
            "inventory_turnover_ratio": 3.21,
            "account_receivable_turnover_ratio": 1.87,
            "reinvestment_rate": -28.99,
            "research_to_sale_ratio": 0.19,
            "price_fair": 364.53,
            "eps_avg_yearly": 10.42,
            "eps_latest_yearly": 6.12,
            "eps_growth_yearly": 367.62
        },
        "20134": {
            "year_quarter": 20134,
            "year": 2013,
            "quarter": 4,
            "eps": -0.9,
            "eps_growth_year": null,
            "eps_4q": -2.24,
            "eps_4q_growth_year": null,
            "roe": -4.08,
            "roe_4q": -9.95,
            "gross_profit": -157615,
            "gross_margin": -2.74,
            "gross_margin_4q_avg": -0.9,
            "net_income": -262155,
            "revenue": 5758951,
            "common_shares": 2919750,
            "book_valuer_per_share": 21.63,
            "book_valuer_per_share_4q_avg": 22.56,
            "equity": 6315504,
            "current_ratio": 125.3,
            "debt_ratio": 58.11,
            "inventory_turnover_ratio": 4.03,
            "account_receivable_turnover_ratio": 2.25,
            "reinvestment_rate": -41.72,
            "research_to_sale_ratio": 0.19,
            "price_fair": 401.6,
            "eps_avg_yearly": 11.47,
            "eps_latest_yearly": 6.12,
            "eps_growth_yearly": 87.66
        },
        "20141": {
            "year_quarter": 20141,
            "year": 2014,
            "quarter": 1,
            "eps": -0.17,
            "eps_growth_year": null,
            "eps_4q": -2.23,
            "eps_4q_growth_year": null,
            "roe": -0.81,
            "roe_4q": -9.98,
            "gross_profit": 72280,
            "gross_margin": 1.18,
            "gross_margin_4q_avg": -0.89,
            "net_income": -50836,
            "revenue": 6115940,
            "common_shares": 2919750,
            "book_valuer_per_share": 21.28,
            "book_valuer_per_share_4q_avg": 22.02,
            "equity": 6213787,
            "current_ratio": 121.06,
            "debt_ratio": 60.76,
            "inventory_turnover_ratio": 4.14,
            "account_receivable_turnover_ratio": 2.22,
            "reinvestment_rate": -49.53,
            "research_to_sale_ratio": 0.17,
            "price_fair": 431.9,
            "eps_avg_yearly": 12.34,
            "eps_latest_yearly": 6.12,
            "eps_growth_yearly": 29.39
        },
        "20142": {
            "year_quarter": 20142,
            "year": 2014,
            "quarter": 2,
            "eps": -0.26,
            "eps_growth_year": null,
            "eps_4q": -2.13,
            "eps_4q_growth_year": null,
            "roe": -1.2,
            "roe_4q": -9.62,
            "gross_profit": 82300,
            "gross_margin": 1.27,
            "gross_margin_4q_avg": -0.74,
            "net_income": -74946,
            "revenue": 6497680,
            "common_shares": 2919750,
            "book_valuer_per_share": 21.33,
            "book_valuer_per_share_4q_avg": 21.64,
            "equity": 6228631,
            "current_ratio": 135.97,
            "debt_ratio": 59.27,
            "inventory_turnover_ratio": 3.96,
            "account_receivable_turnover_ratio": 2.36,
            "reinvestment_rate": -68.66,
            "research_to_sale_ratio": 0.14,
            "price_fair": 38.02,
            "eps_avg_yearly": 12.67,
            "eps_latest_yearly": 6.12,
            "eps_growth_yearly": -20.79
        },
        "20143": {
            "year_quarter": 20143,
            "year": 2014,
            "quarter": 3,
            "eps": -0.33,
            "eps_growth_year": null,
            "eps_4q": -1.66,
            "eps_4q_growth_year": null,
            "roe": -1.57,
            "roe_4q": -7.66,
            "gross_profit": 41701,
            "gross_margin": 0.67,
            "gross_margin_4q_avg": 0.1,
            "net_income": -97283,
            "revenue": 6257250,
            "common_shares": 2919750,
            "book_valuer_per_share": 21.07,
            "book_valuer_per_share_4q_avg": 21.33,
            "equity": 6153227,
            "current_ratio": 129.63,
            "debt_ratio": 61.58,
            "inventory_turnover_ratio": 3.86,
            "account_receivable_turnover_ratio": 2.32,
            "reinvestment_rate": -83.83,
            "research_to_sale_ratio": 0.16,
            "price_fair": 37.38,
            "eps_avg_yearly": 12.46,
            "eps_latest_yearly": 6.12,
            "eps_growth_yearly": -52.58
        },
        "20144": {
            "year_quarter": 20144,
            "year": 2014,
            "quarter": 4,
            "eps": -1.21,
            "eps_growth_year": null,
            "eps_4q": -1.97,
            "eps_4q_growth_year": null,
            "roe": -5.94,
            "roe_4q": -9.520000000000001,
            "gross_profit": -261354,
            "gross_margin": -6.17,
            "gross_margin_4q_avg": -0.76,
            "net_income": -352686,
            "revenue": 4236056,
            "common_shares": 2919750,
            "book_valuer_per_share": 19.57,
            "book_valuer_per_share_4q_avg": 20.81,
            "equity": 5713359,
            "current_ratio": 130,
            "debt_ratio": 59,
            "inventory_turnover_ratio": 2.49,
            "account_receivable_turnover_ratio": 1.83,
            "reinvestment_rate": 64.61,
            "research_to_sale_ratio": 0.22,
            "price_fair": 32.88,
            "eps_avg_yearly": 10.96,
            "eps_latest_yearly": 6.12,
            "eps_growth_yearly": -104.03
        },
        "20151": {
            "year_quarter": 20151,
            "year": 2015,
            "quarter": 1,
            "eps": -2.3,
            "eps_growth_year": null,
            "eps_4q": -4.1,
            "eps_4q_growth_year": null,
            "roe": -12.46,
            "roe_4q": -21.17,
            "gross_profit": -498459,
            "gross_margin": -15.72,
            "gross_margin_4q_avg": -4.99,
            "net_income": -670935,
            "revenue": 3169913,
            "common_shares": 2919750,
            "book_valuer_per_share": 17.33,
            "book_valuer_per_share_4q_avg": 19.83,
            "equity": 5058876,
            "current_ratio": 143.33,
            "debt_ratio": 61.29,
            "inventory_turnover_ratio": 2.36,
            "account_receivable_turnover_ratio": 1.77,
            "reinvestment_rate": null,
            "research_to_sale_ratio": 0.2,
            "price_fair": 28.44,
            "eps_avg_yearly": 9.48,
            "eps_latest_yearly": 6.12,
            "eps_growth_yearly": -120.19
        },
        "20152": {
            "year_quarter": 20152,
            "year": 2015,
            "quarter": 2,
            "eps": -1.11,
            "eps_growth_year": null,
            "eps_4q": -4.95,
            "eps_4q_growth_year": null,
            "roe": -6.67,
            "roe_4q": -26.640000000000004,
            "gross_profit": -141060,
            "gross_margin": -3.5,
            "gross_margin_4q_avg": -6.18,
            "net_income": -325792,
            "revenue": 4028636,
            "common_shares": 2919750,
            "book_valuer_per_share": 16.11,
            "book_valuer_per_share_4q_avg": 18.52,
            "equity": 4703471,
            "current_ratio": 125.66,
            "debt_ratio": 63.42,
            "inventory_turnover_ratio": 4.13,
            "account_receivable_turnover_ratio": 2.18,
            "reinvestment_rate": null,
            "research_to_sale_ratio": 0.11,
            "price_fair": 18.36,
            "eps_avg_yearly": 6.12,
            "eps_latest_yearly": 6.12,
            "eps_growth_yearly": -209.35
        },
        "20153": {
            "year_quarter": 20153,
            "year": 2015,
            "quarter": 3,
            "eps": -1.35,
            "eps_growth_year": null,
            "eps_4q": -5.97,
            "eps_4q_growth_year": null,
            "roe": -8.81,
            "roe_4q": -33.88,
            "gross_profit": -265759,
            "gross_margin": -10.08,
            "gross_margin_4q_avg": -8.87,
            "net_income": -393770,
            "revenue": 2635983,
            "common_shares": 2919750,
            "book_valuer_per_share": 14.49,
            "book_valuer_per_share_4q_avg": 16.88,
            "equity": 4230733,
            "current_ratio": 113.47,
            "debt_ratio": 65.98,
            "inventory_turnover_ratio": 2.95,
            "account_receivable_turnover_ratio": 1.85,
            "reinvestment_rate": null,
            "research_to_sale_ratio": 0.4,
            "price_fair": 0,
            "eps_avg_yearly": 0,
            "eps_latest_yearly": 0,
            "eps_growth_yearly": 0
        },
        "20154": {
            "year_quarter": 20154,
            "year": 2015,
            "quarter": 4,
            "eps": -1.62,
            "eps_growth_year": null,
            "eps_4q": -6.38,
            "eps_4q_growth_year": null,
            "roe": -11.86,
            "roe_4q": -39.800000000000004,
            "gross_profit": -361176,
            "gross_margin": -18.94,
            "gross_margin_4q_avg": -12.06,
            "net_income": -472475,
            "revenue": 1907067,
            "common_shares": 2919750,
            "book_valuer_per_share": 12.81,
            "book_valuer_per_share_4q_avg": 15.19,
            "equity": 3740061,
            "current_ratio": 92.25,
            "debt_ratio": 67.9,
            "inventory_turnover_ratio": 2.32,
            "account_receivable_turnover_ratio": 1.98,
            "reinvestment_rate": null,
            "research_to_sale_ratio": -0.76,
            "price_fair": 0,
            "eps_avg_yearly": 0,
            "eps_latest_yearly": 0,
            "eps_growth_yearly": 0
        },
        "20161": {
            "year_quarter": 20161,
            "year": 2016,
            "quarter": 1,
            "eps": -1.06,
            "eps_growth_year": null,
            "eps_4q": -5.15,
            "eps_4q_growth_year": null,
            "roe": -8.67,
            "roe_4q": -36.010000000000005,
            "gross_profit": -174049,
            "gross_margin": -8.91,
            "gross_margin_4q_avg": -10.36,
            "net_income": -310684,
            "revenue": 1954010,
            "common_shares": 2919750,
            "book_valuer_per_share": 11.73,
            "book_valuer_per_share_4q_avg": 13.79,
            "equity": 3426087,
            "current_ratio": 87.31,
            "debt_ratio": 69.87,
            "inventory_turnover_ratio": 2.71,
            "account_receivable_turnover_ratio": 2,
            "reinvestment_rate": null,
            "research_to_sale_ratio": 0.28,
            "price_fair": 0,
            "eps_avg_yearly": 0,
            "eps_latest_yearly": 0,
            "eps_growth_yearly": 0
        },
        "20162": {
            "year_quarter": 20162,
            "year": 2016,
            "quarter": 2,
            "eps": 0.07,
            "eps_growth_year": null,
            "eps_4q": -3.96,
            "eps_4q_growth_year": null,
            "roe": 0.63,
            "roe_4q": -28.71,
            "gross_profit": 143625,
            "gross_margin": 5.93,
            "gross_margin_4q_avg": -8,
            "net_income": 21744,
            "revenue": 2422404,
            "common_shares": 2919750,
            "book_valuer_per_share": 12.05,
            "book_valuer_per_share_4q_avg": 12.77,
            "equity": 3516927,
            "current_ratio": 85.64,
            "debt_ratio": 69.89,
            "inventory_turnover_ratio": 3.44,
            "account_receivable_turnover_ratio": 2.31,
            "reinvestment_rate": null,
            "research_to_sale_ratio": 0.19,
            "price_fair": 0,
            "eps_avg_yearly": 0,
            "eps_latest_yearly": 0,
            "eps_growth_yearly": 0
        },
        "20163": {
            "year_quarter": 20163,
            "year": 2016,
            "quarter": 3,
            "eps": -0.29,
            "eps_growth_year": null,
            "eps_4q": -2.89,
            "eps_4q_growth_year": null,
            "roe": -2.4,
            "roe_4q": -22.299999999999997,
            "gross_profit": 17577,
            "gross_margin": 0.65,
            "gross_margin_4q_avg": -5.32,
            "net_income": -83483,
            "revenue": 2697054,
            "common_shares": 2919750,
            "book_valuer_per_share": 11.78,
            "book_valuer_per_share_4q_avg": 12.09,
            "equity": 3439566,
            "current_ratio": 87.16,
            "debt_ratio": 70.48,
            "inventory_turnover_ratio": 3.86,
            "account_receivable_turnover_ratio": 2.44,
            "reinvestment_rate": null,
            "research_to_sale_ratio": 0.21,
            "price_fair": 0,
            "eps_avg_yearly": 0,
            "eps_latest_yearly": 0,
            "eps_growth_yearly": 0
        },
        "20164": {
            "year_quarter": 20164,
            "year": 2016,
            "quarter": 4,
            "eps": -0.15,
            "eps_growth_year": null,
            "eps_4q": -1.43,
            "eps_4q_growth_year": null,
            "roe": -1.28,
            "roe_4q": -11.719999999999999,
            "gross_profit": 83861,
            "gross_margin": 3.09,
            "gross_margin_4q_avg": 0.19,
            "net_income": -43822,
            "revenue": 2713343,
            "common_shares": 2919750,
            "book_valuer_per_share": 11.67,
            "book_valuer_per_share_4q_avg": 11.81,
            "equity": 3406146,
            "current_ratio": 78.11,
            "debt_ratio": 69.65,
            "inventory_turnover_ratio": 3.89,
            "account_receivable_turnover_ratio": 2.25,
            "reinvestment_rate": null,
            "research_to_sale_ratio": 0.17,
            "price_fair": 0,
            "eps_avg_yearly": 0,
            "eps_latest_yearly": 0,
            "eps_growth_yearly": 0
        },
        "20171": {
            "year_quarter": 20171,
            "year": 2017,
            "quarter": 1,
            "eps": 0.14,
            "eps_growth_year": null,
            "eps_4q": -0.23,
            "eps_4q_growth_year": null,
            "roe": 1.14,
            "roe_4q": -1.9100000000000001,
            "gross_profit": 177187,
            "gross_margin": 5.19,
            "gross_margin_4q_avg": 3.72,
            "net_income": 39558,
            "revenue": 3416081,
            "common_shares": 2919750,
            "book_valuer_per_share": 12.01,
            "book_valuer_per_share_4q_avg": 11.88,
            "equity": 3505687,
            "current_ratio": 86.98,
            "debt_ratio": 70.86,
            "inventory_turnover_ratio": 4.38,
            "account_receivable_turnover_ratio": 2.58,
            "reinvestment_rate": null,
            "research_to_sale_ratio": 0.25,
            "price_fair": 0,
            "eps_avg_yearly": 0,
            "eps_latest_yearly": 0,
            "eps_growth_yearly": 0
        },
        "20172": {
            "year_quarter": 20172,
            "year": 2017,
            "quarter": 2,
            "eps": -0.88,
            "eps_growth_year": -1357.14,
            "eps_4q": -1.18,
            "eps_4q_growth_year": null,
            "roe": -7.5,
            "roe_4q": -10.040000000000001,
            "gross_profit": -115338,
            "gross_margin": -3.5,
            "gross_margin_4q_avg": 1.36,
            "net_income": -256561,
            "revenue": 3297817,
            "common_shares": 2919750,
            "book_valuer_per_share": 11.42,
            "book_valuer_per_share_4q_avg": 11.72,
            "equity": 3333807,
            "current_ratio": 81.56,
            "debt_ratio": 69.52,
            "inventory_turnover_ratio": 4.16,
            "account_receivable_turnover_ratio": 2.63,
            "reinvestment_rate": null,
            "research_to_sale_ratio": 0.25,
            "price_fair": 0,
            "eps_avg_yearly": 0,
            "eps_latest_yearly": 0,
            "eps_growth_yearly": 0
        },
        "20173": {
            "year_quarter": 20173,
            "year": 2017,
            "quarter": 3,
            "eps": -0.57,
            "eps_growth_year": null,
            "eps_4q": -1.46,
            "eps_4q_growth_year": null,
            "roe": -5.1,
            "roe_4q": -12.739999999999998,
            "gross_profit": -97394,
            "gross_margin": -3.21,
            "gross_margin_4q_avg": 0.39,
            "net_income": -165414,
            "revenue": 3038684,
            "common_shares": 2919750,
            "book_valuer_per_share": 10.79,
            "book_valuer_per_share_4q_avg": 11.47,
            "equity": 3151508,
            "current_ratio": 81.62,
            "debt_ratio": 70.93,
            "inventory_turnover_ratio": 4.28,
            "account_receivable_turnover_ratio": 2.6,
            "reinvestment_rate": null,
            "research_to_sale_ratio": 0.26,
            "price_fair": 0,
            "eps_avg_yearly": 0,
            "eps_latest_yearly": 0,
            "eps_growth_yearly": 0
        },
        "20174": {
            "year_quarter": 20174,
            "year": 2017,
            "quarter": 4,
            "eps": 0.1,
            "eps_growth_year": null,
            "eps_4q": -1.21,
            "eps_4q_growth_year": null,
            "roe": 0.87,
            "roe_4q": -10.59,
            "gross_profit": 152083,
            "gross_margin": 4.42,
            "gross_margin_4q_avg": 0.73,
            "net_income": 27846,
            "revenue": 3440402,
            "common_shares": 2919750,
            "book_valuer_per_share": 11.02,
            "book_valuer_per_share_4q_avg": 11.31,
            "equity": 3217792,
            "current_ratio": 66.12,
            "debt_ratio": 70.24,
            "inventory_turnover_ratio": 4.55,
            "account_receivable_turnover_ratio": 2.93,
            "reinvestment_rate": null,
            "research_to_sale_ratio": 0.23,
            "price_fair": 0,
            "eps_avg_yearly": 0,
            "eps_latest_yearly": 0,
            "eps_growth_yearly": 0
        },
        "20181": {
            "year_quarter": 20181,
            "year": 2018,
            "quarter": 1,
            "eps": 0.26,
            "eps_growth_year": 85.71,
            "eps_4q": -1.09,
            "eps_4q_growth_year": null,
            "roe": 2.34,
            "roe_4q": -9.39,
            "gross_profit": 150162,
            "gross_margin": 4.3,
            "gross_margin_4q_avg": 0.5,
            "net_income": 76708,
            "revenue": 3496168,
            "common_shares": 2919750,
            "book_valuer_per_share": 11.39,
            "book_valuer_per_share_4q_avg": 11.16,
            "equity": 3325059,
            "current_ratio": 70.02,
            "debt_ratio": 69.87,
            "inventory_turnover_ratio": 4.89,
            "account_receivable_turnover_ratio": 2.99,
            "reinvestment_rate": null,
            "research_to_sale_ratio": 0.24,
            "price_fair": 36.4,
            "eps_avg_yearly": 1.04,
            "eps_latest_yearly": 1.04,
            "eps_growth_yearly": 640
        },
        "20182": {
            "year_quarter": 20182,
            "year": 2018,
            "quarter": 2,
            "eps": 0.75,
            "eps_growth_year": null,
            "eps_4q": 0.54,
            "eps_4q_growth_year": null,
            "roe": 6.35,
            "roe_4q": 4.459999999999999,
            "gross_profit": 353716,
            "gross_margin": 8.25,
            "gross_margin_4q_avg": 3.44,
            "net_income": 218417,
            "revenue": 4286428,
            "common_shares": 2919750,
            "book_valuer_per_share": 12.17,
            "book_valuer_per_share_4q_avg": 11.34,
            "equity": 3554516,
            "current_ratio": 78.93,
            "debt_ratio": 69.65,
            "inventory_turnover_ratio": 6.54,
            "account_receivable_turnover_ratio": 2.75,
            "reinvestment_rate": null,
            "research_to_sale_ratio": 0.19,
            "price_fair": 70.7,
            "eps_avg_yearly": 2.02,
            "eps_latest_yearly": 3,
            "eps_growth_yearly": 696.92
        },
        "20183": {
            "year_quarter": 20183,
            "year": 2018,
            "quarter": 3,
            "eps": 0.1,
            "eps_growth_year": null,
            "eps_4q": 1.21,
            "eps_4q_growth_year": null,
            "roe": 0.81,
            "roe_4q": 10.37,
            "gross_profit": 106086,
            "gross_margin": 2.62,
            "gross_margin_4q_avg": 4.9,
            "net_income": 29131,
            "revenue": 4053014,
            "common_shares": 2919750,
            "book_valuer_per_share": 12.53,
            "book_valuer_per_share_4q_avg": 11.78,
            "equity": 3657540,
            "current_ratio": 84.54,
            "debt_ratio": 71.16,
            "inventory_turnover_ratio": 5.34,
            "account_receivable_turnover_ratio": 2.16,
            "reinvestment_rate": null,
            "research_to_sale_ratio": 0.2,
            "price_fair": 51.8,
            "eps_avg_yearly": 1.48,
            "eps_latest_yearly": 0.4,
            "eps_growth_yearly": 349.06
        },
        "20184": {
            "year_quarter": 20184,
            "year": 2018,
            "quarter": 4,
            "eps": 0.03,
            "eps_growth_year": -71.96,
            "eps_4q": 1.14,
            "eps_4q_growth_year": null,
            "roe": 0.22,
            "roe_4q": 9.719999999999999,
            "gross_profit": 101372,
            "gross_margin": 3.04,
            "gross_margin_4q_avg": 4.55,
            "net_income": 7808,
            "revenue": 3330443,
            "common_shares": 2919750,
            "book_valuer_per_share": 12.1,
            "book_valuer_per_share_4q_avg": 12.05,
            "equity": 3533242,
            "current_ratio": 131.31,
            "debt_ratio": 69.31,
            "inventory_turnover_ratio": 3.13,
            "account_receivable_turnover_ratio": 2.25,
            "reinvestment_rate": null,
            "research_to_sale_ratio": -0.03,
            "price_fair": 39.9,
            "eps_avg_yearly": 1.14,
            "eps_latest_yearly": 0.12,
            "eps_growth_yearly": 191.79
        },
        "20191": {
            "year_quarter": 20191,
            "year": 2019,
            "quarter": 1,
            "eps": -0.53,
            "eps_growth_year": -303.85,
            "eps_4q": 0.35,
            "eps_4q_growth_year": null,
            "roe": -4.4,
            "roe_4q": 2.979999999999999,
            "gross_profit": -58746,
            "gross_margin": -2.35,
            "gross_margin_4q_avg": 2.89,
            "net_income": -153616,
            "revenue": 2503206,
            "common_shares": 2919750,
            "book_valuer_per_share": 11.84,
            "book_valuer_per_share_4q_avg": 12.16,
            "equity": 3456490,
            "current_ratio": 131.86,
            "debt_ratio": 68.72,
            "inventory_turnover_ratio": 2.49,
            "account_receivable_turnover_ratio": 2.1,
            "reinvestment_rate": null,
            "research_to_sale_ratio": 0.44,
            "price_fair": 39.9,
            "eps_avg_yearly": 1.14,
            "eps_latest_yearly": 0.12,
            "eps_growth_yearly": 191.79
        },
        "20192": {
            "year_quarter": 20192,
            "year": 2019,
            "quarter": 2,
            "eps": -0.65,
            "eps_growth_year": -186.67,
            "eps_4q": -1.05,
            "eps_4q_growth_year": -294.64,
            "roe": -5.64,
            "roe_4q": -9.009999999999998,
            "gross_profit": -79705,
            "gross_margin": -2.5,
            "gross_margin_4q_avg": 0.2,
            "net_income": -189993,
            "revenue": 3193872,
            "common_shares": 2919750,
            "book_valuer_per_share": 11.25,
            "book_valuer_per_share_4q_avg": 11.93,
            "equity": 3285713,
            "current_ratio": 128.56,
            "debt_ratio": 70.04,
            "inventory_turnover_ratio": 3.96,
            "account_receivable_turnover_ratio": 2.6,
            "reinvestment_rate": null,
            "research_to_sale_ratio": 0.31,
            "price_fair": 39.9,
            "eps_avg_yearly": 1.14,
            "eps_latest_yearly": 0.12,
            "eps_growth_yearly": 191.79
        },
        "20193": {
            "year_quarter": 20193,
            "year": 2019,
            "quarter": 3,
            "eps": -1.76,
            "eps_growth_year": -1860,
            "eps_4q": -2.91,
            "eps_4q_growth_year": -341.52,
            "roe": -17.03,
            "roe_4q": -26.85,
            "gross_profit": -324403,
            "gross_margin": -13.09,
            "gross_margin_4q_avg": -3.73,
            "net_income": -514598,
            "revenue": 2478246,
            "common_shares": 2919750,
            "book_valuer_per_share": 9.45,
            "book_valuer_per_share_4q_avg": 11.16,
            "equity": 2758665,
            "current_ratio": 120.21,
            "debt_ratio": 73.9,
            "inventory_turnover_ratio": 2.98,
            "account_receivable_turnover_ratio": 1.96,
            "reinvestment_rate": null,
            "research_to_sale_ratio": 0.41,
            "price_fair": 39.9,
            "eps_avg_yearly": 1.14,
            "eps_latest_yearly": 0.12,
            "eps_growth_yearly": 191.79
        },
        "20194": {
            "year_quarter": 20194,
            "year": 2019,
            "quarter": 4,
            "eps": -3.96,
            "eps_growth_year": -14890.77,
            "eps_4q": -6.89,
            "eps_4q_growth_year": -706.23,
            "roe": -52.45,
            "roe_4q": -79.52000000000001,
            "gross_profit": -302973,
            "gross_margin": -13.8,
            "gross_margin_4q_avg": -7.94,
            "net_income": -1154863,
            "revenue": 2194977,
            "common_shares": 2919750,
            "book_valuer_per_share": 5.63,
            "book_valuer_per_share_4q_avg": 9.54,
            "equity": 1645060,
            "current_ratio": 133.93,
            "debt_ratio": 80.78,
            "inventory_turnover_ratio": 2.53,
            "account_receivable_turnover_ratio": 1.81,
            "reinvestment_rate": null,
            "research_to_sale_ratio": 0.44,
            "price_fair": 39.9,
            "eps_avg_yearly": 1.14,
            "eps_latest_yearly": 0.12,
            "eps_growth_yearly": 191.79
        },
        "20201": {
            "year_quarter": 20201,
            "year": 2020,
            "quarter": 1,
            "eps": -1.17,
            "eps_growth_year": null,
            "eps_4q": -7.54,
            "eps_4q_growth_year": -2264.72,
            "roe": -24.38,
            "roe_4q": -99.5,
            "gross_profit": -228110,
            "gross_margin": -10.49,
            "gross_margin_4q_avg": -9.97,
            "net_income": -342932,
            "revenue": 2175388,
            "common_shares": 2919750,
            "book_valuer_per_share": 4,
            "book_valuer_per_share_4q_avg": 7.58,
            "equity": 1168540,
            "current_ratio": 116.97,
            "debt_ratio": 86.52,
            "inventory_turnover_ratio": 3.28,
            "account_receivable_turnover_ratio": 1.96,
            "reinvestment_rate": null,
            "research_to_sale_ratio": 0.16,
            "price_fair": 39.9,
            "eps_avg_yearly": 1.14,
            "eps_latest_yearly": 0.12,
            "eps_growth_yearly": 191.79
        },
        "20202": {
            "year_quarter": 20202,
            "year": 2020,
            "quarter": 2,
            "eps": -1.93,
            "eps_growth_year": null,
            "eps_4q": -17.17,
            "eps_4q_growth_year": null,
            "roe": -24.45,
            "roe_4q": -118.31,
            "gross_profit": -83705,
            "gross_margin": -5.72,
            "gross_margin_4q_avg": -10.78,
            "net_income": -254534,
            "revenue": 1463470,
            "common_shares": 1320100,
            "book_valuer_per_share": 6.92,
            "book_valuer_per_share_4q_avg": 6.5,
            "equity": 913710,
            "current_ratio": 120.83,
            "debt_ratio": 88.89,
            "inventory_turnover_ratio": 2.79,
            "account_receivable_turnover_ratio": 1.49,
            "reinvestment_rate": null,
            "research_to_sale_ratio": 0.53,
            "price_fair": 39.9,
            "eps_avg_yearly": 1.14,
            "eps_latest_yearly": 0.12,
            "eps_growth_yearly": 191.79
        },
        "20203": {
            "year_quarter": 20203,
            "year": 2020,
            "quarter": 3,
            "eps": 0.02,
            "eps_growth_year": null,
            "eps_4q": -13.25,
            "eps_4q_growth_year": null,
            "roe": 0.32,
            "roe_4q": -100.96000000000001,
            "gross_profit": 172827,
            "gross_margin": 7.94,
            "gross_margin_4q_avg": -5.52,
            "net_income": 2953,
            "revenue": 2175887,
            "common_shares": 1320100,
            "book_valuer_per_share": 6.94,
            "book_valuer_per_share_4q_avg": 5.87,
            "equity": 916663,
            "current_ratio": 123.35,
            "debt_ratio": 89.28,
            "inventory_turnover_ratio": 3.87,
            "account_receivable_turnover_ratio": 1.99,
            "reinvestment_rate": null,
            "research_to_sale_ratio": 0.44,
            "price_fair": 39.9,
            "eps_avg_yearly": 1.14,
            "eps_latest_yearly": 0.12,
            "eps_growth_yearly": 191.79
        }
    },
    "months": {
        "2006-10": {
            "month": "2006-10",
            "price": "21.37",
            "revenue": 1255700
        },
        "2007-01": {
            "month": "2007-01",
            "price": "21.20",
            "revenue": 1025913
        },
        "2007-02": {
            "month": "2007-02",
            "price": "21.70",
            "revenue": 1406931
        },
        "2007-03": {
            "month": "2007-03",
            "price": "22.68",
            "revenue": 1455940
        },
        "2007-04": {
            "month": "2007-04",
            "price": "35.26",
            "revenue": 1508257
        },
        "2007-05": {
            "month": "2007-05",
            "price": "41.73",
            "revenue": 1649489
        },
        "2007-06": {
            "month": "2007-06",
            "price": "56.39",
            "revenue": 1630727
        },
        "2007-07": {
            "month": "2007-07",
            "price": "83.85",
            "revenue": 1571201
        },
        "2007-08": {
            "month": "2007-08",
            "price": "98.33",
            "revenue": 1657504
        },
        "2007-09": {
            "month": "2007-09",
            "price": "103.25",
            "revenue": 1487278
        },
        "2007-10": {
            "month": "2007-10",
            "price": "104.85",
            "revenue": 1684768
        },
        "2007-11": {
            "month": "2007-11",
            "price": "99.13",
            "revenue": 1650486
        },
        "2007-12": {
            "month": "2007-12",
            "price": "96.53",
            "revenue": 1614618
        },
        "2008-01": {
            "month": "2008-01",
            "price": "83.51",
            "revenue": 1626974
        },
        "2008-02": {
            "month": "2008-02",
            "price": "69.76",
            "revenue": 1525884
        },
        "2008-03": {
            "month": "2008-03",
            "price": "73.38",
            "revenue": 1175466
        },
        "2008-04": {
            "month": "2008-04",
            "price": "80.17",
            "revenue": 1646343
        },
        "2008-05": {
            "month": "2008-05",
            "price": "79.45",
            "revenue": 1968640
        },
        "2008-06": {
            "month": "2008-06",
            "price": "69.67",
            "revenue": 1734248
        },
        "2008-07": {
            "month": "2008-07",
            "price": "61.75",
            "revenue": 1926819
        },
        "2008-08": {
            "month": "2008-08",
            "price": "47.51",
            "revenue": 1686978
        },
        "2008-09": {
            "month": "2008-09",
            "price": "34.95",
            "revenue": 1502547
        },
        "2008-10": {
            "month": "2008-10",
            "price": "25.34",
            "revenue": 957682
        },
        "2008-11": {
            "month": "2008-11",
            "price": "19.58",
            "revenue": 467794
        },
        "2008-12": {
            "month": "2008-12",
            "price": "18.66",
            "revenue": 390803
        },
        "2009-01": {
            "month": "2009-01",
            "price": "18.55",
            "revenue": 600980
        },
        "2009-02": {
            "month": "2009-02",
            "price": "18.26",
            "revenue": 691332
        },
        "2009-03": {
            "month": "2009-03",
            "price": "21.53",
            "revenue": 1054227
        },
        "2009-04": {
            "month": "2009-04",
            "price": "25.74",
            "revenue": 1130493
        },
        "2009-05": {
            "month": "2009-05",
            "price": "25.88",
            "revenue": 1263038
        },
        "2009-06": {
            "month": "2009-06",
            "price": "24.81",
            "revenue": 1292146
        },
        "2009-07": {
            "month": "2009-07",
            "price": "25.47",
            "revenue": 1355813
        },
        "2009-08": {
            "month": "2009-08",
            "price": "26.48",
            "revenue": 1456991
        },
        "2009-09": {
            "month": "2009-09",
            "price": "30.10",
            "revenue": 1364823
        },
        "2009-10": {
            "month": "2009-10",
            "price": "31.14",
            "revenue": 1436349
        },
        "2009-11": {
            "month": "2009-11",
            "price": "28.33",
            "revenue": 1458381
        },
        "2009-12": {
            "month": "2009-12",
            "price": "30.30",
            "revenue": 1372000
        },
        "2010-01": {
            "month": "2010-01",
            "price": "32.41",
            "revenue": 1547706
        },
        "2010-02": {
            "month": "2010-02",
            "price": "29.07",
            "revenue": 1819990
        },
        "2010-03": {
            "month": "2010-03",
            "price": "42.00",
            "revenue": 2221107
        },
        "2010-04": {
            "month": "2010-04",
            "price": "56.68",
            "revenue": 2106069
        },
        "2010-05": {
            "month": "2010-05",
            "price": "54.90",
            "revenue": 2261867
        },
        "2010-06": {
            "month": "2010-06",
            "price": "53.09",
            "revenue": 1999306
        },
        "2010-07": {
            "month": "2010-07",
            "price": "58.66",
            "revenue": 2324410
        },
        "2010-08": {
            "month": "2010-08",
            "price": "71.42",
            "revenue": 2196504
        },
        "2010-09": {
            "month": "2010-09",
            "price": "70.57",
            "revenue": 2318908
        },
        "2010-10": {
            "month": "2010-10",
            "price": "76.55",
            "revenue": 2251769
        },
        "2010-11": {
            "month": "2010-11",
            "price": "84.51",
            "revenue": 2538967
        },
        "2010-12": {
            "month": "2010-12",
            "price": "85.41",
            "revenue": 1942568
        },
        "2011-01": {
            "month": "2011-01",
            "price": "81.88",
            "revenue": 2025285
        },
        "2011-02": {
            "month": "2011-02",
            "price": "79.27",
            "revenue": 2181358
        },
        "2011-03": {
            "month": "2011-03",
            "price": "86.38",
            "revenue": 2688176
        },
        "2011-04": {
            "month": "2011-04",
            "price": "122.79",
            "revenue": 2629677
        },
        "2011-05": {
            "month": "2011-05",
            "price": "131.57",
            "revenue": 2410036
        },
        "2011-06": {
            "month": "2011-06",
            "price": "119.57",
            "revenue": 2457982
        },
        "2011-07": {
            "month": "2011-07",
            "price": "120.60",
            "revenue": 2406786
        },
        "2011-08": {
            "month": "2011-08",
            "price": "116.29",
            "revenue": 2826014
        },
        "2011-09": {
            "month": "2011-09",
            "price": "98.19",
            "revenue": 2183244
        },
        "2011-10": {
            "month": "2011-10",
            "price": "87.10",
            "revenue": 2139234
        },
        "2011-11": {
            "month": "2011-11",
            "price": "78.90",
            "revenue": 1861463
        },
        "2011-12": {
            "month": "2011-12",
            "price": "64.80",
            "revenue": 1473454
        },
        "2012-01": {
            "month": "2012-01",
            "price": "70.45",
            "revenue": 1834764
        },
        "2012-02": {
            "month": "2012-02",
            "price": "80.22",
            "revenue": 2311192
        },
        "2012-03": {
            "month": "2012-03",
            "price": "83.41",
            "revenue": 2091791
        },
        "2012-04": {
            "month": "2012-04",
            "price": "72.76",
            "revenue": 2358242
        },
        "2012-05": {
            "month": "2012-05",
            "price": "69.26",
            "revenue": 2123957
        },
        "2012-06": {
            "month": "2012-06",
            "price": "71.11",
            "revenue": 1982004
        },
        "2012-07": {
            "month": "2012-07",
            "price": "61.73",
            "revenue": 2043128
        },
        "2012-08": {
            "month": "2012-08",
            "price": "54.73",
            "revenue": 2176137
        },
        "2012-09": {
            "month": "2012-09",
            "price": "48.60",
            "revenue": 2270258
        },
        "2012-10": {
            "month": "2012-10",
            "price": "43.79",
            "revenue": 2320686
        },
        "2012-11": {
            "month": "2012-11",
            "price": "35.15",
            "revenue": 1882133
        },
        "2012-12": {
            "month": "2012-12",
            "price": "39.16",
            "revenue": 2031382
        },
        "2013-01": {
            "month": "2013-01",
            "price": "39.58",
            "revenue": 1550536
        },
        "2013-02": {
            "month": "2013-02",
            "price": "38.76",
            "revenue": 1860130
        },
        "2013-03": {
            "month": "2013-03",
            "price": "36.46",
            "revenue": 1899732
        },
        "2013-04": {
            "month": "2013-04",
            "price": "32.68",
            "revenue": 2145618
        },
        "2013-05": {
            "month": "2013-05",
            "price": "32.52",
            "revenue": 1821251
        },
        "2013-06": {
            "month": "2013-06",
            "price": "32.04",
            "revenue": 1955244
        },
        "2013-07": {
            "month": "2013-07",
            "price": "29.94",
            "revenue": 1761673
        },
        "2013-08": {
            "month": "2013-08",
            "price": "32.21",
            "revenue": 2051781
        },
        "2013-09": {
            "month": "2013-09",
            "price": "32.06",
            "revenue": 1774625
        },
        "2013-10": {
            "month": "2013-10",
            "price": "30.78",
            "revenue": 1843442
        },
        "2013-11": {
            "month": "2013-11",
            "price": "27.70",
            "revenue": 2097730
        },
        "2013-12": {
            "month": "2013-12",
            "price": "27.25",
            "revenue": 1817779
        },
        "2014-01": {
            "month": "2014-01",
            "price": "28.23",
            "revenue": 1648559
        },
        "2014-02": {
            "month": "2014-02",
            "price": "27.73",
            "revenue": 1967535
        },
        "2014-03": {
            "month": "2014-03",
            "price": "30.88",
            "revenue": 2499846
        },
        "2014-04": {
            "month": "2014-04",
            "price": "30.58",
            "revenue": 2397291
        },
        "2014-05": {
            "month": "2014-05",
            "price": "30.01",
            "revenue": 2112791
        },
        "2014-06": {
            "month": "2014-06",
            "price": "29.78",
            "revenue": 1987597
        },
        "2014-07": {
            "month": "2014-07",
            "price": "28.75",
            "revenue": 2309251
        },
        "2014-08": {
            "month": "2014-08",
            "price": "27.54",
            "revenue": 2064165
        },
        "2014-09": {
            "month": "2014-09",
            "price": "26.30",
            "revenue": 1883835
        },
        "2014-10": {
            "month": "2014-10",
            "price": "21.11",
            "revenue": 1883921
        },
        "2014-11": {
            "month": "2014-11",
            "price": "20.62",
            "revenue": 1273053
        },
        "2014-12": {
            "month": "2014-12",
            "price": "21.96",
            "revenue": 1079082
        },
        "2015-01": {
            "month": "2015-01",
            "price": "25.69",
            "revenue": 736408
        },
        "2015-02": {
            "month": "2015-02",
            "price": "24.29",
            "revenue": 929774
        },
        "2015-03": {
            "month": "2015-03",
            "price": "24.99",
            "revenue": 1503730
        },
        "2015-04": {
            "month": "2015-04",
            "price": "25.44",
            "revenue": 1427088
        },
        "2015-05": {
            "month": "2015-05",
            "price": "22.80",
            "revenue": 1235653
        },
        "2015-06": {
            "month": "2015-06",
            "price": "18.96",
            "revenue": 1365895
        },
        "2015-07": {
            "month": "2015-07",
            "price": "17.69",
            "revenue": 1178264
        },
        "2015-08": {
            "month": "2015-08",
            "price": "12.89",
            "revenue": 760687
        },
        "2015-09": {
            "month": "2015-09",
            "price": "13.13",
            "revenue": 697032
        },
        "2015-10": {
            "month": "2015-10",
            "price": "15.83",
            "revenue": 682634
        },
        "2015-11": {
            "month": "2015-11",
            "price": "16.35",
            "revenue": 641646
        },
        "2015-12": {
            "month": "2015-12",
            "price": "14.60",
            "revenue": 650729
        },
        "2016-01": {
            "month": "2016-01",
            "price": "13.53",
            "revenue": 494845
        },
        "2016-02": {
            "month": "2016-02",
            "price": "14.98",
            "revenue": 609759
        },
        "2016-03": {
            "month": "2016-03",
            "price": "15.39",
            "revenue": 849406
        },
        "2016-04": {
            "month": "2016-04",
            "price": "14.51",
            "revenue": 732839
        },
        "2016-05": {
            "month": "2016-05",
            "price": "13.32",
            "revenue": 757975
        },
        "2016-06": {
            "month": "2016-06",
            "price": "12.72",
            "revenue": 931591
        },
        "2016-07": {
            "month": "2016-07",
            "price": "13.51",
            "revenue": 965391
        },
        "2016-08": {
            "month": "2016-08",
            "price": "15.70",
            "revenue": 882404
        },
        "2016-09": {
            "month": "2016-09",
            "price": "15.68",
            "revenue": 849259
        },
        "2016-10": {
            "month": "2016-10",
            "price": "16.13",
            "revenue": 894157
        },
        "2016-11": {
            "month": "2016-11",
            "price": "16.52",
            "revenue": 908877
        },
        "2016-12": {
            "month": "2016-12",
            "price": "20.93",
            "revenue": 917673
        },
        "2017-01": {
            "month": "2017-01",
            "price": "23.01",
            "revenue": 697526
        },
        "2017-02": {
            "month": "2017-02",
            "price": "25.41",
            "revenue": 1281738
        },
        "2017-03": {
            "month": "2017-03",
            "price": "24.02",
            "revenue": 1436817
        },
        "2017-04": {
            "month": "2017-04",
            "price": "22.83",
            "revenue": 1074193
        },
        "2017-05": {
            "month": "2017-05",
            "price": "20.88",
            "revenue": 1145883
        },
        "2017-06": {
            "month": "2017-06",
            "price": "21.22",
            "revenue": 1077742
        },
        "2017-07": {
            "month": "2017-07",
            "price": "20.37",
            "revenue": 835317
        },
        "2017-08": {
            "month": "2017-08",
            "price": "18.82",
            "revenue": 1115627
        },
        "2017-09": {
            "month": "2017-09",
            "price": "18.53",
            "revenue": 1087740
        },
        "2017-10": {
            "month": "2017-10",
            "price": "18.51",
            "revenue": 1009781
        },
        "2017-11": {
            "month": "2017-11",
            "price": "20.51",
            "revenue": 1204414
        },
        "2017-12": {
            "month": "2017-12",
            "price": "27.66",
            "revenue": 1226207
        },
        "2018-01": {
            "month": "2018-01",
            "price": "36.04",
            "revenue": 1113718
        },
        "2018-02": {
            "month": "2018-02",
            "price": "28.33",
            "revenue": 1053338
        },
        "2018-03": {
            "month": "2018-03",
            "price": "24.42",
            "revenue": 1329112
        },
        "2018-04": {
            "month": "2018-04",
            "price": "23.09",
            "revenue": 1571958
        },
        "2018-05": {
            "month": "2018-05",
            "price": "27.48",
            "revenue": 1568836
        },
        "2018-06": {
            "month": "2018-06",
            "price": "30.34",
            "revenue": 1419252
        },
        "2018-07": {
            "month": "2018-07",
            "price": "30.95",
            "revenue": 1301798
        },
        "2018-08": {
            "month": "2018-08",
            "price": "31.92",
            "revenue": 1410996
        },
        "2018-09": {
            "month": "2018-09",
            "price": "31.90",
            "revenue": 1340221
        },
        "2018-10": {
            "month": "2018-10",
            "price": "28.67",
            "revenue": 1348390
        },
        "2018-11": {
            "month": "2018-11",
            "price": "25.50",
            "revenue": 1256213
        },
        "2018-12": {
            "month": "2018-12",
            "price": "24.36",
            "revenue": 725840
        },
        "2019-01": {
            "month": "2019-01",
            "price": "22.34",
            "revenue": 990580
        },
        "2019-02": {
            "month": "2019-02",
            "price": "23.76",
            "revenue": 696821
        },
        "2019-03": {
            "month": "2019-03",
            "price": "23.31",
            "revenue": 815804
        },
        "2019-04": {
            "month": "2019-04",
            "price": "22.75",
            "revenue": 1239157
        },
        "2019-05": {
            "month": "2019-05",
            "price": "20.13",
            "revenue": 1251381
        },
        "2019-06": {
            "month": "2019-06",
            "price": "19.59",
            "revenue": 703334
        },
        "2019-07": {
            "month": "2019-07",
            "price": "18.95",
            "revenue": 1184168
        },
        "2019-08": {
            "month": "2019-08",
            "price": "16.82",
            "revenue": 639218
        },
        "2019-09": {
            "month": "2019-09",
            "price": "17.70",
            "revenue": 654860
        },
        "2019-10": {
            "month": "2019-10",
            "price": "15.56",
            "revenue": 845148
        },
        "2019-11": {
            "month": "2019-11",
            "price": "13.20",
            "revenue": 675453
        },
        "2019-12": {
            "month": "2019-12",
            "price": "12.82",
            "revenue": 674377
        },
        "2020-01": {
            "month": "2020-01",
            "price": "12.00",
            "revenue": 557473
        },
        "2020-02": {
            "month": "2020-02",
            "price": "11.19",
            "revenue": 817427
        },
        "2020-03": {
            "month": "2020-03",
            "price": "8.31",
            "revenue": 800488
        },
        "2020-04": {
            "month": "2020-04",
            "price": "8.36",
            "revenue": 377826
        },
        "2020-05": {
            "month": "2020-05",
            "price": "7.62",
            "revenue": 412652
        },
        "2020-06": {
            "month": "2020-06",
            "price": "6.48",
            "revenue": 672992
        },
        "2020-07": {
            "month": "2020-07",
            "price": "13.59",
            "revenue": 787270
        },
        "2020-08": {
            "month": "2020-08",
            "price": "17.88",
            "revenue": 678425
        },
        "2020-09": {
            "month": "2020-09",
            "price": "17.66",
            "revenue": 710192
        },
        "2020-10": {
            "month": "2020-10",
            "price": "17.77",
            "revenue": 827152
        },
        "2020-11": {
            "month": "2020-11",
            "price": "17.82",
            "revenue": 984856
        },
        "2020-12": {
            "month": "2020-12",
            "price": "17.92",
            "revenue": 829270
        }
    }
}
