{
    "summary": {
        "stock_name": "永昕",
        "stock_id": "4726",
        "category": "生技醫療",
        "main_business": "CMC技術及cGMP生產技術平台提供業界新藥開發及GMP製造的服務",
        "website_url": "https://www.mycenax.com.tw",
        "ceo": "陳佩君",
        "pe_ratio": -12,
        "report_year_from": 2005,
        "report_year_to": 2023,
        "age": 18,
        "eps_negative_percentage": 91,
        "eps_growth_avg": {
            "last_all": -100,
            "last_2y": -100,
            "last_4y": -100,
            "last_8y": -100,
            "last_12y": null,
            "last_16y": null,
            "last_20y": null,
            "at_2006_last_3y": null,
            "at_2007_last_3y": null,
            "at_2008_last_3y": null,
            "at_2009_last_3y": null,
            "at_2010_last_3y": null,
            "at_2011_last_3y": null,
            "at_2012_last_3y": null,
            "at_2013_last_3y": null,
            "at_2014_last_3y": null,
            "at_2015_last_3y": null,
            "at_2016_last_3y": null,
            "at_2017_last_3y": null,
            "at_2018_last_3y": null,
            "at_2019_last_3y": null,
            "at_2020_last_3y": null,
            "at_2021_last_3y": -100,
            "at_2022_last_3y": -100,
            "at_2023_last_3y": -100,
            "at_2006_last_all": null,
            "at_2007_last_all": null,
            "at_2008_last_all": null,
            "at_2009_last_all": null,
            "at_2010_last_all": null,
            "at_2011_last_all": null,
            "at_2012_last_all": null,
            "at_2013_last_all": null,
            "at_2014_last_all": null,
            "at_2015_last_all": null,
            "at_2016_last_all": null,
            "at_2017_last_all": null,
            "at_2018_last_all": null,
            "at_2019_last_all": null,
            "at_2020_last_all": null,
            "at_2021_last_all": -100,
            "at_2022_last_all": -100,
            "at_2023_last_all": -100
        },
        "latest_eps": -3.47,
        "latest_price": 41.45,
        "latest_roe": -29.67,
        "latest_gross_margin": -75.3,
        "latest_equity": 2870273,
        "latest_revenue": 138388,
        "latest_gross_profit": -104205,
        "latest_net_income": -240965,
        "latest_debt_ratio": 32.48,
        "latest_current_ratio": 247.07,
        "latest_account_receivable_turnover_ratio": 2.02,
        "latest_inventory_turnover_ratio": 1.01,
        "latest_reinvestment_rate": null,
        "latest_research_to_sale_ratio": 16.09
    },
    "eps_dividends": {
        "2001": {
            "cash": 0,
            "stock": 0,
            "eps": 0
        },
        "2002": {
            "cash": 0,
            "stock": 0,
            "eps": 0
        },
        "2003": {
            "cash": 0,
            "stock": 0,
            "eps": 0
        },
        "2004": {
            "cash": 0,
            "stock": 0,
            "eps": 0
        },
        "2005": {
            "cash": 0,
            "stock": 0,
            "eps": 0
        },
        "2006": {
            "cash": 0,
            "stock": 0,
            "eps": 0
        },
        "2007": {
            "cash": 0,
            "stock": 0,
            "eps": 0
        },
        "2008": {
            "cash": 0,
            "stock": 0,
            "eps": 0
        },
        "2009": {
            "cash": 0,
            "stock": 0,
            "eps": 0
        },
        "2010": {
            "cash": 0,
            "stock": 0,
            "eps": 0
        },
        "2011": {
            "cash": 0,
            "stock": 0,
            "eps": 0
        },
        "2012": {
            "cash": 0,
            "stock": 0,
            "eps": 0
        },
        "2013": {
            "cash": 0,
            "stock": 0,
            "eps": -0.96
        },
        "2014": {
            "cash": 0,
            "stock": 0,
            "eps": -0.78
        },
        "2015": {
            "cash": 0,
            "stock": 0,
            "eps": -1
        },
        "2016": {
            "cash": 0,
            "stock": 0,
            "eps": -1.45
        },
        "2017": {
            "cash": 0,
            "stock": 0,
            "eps": -1.71
        },
        "2018": {
            "cash": 0,
            "stock": 0,
            "eps": -2.5
        },
        "2019": {
            "cash": 0,
            "stock": 0,
            "eps": -1.74
        },
        "2020": {
            "cash": 0,
            "stock": 0,
            "eps": 0.24
        },
        "2021": {
            "cash": 0,
            "stock": 0,
            "eps": -0.48
        },
        "2022": {
            "cash": 0,
            "stock": 0,
            "eps": -2.65
        },
        "2023": {
            "cash": 0,
            "stock": 0,
            "eps": -1.17
        }
    },
    "dividends": [],
    "prices": {
        "200101": "無",
        "200102": "無",
        "200103": "無",
        "200104": "無",
        "200105": "無",
        "200106": "無",
        "200107": "無",
        "200108": "無",
        "200109": "無",
        "200110": "無",
        "200111": "無",
        "200112": "無",
        "200201": "無",
        "200202": "無",
        "200203": "無",
        "200204": "無",
        "200205": "無",
        "200206": "無",
        "200207": "無",
        "200208": "無",
        "200209": "無",
        "200210": "無",
        "200211": "無",
        "200212": "無",
        "200301": "無",
        "200302": "無",
        "200303": "無",
        "200304": "無",
        "200305": "無",
        "200306": "無",
        "200307": "無",
        "200308": "無",
        "200309": "無",
        "200310": "無",
        "200311": "無",
        "200312": "無",
        "200401": "無",
        "200402": "無",
        "200403": "無",
        "200404": "無",
        "200405": "無",
        "200406": "無",
        "200407": "無",
        "200408": "無",
        "200409": "無",
        "200410": "無",
        "200411": "無",
        "200412": "無",
        "200501": "無",
        "200502": "無",
        "200503": "無",
        "200504": "無",
        "200505": "無",
        "200506": "無",
        "200507": "無",
        "200508": "無",
        "200509": "無",
        "200510": "無",
        "200511": "無",
        "200512": "無",
        "200601": "無",
        "200602": "無",
        "200603": "無",
        "200604": "無",
        "200605": "無",
        "200606": "無",
        "200607": "無",
        "200608": "無",
        "200609": "無",
        "200610": "無",
        "200611": "無",
        "200612": "無",
        "200701": "無",
        "200702": "無",
        "200703": "無",
        "200704": "無",
        "200705": "無",
        "200706": "無",
        "200707": "無",
        "200708": "無",
        "200709": "無",
        "200710": "無",
        "200711": "無",
        "200712": "無",
        "200801": "無",
        "200802": "無",
        "200803": "無",
        "200804": "無",
        "200805": "無",
        "200806": "無",
        "200807": "無",
        "200808": "無",
        "200809": "無",
        "200810": "17.65",
        "200811": "17.59",
        "200812": "18.95",
        "200901": "17.61",
        "200902": "無",
        "200903": "17.58",
        "200904": "17.82",
        "200905": "17.46",
        "200906": "17.27",
        "200907": "19.94",
        "200908": "21.49",
        "200909": "19.81",
        "200910": "23.32",
        "200911": "24.08",
        "200912": "25.38",
        "201001": "23.26",
        "201002": "21.39",
        "201003": "22.46",
        "201004": "24.07",
        "201005": "23.42",
        "201006": "23.37",
        "201007": "23.36",
        "201008": "24.94",
        "201009": "22.94",
        "201010": "22.62",
        "201011": "20.62",
        "201012": "21.75",
        "201101": "21.87",
        "201102": "23.42",
        "201103": "23.42",
        "201104": "24.30",
        "201105": "22.62",
        "201106": "23.20",
        "201107": "23.15",
        "201108": "20.48",
        "201109": "19.03",
        "201110": "17.16",
        "201111": "16.61",
        "201112": "17.61",
        "201201": "23.40",
        "201202": "29.80",
        "201203": "35.64",
        "201204": "36.48",
        "201205": "31.84",
        "201206": "27.52",
        "201207": "25.38",
        "201208": "24.03",
        "201209": "24.04",
        "201210": "27.29",
        "201211": "28.75",
        "201212": "29.59",
        "201301": "34.41",
        "201302": "59.69",
        "201303": "54.29",
        "201304": "50.35",
        "201305": "55.30",
        "201306": "65.93",
        "201307": "69.90",
        "201308": "70.18",
        "201309": "88.96",
        "201310": "100.76",
        "201311": "89.05",
        "201312": "72.34",
        "201401": "62.41",
        "201402": "63.58",
        "201403": "65.19",
        "201404": "58.70",
        "201405": "64.58",
        "201406": "65.48",
        "201407": "72.62",
        "201408": "57.49",
        "201409": "54.87",
        "201410": "48.21",
        "201411": "43.50",
        "201412": "49.31",
        "201501": "48.54",
        "201502": "45.98",
        "201503": "48.30",
        "201504": "44.43",
        "201505": "39.50",
        "201506": "40.40",
        "201507": "38.54",
        "201508": "27.15",
        "201509": "28.44",
        "201510": "37.88",
        "201511": "49.13",
        "201512": "50.22",
        "201601": "43.18",
        "201602": "44.00",
        "201603": "46.15",
        "201604": "47.62",
        "201605": "47.08",
        "201606": "50.10",
        "201607": "47.61",
        "201608": "42.60",
        "201609": "41.85",
        "201610": "39.53",
        "201611": "33.96",
        "201612": "32.54",
        "201701": "36.49",
        "201702": "38.18",
        "201703": "37.13",
        "201704": "35.02",
        "201705": "32.52",
        "201706": "32.99",
        "201707": "32.15",
        "201708": "29.77",
        "201709": "29.04",
        "201710": "27.21",
        "201711": "28.38",
        "201712": "26.71",
        "201801": "27.08",
        "201802": "25.43",
        "201803": "26.46",
        "201804": "27.33",
        "201805": "25.51",
        "201806": "25.00",
        "201807": "23.03",
        "201808": "22.93",
        "201809": "22.63",
        "201810": "22.69",
        "201811": "20.18",
        "201812": "22.77",
        "201901": "27.55",
        "201902": "28.55",
        "201903": "26.54",
        "201904": "26.46",
        "201905": "23.74",
        "201906": "22.53",
        "201907": "21.96",
        "201908": "21.14",
        "201909": "21.13",
        "201910": "21.05",
        "201911": "21.35",
        "201912": "23.27",
        "202001": "22.86",
        "202002": "21.41",
        "202003": "17.57",
        "202004": "16.94",
        "202005": "25.97",
        "202006": "35.66",
        "202007": "53.14",
        "202008": "49.05",
        "202009": "47.82",
        "202010": "43.34",
        "202011": "37.98",
        "202012": "32.72",
        "202101": "30.44",
        "202102": "33.18",
        "202103": "33.87",
        "202104": "44.48",
        "202105": "41.65",
        "202106": "41.59",
        "202107": "41.68",
        "202108": "41.86",
        "202109": "40.47",
        "202110": "33.91",
        "202111": "37.27",
        "202112": "38.49",
        "202201": "38.94",
        "202202": "42.01",
        "202203": "40.07",
        "202204": "41.63",
        "202205": "36.80",
        "202206": "38.22",
        "202207": "38.17",
        "202208": "41.48",
        "202209": "43.46",
        "202210": "35.76",
        "202211": "35.82",
        "202212": "38.73",
        "202301": "36.93",
        "202302": "39.84",
        "202303": "39.13",
        "202304": "39.09",
        "202305": "38.67",
        "202306": "41.55"
    },
    "quarters": {
        "20011": {
            "year_quarter": 20011,
            "year": 2001,
            "quarter": 1,
            "eps": null,
            "eps_growth_year": null,
            "eps_4q": null,
            "eps_4q_growth_year": null,
            "roe": null,
            "roe_4q": 0,
            "gross_profit": null,
            "gross_margin": null,
            "gross_margin_4q_avg": 0,
            "net_income": null,
            "revenue": null,
            "common_shares": null,
            "book_valuer_per_share": null,
            "book_valuer_per_share_4q_avg": 0,
            "equity": null,
            "current_ratio": null,
            "debt_ratio": null,
            "inventory_turnover_ratio": null,
            "account_receivable_turnover_ratio": null,
            "reinvestment_rate": null,
            "research_to_sale_ratio": null,
            "price_fair": 0,
            "eps_avg_yearly": 0,
            "eps_latest_yearly": 0,
            "eps_growth_yearly": 0
        },
        "20012": {
            "year_quarter": 20012,
            "year": 2001,
            "quarter": 2,
            "eps": null,
            "eps_growth_year": null,
            "eps_4q": null,
            "eps_4q_growth_year": null,
            "roe": null,
            "roe_4q": 0,
            "gross_profit": null,
            "gross_margin": null,
            "gross_margin_4q_avg": 0,
            "net_income": null,
            "revenue": null,
            "common_shares": null,
            "book_valuer_per_share": null,
            "book_valuer_per_share_4q_avg": 0,
            "equity": null,
            "current_ratio": null,
            "debt_ratio": null,
            "inventory_turnover_ratio": null,
            "account_receivable_turnover_ratio": null,
            "reinvestment_rate": null,
            "research_to_sale_ratio": null,
            "price_fair": 0,
            "eps_avg_yearly": 0,
            "eps_latest_yearly": 0,
            "eps_growth_yearly": 0
        },
        "20013": {
            "year_quarter": 20013,
            "year": 2001,
            "quarter": 3,
            "eps": null,
            "eps_growth_year": null,
            "eps_4q": null,
            "eps_4q_growth_year": null,
            "roe": null,
            "roe_4q": 0,
            "gross_profit": null,
            "gross_margin": null,
            "gross_margin_4q_avg": 0,
            "net_income": null,
            "revenue": null,
            "common_shares": null,
            "book_valuer_per_share": null,
            "book_valuer_per_share_4q_avg": 0,
            "equity": null,
            "current_ratio": null,
            "debt_ratio": null,
            "inventory_turnover_ratio": null,
            "account_receivable_turnover_ratio": null,
            "reinvestment_rate": null,
            "research_to_sale_ratio": null,
            "price_fair": 0,
            "eps_avg_yearly": 0,
            "eps_latest_yearly": 0,
            "eps_growth_yearly": 0
        },
        "20014": {
            "year_quarter": 20014,
            "year": 2001,
            "quarter": 4,
            "eps": null,
            "eps_growth_year": null,
            "eps_4q": null,
            "eps_4q_growth_year": null,
            "roe": null,
            "roe_4q": 0,
            "gross_profit": null,
            "gross_margin": null,
            "gross_margin_4q_avg": 0,
            "net_income": null,
            "revenue": null,
            "common_shares": 10000,
            "book_valuer_per_share": 9.54,
            "book_valuer_per_share_4q_avg": 2.39,
            "equity": 9544,
            "current_ratio": 171.34,
            "debt_ratio": 29.21,
            "inventory_turnover_ratio": null,
            "account_receivable_turnover_ratio": null,
            "reinvestment_rate": null,
            "research_to_sale_ratio": null,
            "price_fair": 0,
            "eps_avg_yearly": 0,
            "eps_latest_yearly": 0,
            "eps_growth_yearly": 0
        },
        "20021": {
            "year_quarter": 20021,
            "year": 2002,
            "quarter": 1,
            "eps": null,
            "eps_growth_year": null,
            "eps_4q": null,
            "eps_4q_growth_year": null,
            "roe": null,
            "roe_4q": 0,
            "gross_profit": null,
            "gross_margin": null,
            "gross_margin_4q_avg": 0,
            "net_income": null,
            "revenue": null,
            "common_shares": null,
            "book_valuer_per_share": null,
            "book_valuer_per_share_4q_avg": 2.39,
            "equity": null,
            "current_ratio": null,
            "debt_ratio": null,
            "inventory_turnover_ratio": null,
            "account_receivable_turnover_ratio": null,
            "reinvestment_rate": null,
            "research_to_sale_ratio": null,
            "price_fair": 0,
            "eps_avg_yearly": 0,
            "eps_latest_yearly": 0,
            "eps_growth_yearly": 0
        },
        "20022": {
            "year_quarter": 20022,
            "year": 2002,
            "quarter": 2,
            "eps": null,
            "eps_growth_year": null,
            "eps_4q": null,
            "eps_4q_growth_year": null,
            "roe": null,
            "roe_4q": 0,
            "gross_profit": null,
            "gross_margin": null,
            "gross_margin_4q_avg": 0,
            "net_income": null,
            "revenue": null,
            "common_shares": null,
            "book_valuer_per_share": null,
            "book_valuer_per_share_4q_avg": 2.39,
            "equity": null,
            "current_ratio": null,
            "debt_ratio": null,
            "inventory_turnover_ratio": null,
            "account_receivable_turnover_ratio": null,
            "reinvestment_rate": null,
            "research_to_sale_ratio": null,
            "price_fair": 0,
            "eps_avg_yearly": 0,
            "eps_latest_yearly": 0,
            "eps_growth_yearly": 0
        },
        "20023": {
            "year_quarter": 20023,
            "year": 2002,
            "quarter": 3,
            "eps": null,
            "eps_growth_year": null,
            "eps_4q": null,
            "eps_4q_growth_year": null,
            "roe": null,
            "roe_4q": 0,
            "gross_profit": null,
            "gross_margin": null,
            "gross_margin_4q_avg": 0,
            "net_income": null,
            "revenue": null,
            "common_shares": null,
            "book_valuer_per_share": null,
            "book_valuer_per_share_4q_avg": 2.39,
            "equity": null,
            "current_ratio": null,
            "debt_ratio": null,
            "inventory_turnover_ratio": null,
            "account_receivable_turnover_ratio": null,
            "reinvestment_rate": null,
            "research_to_sale_ratio": null,
            "price_fair": 0,
            "eps_avg_yearly": 0,
            "eps_latest_yearly": 0,
            "eps_growth_yearly": 0
        },
        "20024": {
            "year_quarter": 20024,
            "year": 2002,
            "quarter": 4,
            "eps": null,
            "eps_growth_year": null,
            "eps_4q": null,
            "eps_4q_growth_year": null,
            "roe": null,
            "roe_4q": 0,
            "gross_profit": null,
            "gross_margin": null,
            "gross_margin_4q_avg": 0,
            "net_income": null,
            "revenue": null,
            "common_shares": 100000,
            "book_valuer_per_share": 8.64,
            "book_valuer_per_share_4q_avg": 2.16,
            "equity": 86358,
            "current_ratio": 1369.62,
            "debt_ratio": 4.19,
            "inventory_turnover_ratio": null,
            "account_receivable_turnover_ratio": null,
            "reinvestment_rate": null,
            "research_to_sale_ratio": null,
            "price_fair": 0,
            "eps_avg_yearly": 0,
            "eps_latest_yearly": 0,
            "eps_growth_yearly": 0
        },
        "20031": {
            "year_quarter": 20031,
            "year": 2003,
            "quarter": 1,
            "eps": null,
            "eps_growth_year": null,
            "eps_4q": null,
            "eps_4q_growth_year": null,
            "roe": null,
            "roe_4q": 0,
            "gross_profit": null,
            "gross_margin": null,
            "gross_margin_4q_avg": 0,
            "net_income": null,
            "revenue": null,
            "common_shares": null,
            "book_valuer_per_share": null,
            "book_valuer_per_share_4q_avg": 2.16,
            "equity": null,
            "current_ratio": null,
            "debt_ratio": null,
            "inventory_turnover_ratio": null,
            "account_receivable_turnover_ratio": null,
            "reinvestment_rate": null,
            "research_to_sale_ratio": null,
            "price_fair": 0,
            "eps_avg_yearly": 0,
            "eps_latest_yearly": 0,
            "eps_growth_yearly": 0
        },
        "20032": {
            "year_quarter": 20032,
            "year": 2003,
            "quarter": 2,
            "eps": null,
            "eps_growth_year": null,
            "eps_4q": null,
            "eps_4q_growth_year": null,
            "roe": null,
            "roe_4q": 0,
            "gross_profit": null,
            "gross_margin": null,
            "gross_margin_4q_avg": 0,
            "net_income": null,
            "revenue": null,
            "common_shares": null,
            "book_valuer_per_share": null,
            "book_valuer_per_share_4q_avg": 2.16,
            "equity": null,
            "current_ratio": null,
            "debt_ratio": null,
            "inventory_turnover_ratio": null,
            "account_receivable_turnover_ratio": null,
            "reinvestment_rate": null,
            "research_to_sale_ratio": null,
            "price_fair": 0,
            "eps_avg_yearly": 0,
            "eps_latest_yearly": 0,
            "eps_growth_yearly": 0
        },
        "20033": {
            "year_quarter": 20033,
            "year": 2003,
            "quarter": 3,
            "eps": null,
            "eps_growth_year": null,
            "eps_4q": null,
            "eps_4q_growth_year": null,
            "roe": null,
            "roe_4q": 0,
            "gross_profit": null,
            "gross_margin": null,
            "gross_margin_4q_avg": 0,
            "net_income": null,
            "revenue": null,
            "common_shares": null,
            "book_valuer_per_share": null,
            "book_valuer_per_share_4q_avg": 2.16,
            "equity": null,
            "current_ratio": null,
            "debt_ratio": null,
            "inventory_turnover_ratio": null,
            "account_receivable_turnover_ratio": null,
            "reinvestment_rate": null,
            "research_to_sale_ratio": null,
            "price_fair": 0,
            "eps_avg_yearly": 0,
            "eps_latest_yearly": 0,
            "eps_growth_yearly": 0
        },
        "20034": {
            "year_quarter": 20034,
            "year": 2003,
            "quarter": 4,
            "eps": null,
            "eps_growth_year": null,
            "eps_4q": null,
            "eps_4q_growth_year": null,
            "roe": null,
            "roe_4q": 0,
            "gross_profit": null,
            "gross_margin": null,
            "gross_margin_4q_avg": 0,
            "net_income": null,
            "revenue": null,
            "common_shares": 140000,
            "book_valuer_per_share": 9.16,
            "book_valuer_per_share_4q_avg": 2.29,
            "equity": 128213,
            "current_ratio": 1433.58,
            "debt_ratio": 2.37,
            "inventory_turnover_ratio": null,
            "account_receivable_turnover_ratio": null,
            "reinvestment_rate": null,
            "research_to_sale_ratio": null,
            "price_fair": 0,
            "eps_avg_yearly": 0,
            "eps_latest_yearly": 0,
            "eps_growth_yearly": 0
        },
        "20041": {
            "year_quarter": 20041,
            "year": 2004,
            "quarter": 1,
            "eps": null,
            "eps_growth_year": null,
            "eps_4q": null,
            "eps_4q_growth_year": null,
            "roe": null,
            "roe_4q": 0,
            "gross_profit": null,
            "gross_margin": null,
            "gross_margin_4q_avg": 0,
            "net_income": null,
            "revenue": null,
            "common_shares": null,
            "book_valuer_per_share": null,
            "book_valuer_per_share_4q_avg": 2.29,
            "equity": null,
            "current_ratio": null,
            "debt_ratio": null,
            "inventory_turnover_ratio": null,
            "account_receivable_turnover_ratio": null,
            "reinvestment_rate": null,
            "research_to_sale_ratio": null,
            "price_fair": 0,
            "eps_avg_yearly": 0,
            "eps_latest_yearly": 0,
            "eps_growth_yearly": 0
        },
        "20042": {
            "year_quarter": 20042,
            "year": 2004,
            "quarter": 2,
            "eps": null,
            "eps_growth_year": null,
            "eps_4q": null,
            "eps_4q_growth_year": null,
            "roe": null,
            "roe_4q": 0,
            "gross_profit": null,
            "gross_margin": null,
            "gross_margin_4q_avg": 0,
            "net_income": null,
            "revenue": null,
            "common_shares": null,
            "book_valuer_per_share": null,
            "book_valuer_per_share_4q_avg": 2.29,
            "equity": null,
            "current_ratio": null,
            "debt_ratio": null,
            "inventory_turnover_ratio": null,
            "account_receivable_turnover_ratio": null,
            "reinvestment_rate": null,
            "research_to_sale_ratio": null,
            "price_fair": 0,
            "eps_avg_yearly": 0,
            "eps_latest_yearly": 0,
            "eps_growth_yearly": 0
        },
        "20043": {
            "year_quarter": 20043,
            "year": 2004,
            "quarter": 3,
            "eps": null,
            "eps_growth_year": null,
            "eps_4q": null,
            "eps_4q_growth_year": null,
            "roe": null,
            "roe_4q": 0,
            "gross_profit": null,
            "gross_margin": null,
            "gross_margin_4q_avg": 0,
            "net_income": null,
            "revenue": null,
            "common_shares": null,
            "book_valuer_per_share": null,
            "book_valuer_per_share_4q_avg": 2.29,
            "equity": null,
            "current_ratio": null,
            "debt_ratio": null,
            "inventory_turnover_ratio": null,
            "account_receivable_turnover_ratio": null,
            "reinvestment_rate": null,
            "research_to_sale_ratio": null,
            "price_fair": 0,
            "eps_avg_yearly": 0,
            "eps_latest_yearly": 0,
            "eps_growth_yearly": 0
        },
        "20044": {
            "year_quarter": 20044,
            "year": 2004,
            "quarter": 4,
            "eps": null,
            "eps_growth_year": null,
            "eps_4q": null,
            "eps_4q_growth_year": null,
            "roe": null,
            "roe_4q": 0,
            "gross_profit": null,
            "gross_margin": null,
            "gross_margin_4q_avg": 0,
            "net_income": null,
            "revenue": null,
            "common_shares": 180000,
            "book_valuer_per_share": 12.07,
            "book_valuer_per_share_4q_avg": 3.02,
            "equity": 217277,
            "current_ratio": 1316.53,
            "debt_ratio": 4.02,
            "inventory_turnover_ratio": null,
            "account_receivable_turnover_ratio": null,
            "reinvestment_rate": null,
            "research_to_sale_ratio": null,
            "price_fair": 0,
            "eps_avg_yearly": 0,
            "eps_latest_yearly": 0,
            "eps_growth_yearly": 0
        },
        "20051": {
            "year_quarter": 20051,
            "year": 2005,
            "quarter": 1,
            "eps": null,
            "eps_growth_year": null,
            "eps_4q": null,
            "eps_4q_growth_year": null,
            "roe": null,
            "roe_4q": 0,
            "gross_profit": null,
            "gross_margin": null,
            "gross_margin_4q_avg": 0,
            "net_income": null,
            "revenue": null,
            "common_shares": null,
            "book_valuer_per_share": null,
            "book_valuer_per_share_4q_avg": 3.02,
            "equity": null,
            "current_ratio": null,
            "debt_ratio": null,
            "inventory_turnover_ratio": null,
            "account_receivable_turnover_ratio": null,
            "reinvestment_rate": null,
            "research_to_sale_ratio": null,
            "price_fair": 0,
            "eps_avg_yearly": 0,
            "eps_latest_yearly": 0,
            "eps_growth_yearly": 0
        },
        "20052": {
            "year_quarter": 20052,
            "year": 2005,
            "quarter": 2,
            "eps": null,
            "eps_growth_year": null,
            "eps_4q": null,
            "eps_4q_growth_year": null,
            "roe": null,
            "roe_4q": 0,
            "gross_profit": null,
            "gross_margin": null,
            "gross_margin_4q_avg": 0,
            "net_income": null,
            "revenue": null,
            "common_shares": null,
            "book_valuer_per_share": null,
            "book_valuer_per_share_4q_avg": 3.02,
            "equity": null,
            "current_ratio": null,
            "debt_ratio": null,
            "inventory_turnover_ratio": null,
            "account_receivable_turnover_ratio": null,
            "reinvestment_rate": null,
            "research_to_sale_ratio": null,
            "price_fair": 0,
            "eps_avg_yearly": 0,
            "eps_latest_yearly": 0,
            "eps_growth_yearly": 0
        },
        "20053": {
            "year_quarter": 20053,
            "year": 2005,
            "quarter": 3,
            "eps": null,
            "eps_growth_year": null,
            "eps_4q": null,
            "eps_4q_growth_year": null,
            "roe": null,
            "roe_4q": 0,
            "gross_profit": null,
            "gross_margin": null,
            "gross_margin_4q_avg": 0,
            "net_income": null,
            "revenue": null,
            "common_shares": null,
            "book_valuer_per_share": null,
            "book_valuer_per_share_4q_avg": 3.02,
            "equity": null,
            "current_ratio": null,
            "debt_ratio": null,
            "inventory_turnover_ratio": null,
            "account_receivable_turnover_ratio": null,
            "reinvestment_rate": null,
            "research_to_sale_ratio": null,
            "price_fair": 0,
            "eps_avg_yearly": 0,
            "eps_latest_yearly": 0,
            "eps_growth_yearly": 0
        },
        "20054": {
            "year_quarter": 20054,
            "year": 2005,
            "quarter": 4,
            "eps": null,
            "eps_growth_year": null,
            "eps_4q": null,
            "eps_4q_growth_year": null,
            "roe": null,
            "roe_4q": 0,
            "gross_profit": null,
            "gross_margin": null,
            "gross_margin_4q_avg": 0,
            "net_income": null,
            "revenue": null,
            "common_shares": 330000,
            "book_valuer_per_share": 8.6,
            "book_valuer_per_share_4q_avg": 2.15,
            "equity": 283830,
            "current_ratio": 1059.23,
            "debt_ratio": 6.11,
            "inventory_turnover_ratio": null,
            "account_receivable_turnover_ratio": null,
            "reinvestment_rate": null,
            "research_to_sale_ratio": null,
            "price_fair": 0,
            "eps_avg_yearly": 0,
            "eps_latest_yearly": 0,
            "eps_growth_yearly": 0
        },
        "20061": {
            "year_quarter": 20061,
            "year": 2006,
            "quarter": 1,
            "eps": null,
            "eps_growth_year": null,
            "eps_4q": null,
            "eps_4q_growth_year": null,
            "roe": null,
            "roe_4q": 0,
            "gross_profit": null,
            "gross_margin": null,
            "gross_margin_4q_avg": 0,
            "net_income": null,
            "revenue": null,
            "common_shares": null,
            "book_valuer_per_share": null,
            "book_valuer_per_share_4q_avg": 2.15,
            "equity": null,
            "current_ratio": null,
            "debt_ratio": null,
            "inventory_turnover_ratio": null,
            "account_receivable_turnover_ratio": null,
            "reinvestment_rate": null,
            "research_to_sale_ratio": null,
            "price_fair": 0,
            "eps_avg_yearly": 0,
            "eps_latest_yearly": 0,
            "eps_growth_yearly": 0
        },
        "20062": {
            "year_quarter": 20062,
            "year": 2006,
            "quarter": 2,
            "eps": null,
            "eps_growth_year": null,
            "eps_4q": null,
            "eps_4q_growth_year": null,
            "roe": null,
            "roe_4q": 0,
            "gross_profit": null,
            "gross_margin": null,
            "gross_margin_4q_avg": 0,
            "net_income": null,
            "revenue": null,
            "common_shares": null,
            "book_valuer_per_share": null,
            "book_valuer_per_share_4q_avg": 2.15,
            "equity": null,
            "current_ratio": null,
            "debt_ratio": null,
            "inventory_turnover_ratio": null,
            "account_receivable_turnover_ratio": null,
            "reinvestment_rate": null,
            "research_to_sale_ratio": null,
            "price_fair": 0,
            "eps_avg_yearly": 0,
            "eps_latest_yearly": 0,
            "eps_growth_yearly": 0
        },
        "20063": {
            "year_quarter": 20063,
            "year": 2006,
            "quarter": 3,
            "eps": null,
            "eps_growth_year": null,
            "eps_4q": null,
            "eps_4q_growth_year": null,
            "roe": null,
            "roe_4q": 0,
            "gross_profit": null,
            "gross_margin": null,
            "gross_margin_4q_avg": 0,
            "net_income": null,
            "revenue": null,
            "common_shares": null,
            "book_valuer_per_share": null,
            "book_valuer_per_share_4q_avg": 2.15,
            "equity": null,
            "current_ratio": null,
            "debt_ratio": null,
            "inventory_turnover_ratio": null,
            "account_receivable_turnover_ratio": null,
            "reinvestment_rate": null,
            "research_to_sale_ratio": null,
            "price_fair": 0,
            "eps_avg_yearly": 0,
            "eps_latest_yearly": 0,
            "eps_growth_yearly": 0
        },
        "20064": {
            "year_quarter": 20064,
            "year": 2006,
            "quarter": 4,
            "eps": null,
            "eps_growth_year": null,
            "eps_4q": null,
            "eps_4q_growth_year": null,
            "roe": null,
            "roe_4q": 0,
            "gross_profit": null,
            "gross_margin": null,
            "gross_margin_4q_avg": 0,
            "net_income": null,
            "revenue": null,
            "common_shares": 330000,
            "book_valuer_per_share": 7,
            "book_valuer_per_share_4q_avg": 1.75,
            "equity": 231102,
            "current_ratio": 614.98,
            "debt_ratio": 7.71,
            "inventory_turnover_ratio": null,
            "account_receivable_turnover_ratio": null,
            "reinvestment_rate": null,
            "research_to_sale_ratio": null,
            "price_fair": 0,
            "eps_avg_yearly": 0,
            "eps_latest_yearly": 0,
            "eps_growth_yearly": 0
        },
        "20071": {
            "year_quarter": 20071,
            "year": 2007,
            "quarter": 1,
            "eps": null,
            "eps_growth_year": null,
            "eps_4q": null,
            "eps_4q_growth_year": null,
            "roe": null,
            "roe_4q": 0,
            "gross_profit": null,
            "gross_margin": null,
            "gross_margin_4q_avg": 0,
            "net_income": null,
            "revenue": null,
            "common_shares": null,
            "book_valuer_per_share": null,
            "book_valuer_per_share_4q_avg": 1.75,
            "equity": null,
            "current_ratio": null,
            "debt_ratio": null,
            "inventory_turnover_ratio": null,
            "account_receivable_turnover_ratio": null,
            "reinvestment_rate": null,
            "research_to_sale_ratio": null,
            "price_fair": 0,
            "eps_avg_yearly": 0,
            "eps_latest_yearly": 0,
            "eps_growth_yearly": 0
        },
        "20072": {
            "year_quarter": 20072,
            "year": 2007,
            "quarter": 2,
            "eps": null,
            "eps_growth_year": null,
            "eps_4q": null,
            "eps_4q_growth_year": null,
            "roe": null,
            "roe_4q": 0,
            "gross_profit": null,
            "gross_margin": null,
            "gross_margin_4q_avg": 0,
            "net_income": null,
            "revenue": null,
            "common_shares": null,
            "book_valuer_per_share": null,
            "book_valuer_per_share_4q_avg": 1.75,
            "equity": null,
            "current_ratio": null,
            "debt_ratio": null,
            "inventory_turnover_ratio": null,
            "account_receivable_turnover_ratio": null,
            "reinvestment_rate": null,
            "research_to_sale_ratio": null,
            "price_fair": 0,
            "eps_avg_yearly": 0,
            "eps_latest_yearly": 0,
            "eps_growth_yearly": 0
        },
        "20073": {
            "year_quarter": 20073,
            "year": 2007,
            "quarter": 3,
            "eps": null,
            "eps_growth_year": null,
            "eps_4q": null,
            "eps_4q_growth_year": null,
            "roe": null,
            "roe_4q": 0,
            "gross_profit": null,
            "gross_margin": null,
            "gross_margin_4q_avg": 0,
            "net_income": null,
            "revenue": null,
            "common_shares": null,
            "book_valuer_per_share": null,
            "book_valuer_per_share_4q_avg": 1.75,
            "equity": null,
            "current_ratio": null,
            "debt_ratio": null,
            "inventory_turnover_ratio": null,
            "account_receivable_turnover_ratio": null,
            "reinvestment_rate": null,
            "research_to_sale_ratio": null,
            "price_fair": 0,
            "eps_avg_yearly": 0,
            "eps_latest_yearly": 0,
            "eps_growth_yearly": 0
        },
        "20074": {
            "year_quarter": 20074,
            "year": 2007,
            "quarter": 4,
            "eps": null,
            "eps_growth_year": null,
            "eps_4q": null,
            "eps_4q_growth_year": null,
            "roe": null,
            "roe_4q": 0,
            "gross_profit": null,
            "gross_margin": null,
            "gross_margin_4q_avg": 0,
            "net_income": null,
            "revenue": null,
            "common_shares": 500000,
            "book_valuer_per_share": 9.22,
            "book_valuer_per_share_4q_avg": 2.31,
            "equity": 461177,
            "current_ratio": 1855.59,
            "debt_ratio": 4.07,
            "inventory_turnover_ratio": null,
            "account_receivable_turnover_ratio": null,
            "reinvestment_rate": null,
            "research_to_sale_ratio": null,
            "price_fair": 0,
            "eps_avg_yearly": 0,
            "eps_latest_yearly": 0,
            "eps_growth_yearly": 0
        },
        "20081": {
            "year_quarter": 20081,
            "year": 2008,
            "quarter": 1,
            "eps": null,
            "eps_growth_year": null,
            "eps_4q": null,
            "eps_4q_growth_year": null,
            "roe": null,
            "roe_4q": 0,
            "gross_profit": null,
            "gross_margin": null,
            "gross_margin_4q_avg": 0,
            "net_income": null,
            "revenue": null,
            "common_shares": null,
            "book_valuer_per_share": null,
            "book_valuer_per_share_4q_avg": 2.31,
            "equity": null,
            "current_ratio": null,
            "debt_ratio": null,
            "inventory_turnover_ratio": null,
            "account_receivable_turnover_ratio": null,
            "reinvestment_rate": null,
            "research_to_sale_ratio": null,
            "price_fair": 0,
            "eps_avg_yearly": 0,
            "eps_latest_yearly": 0,
            "eps_growth_yearly": 0
        },
        "20082": {
            "year_quarter": 20082,
            "year": 2008,
            "quarter": 2,
            "eps": null,
            "eps_growth_year": null,
            "eps_4q": null,
            "eps_4q_growth_year": null,
            "roe": null,
            "roe_4q": 0,
            "gross_profit": null,
            "gross_margin": null,
            "gross_margin_4q_avg": 0,
            "net_income": null,
            "revenue": null,
            "common_shares": null,
            "book_valuer_per_share": null,
            "book_valuer_per_share_4q_avg": 2.31,
            "equity": null,
            "current_ratio": null,
            "debt_ratio": null,
            "inventory_turnover_ratio": null,
            "account_receivable_turnover_ratio": null,
            "reinvestment_rate": null,
            "research_to_sale_ratio": null,
            "price_fair": 0,
            "eps_avg_yearly": 0,
            "eps_latest_yearly": 0,
            "eps_growth_yearly": 0
        },
        "20083": {
            "year_quarter": 20083,
            "year": 2008,
            "quarter": 3,
            "eps": null,
            "eps_growth_year": null,
            "eps_4q": null,
            "eps_4q_growth_year": null,
            "roe": null,
            "roe_4q": 0,
            "gross_profit": null,
            "gross_margin": null,
            "gross_margin_4q_avg": 0,
            "net_income": null,
            "revenue": null,
            "common_shares": null,
            "book_valuer_per_share": null,
            "book_valuer_per_share_4q_avg": 2.31,
            "equity": null,
            "current_ratio": null,
            "debt_ratio": null,
            "inventory_turnover_ratio": null,
            "account_receivable_turnover_ratio": null,
            "reinvestment_rate": null,
            "research_to_sale_ratio": null,
            "price_fair": 0,
            "eps_avg_yearly": 0,
            "eps_latest_yearly": 0,
            "eps_growth_yearly": 0
        },
        "20084": {
            "year_quarter": 20084,
            "year": 2008,
            "quarter": 4,
            "eps": null,
            "eps_growth_year": null,
            "eps_4q": null,
            "eps_4q_growth_year": null,
            "roe": null,
            "roe_4q": 0,
            "gross_profit": null,
            "gross_margin": null,
            "gross_margin_4q_avg": 0,
            "net_income": null,
            "revenue": null,
            "common_shares": 500000,
            "book_valuer_per_share": 7.11,
            "book_valuer_per_share_4q_avg": 1.78,
            "equity": 355433,
            "current_ratio": 1365.73,
            "debt_ratio": 5.02,
            "inventory_turnover_ratio": null,
            "account_receivable_turnover_ratio": null,
            "reinvestment_rate": null,
            "research_to_sale_ratio": null,
            "price_fair": 0,
            "eps_avg_yearly": 0,
            "eps_latest_yearly": 0,
            "eps_growth_yearly": 0
        },
        "20091": {
            "year_quarter": 20091,
            "year": 2009,
            "quarter": 1,
            "eps": null,
            "eps_growth_year": null,
            "eps_4q": null,
            "eps_4q_growth_year": null,
            "roe": null,
            "roe_4q": 0,
            "gross_profit": null,
            "gross_margin": null,
            "gross_margin_4q_avg": 0,
            "net_income": null,
            "revenue": null,
            "common_shares": null,
            "book_valuer_per_share": null,
            "book_valuer_per_share_4q_avg": 1.78,
            "equity": null,
            "current_ratio": null,
            "debt_ratio": null,
            "inventory_turnover_ratio": null,
            "account_receivable_turnover_ratio": null,
            "reinvestment_rate": null,
            "research_to_sale_ratio": null,
            "price_fair": 0,
            "eps_avg_yearly": 0,
            "eps_latest_yearly": 0,
            "eps_growth_yearly": 0
        },
        "20092": {
            "year_quarter": 20092,
            "year": 2009,
            "quarter": 2,
            "eps": null,
            "eps_growth_year": null,
            "eps_4q": null,
            "eps_4q_growth_year": null,
            "roe": null,
            "roe_4q": 0,
            "gross_profit": null,
            "gross_margin": null,
            "gross_margin_4q_avg": 0,
            "net_income": null,
            "revenue": null,
            "common_shares": 500000,
            "book_valuer_per_share": null,
            "book_valuer_per_share_4q_avg": 1.78,
            "equity": 303291,
            "current_ratio": null,
            "debt_ratio": null,
            "inventory_turnover_ratio": null,
            "account_receivable_turnover_ratio": null,
            "reinvestment_rate": null,
            "research_to_sale_ratio": null,
            "price_fair": 0,
            "eps_avg_yearly": 0,
            "eps_latest_yearly": 0,
            "eps_growth_yearly": 0
        },
        "20093": {
            "year_quarter": 20093,
            "year": 2009,
            "quarter": 3,
            "eps": null,
            "eps_growth_year": null,
            "eps_4q": null,
            "eps_4q_growth_year": null,
            "roe": null,
            "roe_4q": 0,
            "gross_profit": null,
            "gross_margin": null,
            "gross_margin_4q_avg": 0,
            "net_income": null,
            "revenue": null,
            "common_shares": null,
            "book_valuer_per_share": null,
            "book_valuer_per_share_4q_avg": 1.78,
            "equity": null,
            "current_ratio": null,
            "debt_ratio": null,
            "inventory_turnover_ratio": null,
            "account_receivable_turnover_ratio": null,
            "reinvestment_rate": null,
            "research_to_sale_ratio": null,
            "price_fair": 0,
            "eps_avg_yearly": 0,
            "eps_latest_yearly": 0,
            "eps_growth_yearly": 0
        },
        "20094": {
            "year_quarter": 20094,
            "year": 2009,
            "quarter": 4,
            "eps": null,
            "eps_growth_year": null,
            "eps_4q": null,
            "eps_4q_growth_year": null,
            "roe": null,
            "roe_4q": 0,
            "gross_profit": null,
            "gross_margin": null,
            "gross_margin_4q_avg": 0,
            "net_income": null,
            "revenue": null,
            "common_shares": 500000,
            "book_valuer_per_share": 5.22,
            "book_valuer_per_share_4q_avg": 1.31,
            "equity": 261101,
            "current_ratio": 980.72,
            "debt_ratio": 6.3,
            "inventory_turnover_ratio": null,
            "account_receivable_turnover_ratio": null,
            "reinvestment_rate": null,
            "research_to_sale_ratio": null,
            "price_fair": 0,
            "eps_avg_yearly": 0,
            "eps_latest_yearly": 0,
            "eps_growth_yearly": 0
        },
        "20101": {
            "year_quarter": 20101,
            "year": 2010,
            "quarter": 1,
            "eps": null,
            "eps_growth_year": null,
            "eps_4q": null,
            "eps_4q_growth_year": null,
            "roe": null,
            "roe_4q": 0,
            "gross_profit": null,
            "gross_margin": null,
            "gross_margin_4q_avg": 0,
            "net_income": null,
            "revenue": null,
            "common_shares": null,
            "book_valuer_per_share": null,
            "book_valuer_per_share_4q_avg": 1.31,
            "equity": null,
            "current_ratio": null,
            "debt_ratio": null,
            "inventory_turnover_ratio": null,
            "account_receivable_turnover_ratio": null,
            "reinvestment_rate": null,
            "research_to_sale_ratio": null,
            "price_fair": 0,
            "eps_avg_yearly": 0,
            "eps_latest_yearly": 0,
            "eps_growth_yearly": 0
        },
        "20102": {
            "year_quarter": 20102,
            "year": 2010,
            "quarter": 2,
            "eps": null,
            "eps_growth_year": null,
            "eps_4q": null,
            "eps_4q_growth_year": null,
            "roe": null,
            "roe_4q": 0,
            "gross_profit": null,
            "gross_margin": null,
            "gross_margin_4q_avg": 0,
            "net_income": null,
            "revenue": null,
            "common_shares": 500000,
            "book_valuer_per_share": 4.49,
            "book_valuer_per_share_4q_avg": 2.43,
            "equity": 224548,
            "current_ratio": 1119.74,
            "debt_ratio": 5.22,
            "inventory_turnover_ratio": null,
            "account_receivable_turnover_ratio": null,
            "reinvestment_rate": null,
            "research_to_sale_ratio": null,
            "price_fair": 0,
            "eps_avg_yearly": 0,
            "eps_latest_yearly": 0,
            "eps_growth_yearly": 0
        },
        "20103": {
            "year_quarter": 20103,
            "year": 2010,
            "quarter": 3,
            "eps": null,
            "eps_growth_year": null,
            "eps_4q": null,
            "eps_4q_growth_year": null,
            "roe": null,
            "roe_4q": 0,
            "gross_profit": null,
            "gross_margin": null,
            "gross_margin_4q_avg": 0,
            "net_income": null,
            "revenue": null,
            "common_shares": null,
            "book_valuer_per_share": null,
            "book_valuer_per_share_4q_avg": 2.43,
            "equity": null,
            "current_ratio": null,
            "debt_ratio": null,
            "inventory_turnover_ratio": null,
            "account_receivable_turnover_ratio": null,
            "reinvestment_rate": null,
            "research_to_sale_ratio": null,
            "price_fair": 0,
            "eps_avg_yearly": 0,
            "eps_latest_yearly": 0,
            "eps_growth_yearly": 0
        },
        "20104": {
            "year_quarter": 20104,
            "year": 2010,
            "quarter": 4,
            "eps": null,
            "eps_growth_year": null,
            "eps_4q": null,
            "eps_4q_growth_year": null,
            "roe": null,
            "roe_4q": 0,
            "gross_profit": null,
            "gross_margin": null,
            "gross_margin_4q_avg": 0,
            "net_income": null,
            "revenue": null,
            "common_shares": 500000,
            "book_valuer_per_share": 3.5,
            "book_valuer_per_share_4q_avg": 2,
            "equity": 175599,
            "current_ratio": 747.38,
            "debt_ratio": 7.03,
            "inventory_turnover_ratio": null,
            "account_receivable_turnover_ratio": null,
            "reinvestment_rate": null,
            "research_to_sale_ratio": null,
            "price_fair": 0,
            "eps_avg_yearly": 0,
            "eps_latest_yearly": 0,
            "eps_growth_yearly": 0
        },
        "20111": {
            "year_quarter": 20111,
            "year": 2011,
            "quarter": 1,
            "eps": null,
            "eps_growth_year": null,
            "eps_4q": null,
            "eps_4q_growth_year": null,
            "roe": null,
            "roe_4q": 0,
            "gross_profit": null,
            "gross_margin": null,
            "gross_margin_4q_avg": 0,
            "net_income": null,
            "revenue": null,
            "common_shares": null,
            "book_valuer_per_share": null,
            "book_valuer_per_share_4q_avg": 2,
            "equity": null,
            "current_ratio": null,
            "debt_ratio": null,
            "inventory_turnover_ratio": null,
            "account_receivable_turnover_ratio": null,
            "reinvestment_rate": null,
            "research_to_sale_ratio": null,
            "price_fair": 0,
            "eps_avg_yearly": 0,
            "eps_latest_yearly": 0,
            "eps_growth_yearly": 0
        },
        "20112": {
            "year_quarter": 20112,
            "year": 2011,
            "quarter": 2,
            "eps": null,
            "eps_growth_year": null,
            "eps_4q": null,
            "eps_4q_growth_year": null,
            "roe": null,
            "roe_4q": 0,
            "gross_profit": null,
            "gross_margin": null,
            "gross_margin_4q_avg": 0,
            "net_income": null,
            "revenue": null,
            "common_shares": 575000,
            "book_valuer_per_share": 4.85,
            "book_valuer_per_share_4q_avg": 2.09,
            "equity": 279073,
            "current_ratio": 1620.29,
            "debt_ratio": 4.47,
            "inventory_turnover_ratio": null,
            "account_receivable_turnover_ratio": null,
            "reinvestment_rate": null,
            "research_to_sale_ratio": null,
            "price_fair": 0,
            "eps_avg_yearly": 0,
            "eps_latest_yearly": 0,
            "eps_growth_yearly": 0
        },
        "20113": {
            "year_quarter": 20113,
            "year": 2011,
            "quarter": 3,
            "eps": null,
            "eps_growth_year": null,
            "eps_4q": null,
            "eps_4q_growth_year": null,
            "roe": null,
            "roe_4q": 0,
            "gross_profit": null,
            "gross_margin": null,
            "gross_margin_4q_avg": 0,
            "net_income": null,
            "revenue": null,
            "common_shares": null,
            "book_valuer_per_share": null,
            "book_valuer_per_share_4q_avg": 2.09,
            "equity": null,
            "current_ratio": null,
            "debt_ratio": null,
            "inventory_turnover_ratio": null,
            "account_receivable_turnover_ratio": null,
            "reinvestment_rate": null,
            "research_to_sale_ratio": null,
            "price_fair": 0,
            "eps_avg_yearly": 0,
            "eps_latest_yearly": 0,
            "eps_growth_yearly": 0
        },
        "20114": {
            "year_quarter": 20114,
            "year": 2011,
            "quarter": 4,
            "eps": null,
            "eps_growth_year": null,
            "eps_4q": null,
            "eps_4q_growth_year": null,
            "roe": null,
            "roe_4q": 0,
            "gross_profit": null,
            "gross_margin": null,
            "gross_margin_4q_avg": 0,
            "net_income": null,
            "revenue": null,
            "common_shares": 575000,
            "book_valuer_per_share": 4.16,
            "book_valuer_per_share_4q_avg": 2.25,
            "equity": 239054,
            "current_ratio": 714.8,
            "debt_ratio": 8.62,
            "inventory_turnover_ratio": null,
            "account_receivable_turnover_ratio": null,
            "reinvestment_rate": null,
            "research_to_sale_ratio": null,
            "price_fair": 0,
            "eps_avg_yearly": 0,
            "eps_latest_yearly": 0,
            "eps_growth_yearly": 0
        },
        "20121": {
            "year_quarter": 20121,
            "year": 2012,
            "quarter": 1,
            "eps": null,
            "eps_growth_year": null,
            "eps_4q": null,
            "eps_4q_growth_year": null,
            "roe": null,
            "roe_4q": 0,
            "gross_profit": 1066,
            "gross_margin": null,
            "gross_margin_4q_avg": 0,
            "net_income": -12867,
            "revenue": 4757,
            "common_shares": 575000,
            "book_valuer_per_share": null,
            "book_valuer_per_share_4q_avg": 2.25,
            "equity": 224031,
            "current_ratio": null,
            "debt_ratio": null,
            "inventory_turnover_ratio": null,
            "account_receivable_turnover_ratio": null,
            "reinvestment_rate": null,
            "research_to_sale_ratio": null,
            "price_fair": 0,
            "eps_avg_yearly": 0,
            "eps_latest_yearly": 0,
            "eps_growth_yearly": 0
        },
        "20122": {
            "year_quarter": 20122,
            "year": 2012,
            "quarter": 2,
            "eps": null,
            "eps_growth_year": null,
            "eps_4q": null,
            "eps_4q_growth_year": null,
            "roe": null,
            "roe_4q": 0,
            "gross_profit": -3211,
            "gross_margin": null,
            "gross_margin_4q_avg": 0,
            "net_income": -37671,
            "revenue": 2336,
            "common_shares": 575000,
            "book_valuer_per_share": 3.3,
            "book_valuer_per_share_4q_avg": 1.87,
            "equity": 189753,
            "current_ratio": 432.36,
            "debt_ratio": 12.25,
            "inventory_turnover_ratio": null,
            "account_receivable_turnover_ratio": null,
            "reinvestment_rate": null,
            "research_to_sale_ratio": null,
            "price_fair": 0,
            "eps_avg_yearly": 0,
            "eps_latest_yearly": 0,
            "eps_growth_yearly": 0
        },
        "20123": {
            "year_quarter": 20123,
            "year": 2012,
            "quarter": 3,
            "eps": null,
            "eps_growth_year": null,
            "eps_4q": null,
            "eps_4q_growth_year": null,
            "roe": null,
            "roe_4q": 0,
            "gross_profit": -1212,
            "gross_margin": null,
            "gross_margin_4q_avg": 0,
            "net_income": -40553,
            "revenue": 5799,
            "common_shares": 575000,
            "book_valuer_per_share": null,
            "book_valuer_per_share_4q_avg": 1.87,
            "equity": 147854,
            "current_ratio": null,
            "debt_ratio": null,
            "inventory_turnover_ratio": null,
            "account_receivable_turnover_ratio": null,
            "reinvestment_rate": null,
            "research_to_sale_ratio": null,
            "price_fair": 0,
            "eps_avg_yearly": 0,
            "eps_latest_yearly": 0,
            "eps_growth_yearly": 0
        },
        "20124": {
            "year_quarter": 20124,
            "year": 2012,
            "quarter": 4,
            "eps": null,
            "eps_growth_year": null,
            "eps_4q": null,
            "eps_4q_growth_year": null,
            "roe": null,
            "roe_4q": 0,
            "gross_profit": 13268,
            "gross_margin": null,
            "gross_margin_4q_avg": 0,
            "net_income": -9319,
            "revenue": 22803,
            "common_shares": 575000,
            "book_valuer_per_share": 3.09,
            "book_valuer_per_share_4q_avg": 1.6,
            "equity": 182903,
            "current_ratio": 428.21,
            "debt_ratio": 13.69,
            "inventory_turnover_ratio": null,
            "account_receivable_turnover_ratio": null,
            "reinvestment_rate": null,
            "research_to_sale_ratio": null,
            "price_fair": 0,
            "eps_avg_yearly": 0,
            "eps_latest_yearly": 0,
            "eps_growth_yearly": 0
        },
        "20131": {
            "year_quarter": 20131,
            "year": 2013,
            "quarter": 1,
            "eps": -0.39,
            "eps_growth_year": null,
            "eps_4q": -0.33,
            "eps_4q_growth_year": null,
            "roe": -5.91,
            "roe_4q": -5.91,
            "gross_profit": -8184,
            "gross_margin": -732.68,
            "gross_margin_4q_avg": -183.17,
            "net_income": -32473,
            "revenue": 1117,
            "common_shares": 975000,
            "book_valuer_per_share": 9.39,
            "book_valuer_per_share_4q_avg": 3.95,
            "equity": 915657,
            "current_ratio": 5854.93,
            "debt_ratio": 2.25,
            "inventory_turnover_ratio": 0.86,
            "account_receivable_turnover_ratio": 0.27,
            "reinvestment_rate": null,
            "research_to_sale_ratio": 1875.02,
            "price_fair": 0,
            "eps_avg_yearly": 0,
            "eps_latest_yearly": 0,
            "eps_growth_yearly": 0
        },
        "20132": {
            "year_quarter": 20132,
            "year": 2013,
            "quarter": 2,
            "eps": -0.18,
            "eps_growth_year": null,
            "eps_4q": -0.51,
            "eps_4q_growth_year": null,
            "roe": -1.88,
            "roe_4q": -7.79,
            "gross_profit": 6581,
            "gross_margin": 46.33,
            "gross_margin_4q_avg": -171.59,
            "net_income": -17051,
            "revenue": 14206,
            "common_shares": 973110,
            "book_valuer_per_share": 9.25,
            "book_valuer_per_share_4q_avg": 5.43,
            "equity": 900155,
            "current_ratio": 2822.32,
            "debt_ratio": 3.87,
            "inventory_turnover_ratio": 0.67,
            "account_receivable_turnover_ratio": 5.41,
            "reinvestment_rate": null,
            "research_to_sale_ratio": 147.48,
            "price_fair": 0,
            "eps_avg_yearly": 0,
            "eps_latest_yearly": 0,
            "eps_growth_yearly": 0
        },
        "20133": {
            "year_quarter": 20133,
            "year": 2013,
            "quarter": 3,
            "eps": -0.3,
            "eps_growth_year": null,
            "eps_4q": -0.81,
            "eps_4q_growth_year": null,
            "roe": -3.32,
            "roe_4q": -11.11,
            "gross_profit": 2178,
            "gross_margin": 20.57,
            "gross_margin_4q_avg": -166.45,
            "net_income": -29397,
            "revenue": 10586,
            "common_shares": 973110,
            "book_valuer_per_share": 8.96,
            "book_valuer_per_share_4q_avg": 7.67,
            "equity": 872324,
            "current_ratio": 2398.78,
            "debt_ratio": 4.35,
            "inventory_turnover_ratio": 0.69,
            "account_receivable_turnover_ratio": 3.91,
            "reinvestment_rate": null,
            "research_to_sale_ratio": 274.15,
            "price_fair": 0,
            "eps_avg_yearly": 0,
            "eps_latest_yearly": 0,
            "eps_growth_yearly": 0
        },
        "20134": {
            "year_quarter": 20134,
            "year": 2013,
            "quarter": 4,
            "eps": -0.09,
            "eps_growth_year": null,
            "eps_4q": -0.8,
            "eps_4q_growth_year": null,
            "roe": -0.75,
            "roe_4q": -11.86,
            "gross_profit": 23698,
            "gross_margin": 62.29,
            "gross_margin_4q_avg": -150.87,
            "net_income": -9708,
            "revenue": 38042,
            "common_shares": 1102860,
            "book_valuer_per_share": 15.47,
            "book_valuer_per_share_4q_avg": 10.77,
            "equity": 1705956,
            "current_ratio": 2037.08,
            "debt_ratio": 4.89,
            "inventory_turnover_ratio": 1.12,
            "account_receivable_turnover_ratio": 11.74,
            "reinvestment_rate": null,
            "research_to_sale_ratio": 85.21,
            "price_fair": 0,
            "eps_avg_yearly": 0,
            "eps_latest_yearly": 0,
            "eps_growth_yearly": 0
        },
        "20141": {
            "year_quarter": 20141,
            "year": 2014,
            "quarter": 1,
            "eps": -0.4,
            "eps_growth_year": null,
            "eps_4q": -0.91,
            "eps_4q_growth_year": null,
            "roe": -2.62,
            "roe_4q": -8.57,
            "gross_profit": -7527,
            "gross_margin": -160.11,
            "gross_margin_4q_avg": -7.73,
            "net_income": -44215,
            "revenue": 4701,
            "common_shares": 1102860,
            "book_valuer_per_share": 15.08,
            "book_valuer_per_share_4q_avg": 12.19,
            "equity": 1663273,
            "current_ratio": 4354.3,
            "debt_ratio": 2.53,
            "inventory_turnover_ratio": 0.94,
            "account_receivable_turnover_ratio": 1.11,
            "reinvestment_rate": null,
            "research_to_sale_ratio": 718.04,
            "price_fair": 0,
            "eps_avg_yearly": 0,
            "eps_latest_yearly": 0,
            "eps_growth_yearly": 0
        },
        "20142": {
            "year_quarter": 20142,
            "year": 2014,
            "quarter": 2,
            "eps": -0.06,
            "eps_growth_year": null,
            "eps_4q": -0.81,
            "eps_4q_growth_year": null,
            "roe": -0.43,
            "roe_4q": -7.12,
            "gross_profit": 30647,
            "gross_margin": 69.76,
            "gross_margin_4q_avg": -1.87,
            "net_income": -7102,
            "revenue": 43933,
            "common_shares": 1102860,
            "book_valuer_per_share": 15.05,
            "book_valuer_per_share_4q_avg": 13.64,
            "equity": 1667916,
            "current_ratio": 3172.41,
            "debt_ratio": 3.27,
            "inventory_turnover_ratio": 1.03,
            "account_receivable_turnover_ratio": 2.43,
            "reinvestment_rate": null,
            "research_to_sale_ratio": 82.49,
            "price_fair": 0,
            "eps_avg_yearly": 0,
            "eps_latest_yearly": 0,
            "eps_growth_yearly": 0
        },
        "20143": {
            "year_quarter": 20143,
            "year": 2014,
            "quarter": 3,
            "eps": -0.35,
            "eps_growth_year": null,
            "eps_4q": -0.9,
            "eps_4q_growth_year": null,
            "roe": -2.38,
            "roe_4q": -6.18,
            "gross_profit": -11167,
            "gross_margin": -92.63,
            "gross_margin_4q_avg": -30.17,
            "net_income": -39204,
            "revenue": 12055,
            "common_shares": 1108040,
            "book_valuer_per_share": 14.71,
            "book_valuer_per_share_4q_avg": 15.08,
            "equity": 1632174,
            "current_ratio": 2741.79,
            "debt_ratio": 3.71,
            "inventory_turnover_ratio": 1.57,
            "account_receivable_turnover_ratio": 0.46,
            "reinvestment_rate": null,
            "research_to_sale_ratio": 301.19,
            "price_fair": 0,
            "eps_avg_yearly": 0,
            "eps_latest_yearly": 0,
            "eps_growth_yearly": 0
        },
        "20144": {
            "year_quarter": 20144,
            "year": 2014,
            "quarter": 4,
            "eps": 0.03,
            "eps_growth_year": null,
            "eps_4q": -0.78,
            "eps_4q_growth_year": null,
            "roe": 0.21,
            "roe_4q": -5.220000000000001,
            "gross_profit": 32684,
            "gross_margin": 62.39,
            "gross_margin_4q_avg": -30.15,
            "net_income": 3400,
            "revenue": 52386,
            "common_shares": 1109260,
            "book_valuer_per_share": 14.75,
            "book_valuer_per_share_4q_avg": 14.9,
            "equity": 1637106,
            "current_ratio": 2295.48,
            "debt_ratio": 4.08,
            "inventory_turnover_ratio": 1.24,
            "account_receivable_turnover_ratio": 1.62,
            "reinvestment_rate": null,
            "research_to_sale_ratio": 81.72,
            "price_fair": 0,
            "eps_avg_yearly": 0,
            "eps_latest_yearly": 0,
            "eps_growth_yearly": 0
        },
        "20151": {
            "year_quarter": 20151,
            "year": 2015,
            "quarter": 1,
            "eps": -0.33,
            "eps_growth_year": null,
            "eps_4q": -0.72,
            "eps_4q_growth_year": null,
            "roe": -2.29,
            "roe_4q": -4.89,
            "gross_profit": -3808,
            "gross_margin": -31.77,
            "gross_margin_4q_avg": 1.94,
            "net_income": -37068,
            "revenue": 11985,
            "common_shares": 1110145,
            "book_valuer_per_share": 14.42,
            "book_valuer_per_share_4q_avg": 14.73,
            "equity": 1601606,
            "current_ratio": 3067.82,
            "debt_ratio": 2.91,
            "inventory_turnover_ratio": 0.94,
            "account_receivable_turnover_ratio": 0.43,
            "reinvestment_rate": null,
            "research_to_sale_ratio": 270.59,
            "price_fair": 0,
            "eps_avg_yearly": 0,
            "eps_latest_yearly": 0,
            "eps_growth_yearly": 0
        },
        "20152": {
            "year_quarter": 20152,
            "year": 2015,
            "quarter": 2,
            "eps": -0.48,
            "eps_growth_year": null,
            "eps_4q": -1.14,
            "eps_4q_growth_year": null,
            "roe": -3.39,
            "roe_4q": -7.85,
            "gross_profit": -18466,
            "gross_margin": -237.84,
            "gross_margin_4q_avg": -74.96,
            "net_income": -52982,
            "revenue": 7764,
            "common_shares": 1110730,
            "book_valuer_per_share": 13.75,
            "book_valuer_per_share_4q_avg": 14.41,
            "equity": 1519882,
            "current_ratio": 2797.03,
            "debt_ratio": 3.16,
            "inventory_turnover_ratio": 1.34,
            "account_receivable_turnover_ratio": 0.85,
            "reinvestment_rate": null,
            "research_to_sale_ratio": 400.31,
            "price_fair": 0,
            "eps_avg_yearly": 0,
            "eps_latest_yearly": 0,
            "eps_growth_yearly": 0
        },
        "20153": {
            "year_quarter": 20153,
            "year": 2015,
            "quarter": 3,
            "eps": -0.04,
            "eps_growth_year": null,
            "eps_4q": -0.83,
            "eps_4q_growth_year": null,
            "roe": -0.28,
            "roe_4q": -5.75,
            "gross_profit": 30568,
            "gross_margin": 53.21,
            "gross_margin_4q_avg": -38.5,
            "net_income": -4159,
            "revenue": 57444,
            "common_shares": 1113395,
            "book_valuer_per_share": 13.41,
            "book_valuer_per_share_4q_avg": 14.08,
            "equity": 1467512,
            "current_ratio": 2107.34,
            "debt_ratio": 4.14,
            "inventory_turnover_ratio": 1.34,
            "account_receivable_turnover_ratio": 2.45,
            "reinvestment_rate": null,
            "research_to_sale_ratio": 66.34,
            "price_fair": 0,
            "eps_avg_yearly": 0,
            "eps_latest_yearly": 0,
            "eps_growth_yearly": 0
        },
        "20154": {
            "year_quarter": 20154,
            "year": 2015,
            "quarter": 4,
            "eps": -0.15,
            "eps_growth_year": -597.18,
            "eps_4q": -1.01,
            "eps_4q_growth_year": null,
            "roe": -1.14,
            "roe_4q": -7.1000000000000005,
            "gross_profit": 29055,
            "gross_margin": 50.39,
            "gross_margin_4q_avg": -41.5,
            "net_income": -16680,
            "revenue": 57664,
            "common_shares": 1115990,
            "book_valuer_per_share": 13.28,
            "book_valuer_per_share_4q_avg": 13.72,
            "equity": 1454214,
            "current_ratio": 2019.15,
            "debt_ratio": 4.23,
            "inventory_turnover_ratio": 1.36,
            "account_receivable_turnover_ratio": 1.99,
            "reinvestment_rate": null,
            "research_to_sale_ratio": 75.17,
            "price_fair": 0,
            "eps_avg_yearly": 0,
            "eps_latest_yearly": 0,
            "eps_growth_yearly": 0
        },
        "20161": {
            "year_quarter": 20161,
            "year": 2016,
            "quarter": 1,
            "eps": -0.55,
            "eps_growth_year": null,
            "eps_4q": -1.22,
            "eps_4q_growth_year": null,
            "roe": -4.2,
            "roe_4q": -9.01,
            "gross_profit": -20688,
            "gross_margin": -207.52,
            "gross_margin_4q_avg": -85.44,
            "net_income": -59900,
            "revenue": 9969,
            "common_shares": 1117150,
            "book_valuer_per_share": 12.74,
            "book_valuer_per_share_4q_avg": 13.3,
            "equity": 1396892,
            "current_ratio": 1840.96,
            "debt_ratio": 4.45,
            "inventory_turnover_ratio": 1.3,
            "account_receivable_turnover_ratio": 0.82,
            "reinvestment_rate": null,
            "research_to_sale_ratio": 412.04,
            "price_fair": 0,
            "eps_avg_yearly": 0,
            "eps_latest_yearly": 0,
            "eps_growth_yearly": 0
        },
        "20162": {
            "year_quarter": 20162,
            "year": 2016,
            "quarter": 2,
            "eps": -0.48,
            "eps_growth_year": null,
            "eps_4q": -1.21,
            "eps_4q_growth_year": null,
            "roe": -3.83,
            "roe_4q": -9.450000000000001,
            "gross_profit": -9291,
            "gross_margin": -30.91,
            "gross_margin_4q_avg": -33.71,
            "net_income": -52667,
            "revenue": 30060,
            "common_shares": 1118180,
            "book_valuer_per_share": 12.31,
            "book_valuer_per_share_4q_avg": 12.94,
            "equity": 1351019,
            "current_ratio": 1048.6,
            "debt_ratio": 7.04,
            "inventory_turnover_ratio": 1,
            "account_receivable_turnover_ratio": 4.05,
            "reinvestment_rate": null,
            "research_to_sale_ratio": 159.38,
            "price_fair": 0,
            "eps_avg_yearly": 0,
            "eps_latest_yearly": 0,
            "eps_growth_yearly": 0
        },
        "20163": {
            "year_quarter": 20163,
            "year": 2016,
            "quarter": 3,
            "eps": -0.21,
            "eps_growth_year": null,
            "eps_4q": -1.39,
            "eps_4q_growth_year": null,
            "roe": -1.74,
            "roe_4q": -10.91,
            "gross_profit": 41897,
            "gross_margin": 48.04,
            "gross_margin_4q_avg": -35,
            "net_income": -23345,
            "revenue": 87216,
            "common_shares": 1119385,
            "book_valuer_per_share": 12.14,
            "book_valuer_per_share_4q_avg": 12.62,
            "equity": 1333241,
            "current_ratio": 1623.78,
            "debt_ratio": 4.35,
            "inventory_turnover_ratio": 0.98,
            "account_receivable_turnover_ratio": 6.28,
            "reinvestment_rate": null,
            "research_to_sale_ratio": 72.73,
            "price_fair": 0,
            "eps_avg_yearly": 0,
            "eps_latest_yearly": 0,
            "eps_growth_yearly": 0
        },
        "20164": {
            "year_quarter": 20164,
            "year": 2016,
            "quarter": 4,
            "eps": -0.21,
            "eps_growth_year": null,
            "eps_4q": -1.44,
            "eps_4q_growth_year": null,
            "roe": -1.7,
            "roe_4q": -11.469999999999999,
            "gross_profit": 28329,
            "gross_margin": 38.62,
            "gross_margin_4q_avg": -37.94,
            "net_income": -22573,
            "revenue": 73361,
            "common_shares": 1120005,
            "book_valuer_per_share": 11.98,
            "book_valuer_per_share_4q_avg": 12.29,
            "equity": 1316143,
            "current_ratio": 1329.11,
            "debt_ratio": 5.27,
            "inventory_turnover_ratio": 1.01,
            "account_receivable_turnover_ratio": 2.21,
            "reinvestment_rate": null,
            "research_to_sale_ratio": 89.09,
            "price_fair": 0,
            "eps_avg_yearly": 0,
            "eps_latest_yearly": 0,
            "eps_growth_yearly": 0
        },
        "20171": {
            "year_quarter": 20171,
            "year": 2017,
            "quarter": 1,
            "eps": -0.66,
            "eps_growth_year": null,
            "eps_4q": -1.56,
            "eps_4q_growth_year": null,
            "roe": -5.67,
            "roe_4q": -12.94,
            "gross_profit": -15399,
            "gross_margin": -61.02,
            "gross_margin_4q_avg": -1.32,
            "net_income": -72757,
            "revenue": 25234,
            "common_shares": 1120445,
            "book_valuer_per_share": 11.37,
            "book_valuer_per_share_4q_avg": 11.95,
            "equity": 1249718,
            "current_ratio": 1423.56,
            "debt_ratio": 4.52,
            "inventory_turnover_ratio": 0.77,
            "account_receivable_turnover_ratio": 0.77,
            "reinvestment_rate": null,
            "research_to_sale_ratio": 158.94,
            "price_fair": 0,
            "eps_avg_yearly": 0,
            "eps_latest_yearly": 0,
            "eps_growth_yearly": 0
        },
        "20172": {
            "year_quarter": 20172,
            "year": 2017,
            "quarter": 2,
            "eps": -0.21,
            "eps_growth_year": null,
            "eps_4q": -1.29,
            "eps_4q_growth_year": null,
            "roe": -1.84,
            "roe_4q": -10.95,
            "gross_profit": 29829,
            "gross_margin": 40.3,
            "gross_margin_4q_avg": 16.49,
            "net_income": -22893,
            "revenue": 74024,
            "common_shares": 1120885,
            "book_valuer_per_share": 11.21,
            "book_valuer_per_share_4q_avg": 11.68,
            "equity": 1232013,
            "current_ratio": 1014.84,
            "debt_ratio": 6.18,
            "inventory_turnover_ratio": 0.77,
            "account_receivable_turnover_ratio": 2.35,
            "reinvestment_rate": null,
            "research_to_sale_ratio": 60.7,
            "price_fair": 0,
            "eps_avg_yearly": 0,
            "eps_latest_yearly": 0,
            "eps_growth_yearly": 0
        },
        "20173": {
            "year_quarter": 20173,
            "year": 2017,
            "quarter": 3,
            "eps": 0.2,
            "eps_growth_year": null,
            "eps_4q": -0.87,
            "eps_4q_growth_year": null,
            "roe": 1.78,
            "roe_4q": -7.430000000000001,
            "gross_profit": 77964,
            "gross_margin": 61.71,
            "gross_margin_4q_avg": 19.9,
            "net_income": 22109,
            "revenue": 126340,
            "common_shares": 1121180,
            "book_valuer_per_share": 11.43,
            "book_valuer_per_share_4q_avg": 11.5,
            "equity": 1255987,
            "current_ratio": 1152.34,
            "debt_ratio": 5.38,
            "inventory_turnover_ratio": 0.86,
            "account_receivable_turnover_ratio": 2.34,
            "reinvestment_rate": null,
            "research_to_sale_ratio": 31.97,
            "price_fair": 0,
            "eps_avg_yearly": 0,
            "eps_latest_yearly": 0,
            "eps_growth_yearly": 0
        },
        "20174": {
            "year_quarter": 20174,
            "year": 2017,
            "quarter": 4,
            "eps": -1.04,
            "eps_growth_year": null,
            "eps_4q": -1.71,
            "eps_4q_growth_year": null,
            "roe": -9.57,
            "roe_4q": -15.3,
            "gross_profit": 47415,
            "gross_margin": 50.96,
            "gross_margin_4q_avg": 22.99,
            "net_income": -114829,
            "revenue": 93039,
            "common_shares": 1121180,
            "book_valuer_per_share": 10.4,
            "book_valuer_per_share_4q_avg": 11.1,
            "equity": 1143866,
            "current_ratio": 599.23,
            "debt_ratio": 12.87,
            "inventory_turnover_ratio": 0.91,
            "account_receivable_turnover_ratio": 1.42,
            "reinvestment_rate": null,
            "research_to_sale_ratio": 75.27,
            "price_fair": 0,
            "eps_avg_yearly": 0,
            "eps_latest_yearly": 0,
            "eps_growth_yearly": 0
        },
        "20181": {
            "year_quarter": 20181,
            "year": 2018,
            "quarter": 1,
            "eps": -0.64,
            "eps_growth_year": null,
            "eps_4q": -1.69,
            "eps_4q_growth_year": null,
            "roe": -6.24,
            "roe_4q": -15.870000000000001,
            "gross_profit": -23299,
            "gross_margin": -133.54,
            "gross_margin_4q_avg": 4.86,
            "net_income": -70250,
            "revenue": 17447,
            "common_shares": 1121545,
            "book_valuer_per_share": 10.07,
            "book_valuer_per_share_4q_avg": 10.78,
            "equity": 1106740,
            "current_ratio": 712.45,
            "debt_ratio": 10.86,
            "inventory_turnover_ratio": 0.8,
            "account_receivable_turnover_ratio": 0.4,
            "reinvestment_rate": null,
            "research_to_sale_ratio": 199.74,
            "price_fair": 0,
            "eps_avg_yearly": 0,
            "eps_latest_yearly": 0,
            "eps_growth_yearly": 0
        },
        "20182": {
            "year_quarter": 20182,
            "year": 2018,
            "quarter": 2,
            "eps": -0.51,
            "eps_growth_year": null,
            "eps_4q": -1.99,
            "eps_4q_growth_year": null,
            "roe": -5.16,
            "roe_4q": -19.189999999999998,
            "gross_profit": 4648,
            "gross_margin": 9.6,
            "gross_margin_4q_avg": -2.82,
            "net_income": -55574,
            "revenue": 48440,
            "common_shares": 1121545,
            "book_valuer_per_share": 9.53,
            "book_valuer_per_share_4q_avg": 10.36,
            "equity": 1047792,
            "current_ratio": 630.86,
            "debt_ratio": 11.34,
            "inventory_turnover_ratio": 0.8,
            "account_receivable_turnover_ratio": 2,
            "reinvestment_rate": null,
            "research_to_sale_ratio": 145.41,
            "price_fair": 0,
            "eps_avg_yearly": 0,
            "eps_latest_yearly": 0,
            "eps_growth_yearly": 0
        },
        "20183": {
            "year_quarter": 20183,
            "year": 2018,
            "quarter": 3,
            "eps": -0.51,
            "eps_growth_year": -355,
            "eps_4q": -2.7,
            "eps_4q_growth_year": null,
            "roe": -5.43,
            "roe_4q": -26.4,
            "gross_profit": 9027,
            "gross_margin": 15.26,
            "gross_margin_4q_avg": -14.43,
            "net_income": -55800,
            "revenue": 59166,
            "common_shares": 1099545,
            "book_valuer_per_share": 9.16,
            "book_valuer_per_share_4q_avg": 9.79,
            "equity": 1007000,
            "current_ratio": 422.97,
            "debt_ratio": 14.19,
            "inventory_turnover_ratio": 0.79,
            "account_receivable_turnover_ratio": 1.99,
            "reinvestment_rate": null,
            "research_to_sale_ratio": 86.55,
            "price_fair": 0,
            "eps_avg_yearly": 0,
            "eps_latest_yearly": 0,
            "eps_growth_yearly": 0
        },
        "20184": {
            "year_quarter": 20184,
            "year": 2018,
            "quarter": 4,
            "eps": -0.84,
            "eps_growth_year": null,
            "eps_4q": -2.5,
            "eps_4q_growth_year": null,
            "roe": -9.7,
            "roe_4q": -26.53,
            "gross_profit": 23731,
            "gross_margin": 27.48,
            "gross_margin_4q_avg": -20.3,
            "net_income": -92806,
            "revenue": 86371,
            "common_shares": 1099545,
            "book_valuer_per_share": 8.25,
            "book_valuer_per_share_4q_avg": 9.25,
            "equity": 907015,
            "current_ratio": 258.56,
            "debt_ratio": 18.92,
            "inventory_turnover_ratio": 0.9,
            "account_receivable_turnover_ratio": 2.14,
            "reinvestment_rate": null,
            "research_to_sale_ratio": 138.47,
            "price_fair": 0,
            "eps_avg_yearly": 0,
            "eps_latest_yearly": 0,
            "eps_growth_yearly": 0
        },
        "20191": {
            "year_quarter": 20191,
            "year": 2019,
            "quarter": 1,
            "eps": -0.44,
            "eps_growth_year": null,
            "eps_4q": -2,
            "eps_4q_growth_year": null,
            "roe": -4.86,
            "roe_4q": -25.15,
            "gross_profit": 23272,
            "gross_margin": 35.06,
            "gross_margin_4q_avg": 21.85,
            "net_income": -52160,
            "revenue": 66382,
            "common_shares": 1279545,
            "book_valuer_per_share": 9.69,
            "book_valuer_per_share_4q_avg": 9.16,
            "equity": 1239350,
            "current_ratio": 264.43,
            "debt_ratio": 27.66,
            "inventory_turnover_ratio": 0.69,
            "account_receivable_turnover_ratio": 1.31,
            "reinvestment_rate": null,
            "research_to_sale_ratio": 105.26,
            "price_fair": 0,
            "eps_avg_yearly": 0,
            "eps_latest_yearly": 0,
            "eps_growth_yearly": 0
        },
        "20192": {
            "year_quarter": 20192,
            "year": 2019,
            "quarter": 2,
            "eps": -0.24,
            "eps_growth_year": null,
            "eps_4q": -1.81,
            "eps_4q_growth_year": null,
            "roe": -2.43,
            "roe_4q": -22.42,
            "gross_profit": 49527,
            "gross_margin": 43.09,
            "gross_margin_4q_avg": 30.22,
            "net_income": -30294,
            "revenue": 114928,
            "common_shares": 1279545,
            "book_valuer_per_share": 9.78,
            "book_valuer_per_share_4q_avg": 9.22,
            "equity": 1250978,
            "current_ratio": 334.3,
            "debt_ratio": 23.26,
            "inventory_turnover_ratio": 1.11,
            "account_receivable_turnover_ratio": 1.57,
            "reinvestment_rate": null,
            "research_to_sale_ratio": 52.57,
            "price_fair": 0,
            "eps_avg_yearly": 0,
            "eps_latest_yearly": 0,
            "eps_growth_yearly": 0
        },
        "20193": {
            "year_quarter": 20193,
            "year": 2019,
            "quarter": 3,
            "eps": -0.73,
            "eps_growth_year": null,
            "eps_4q": -2.1,
            "eps_4q_growth_year": null,
            "roe": -7.79,
            "roe_4q": -24.78,
            "gross_profit": 10661,
            "gross_margin": 13.66,
            "gross_margin_4q_avg": 29.82,
            "net_income": -93048,
            "revenue": 78060,
            "common_shares": 1279545,
            "book_valuer_per_share": 8.89,
            "book_valuer_per_share_4q_avg": 9.15,
            "equity": 1138063,
            "current_ratio": 217.96,
            "debt_ratio": 22.22,
            "inventory_turnover_ratio": 1.05,
            "account_receivable_turnover_ratio": 1.15,
            "reinvestment_rate": null,
            "research_to_sale_ratio": 111.22,
            "price_fair": 0,
            "eps_avg_yearly": 0,
            "eps_latest_yearly": 0,
            "eps_growth_yearly": 0
        },
        "20194": {
            "year_quarter": 20194,
            "year": 2019,
            "quarter": 4,
            "eps": -0.33,
            "eps_growth_year": null,
            "eps_4q": -1.71,
            "eps_4q_growth_year": null,
            "roe": -3.81,
            "roe_4q": -18.89,
            "gross_profit": 49048,
            "gross_margin": 37.31,
            "gross_margin_4q_avg": 32.28,
            "net_income": -42673,
            "revenue": 131474,
            "common_shares": 1279545,
            "book_valuer_per_share": 8.61,
            "book_valuer_per_share_4q_avg": 9.24,
            "equity": 1101953,
            "current_ratio": 213.42,
            "debt_ratio": 21.74,
            "inventory_turnover_ratio": 1.31,
            "account_receivable_turnover_ratio": 1.83,
            "reinvestment_rate": null,
            "research_to_sale_ratio": 51.31,
            "price_fair": 0,
            "eps_avg_yearly": 0,
            "eps_latest_yearly": 0,
            "eps_growth_yearly": 0
        },
        "20201": {
            "year_quarter": 20201,
            "year": 2020,
            "quarter": 1,
            "eps": -0.17,
            "eps_growth_year": null,
            "eps_4q": -1.47,
            "eps_4q_growth_year": null,
            "roe": -2.01,
            "roe_4q": -16.04,
            "gross_profit": 7944,
            "gross_margin": 11.37,
            "gross_margin_4q_avg": 26.36,
            "net_income": -21603,
            "revenue": 69861,
            "common_shares": 1279545,
            "book_valuer_per_share": 8.16,
            "book_valuer_per_share_4q_avg": 8.86,
            "equity": 1044536,
            "current_ratio": 172.94,
            "debt_ratio": 28.3,
            "inventory_turnover_ratio": 1.08,
            "account_receivable_turnover_ratio": 0.95,
            "reinvestment_rate": null,
            "research_to_sale_ratio": 21.43,
            "price_fair": 0,
            "eps_avg_yearly": 0,
            "eps_latest_yearly": 0,
            "eps_growth_yearly": 0
        },
        "20202": {
            "year_quarter": 20202,
            "year": 2020,
            "quarter": 2,
            "eps": 0.62,
            "eps_growth_year": null,
            "eps_4q": -0.61,
            "eps_4q_growth_year": null,
            "roe": 6.9,
            "roe_4q": -6.709999999999999,
            "gross_profit": 128940,
            "gross_margin": 47.94,
            "gross_margin_4q_avg": 27.57,
            "net_income": 78648,
            "revenue": 268972,
            "common_shares": 1279545,
            "book_valuer_per_share": 9.66,
            "book_valuer_per_share_4q_avg": 8.83,
            "equity": 1236003,
            "current_ratio": 265.49,
            "debt_ratio": 17.82,
            "inventory_turnover_ratio": 2.18,
            "account_receivable_turnover_ratio": 5.33,
            "reinvestment_rate": null,
            "research_to_sale_ratio": 5.3,
            "price_fair": 0,
            "eps_avg_yearly": 0,
            "eps_latest_yearly": 0,
            "eps_growth_yearly": 0
        },
        "20203": {
            "year_quarter": 20203,
            "year": 2020,
            "quarter": 3,
            "eps": -0.11,
            "eps_growth_year": null,
            "eps_4q": 0.01,
            "eps_4q_growth_year": null,
            "roe": -1.11,
            "roe_4q": -0.029999999999999805,
            "gross_profit": 18390,
            "gross_margin": 12.4,
            "gross_margin_4q_avg": 27.26,
            "net_income": -13710,
            "revenue": 148315,
            "common_shares": 1279545,
            "book_valuer_per_share": 9.62,
            "book_valuer_per_share_4q_avg": 9.01,
            "equity": 1233777,
            "current_ratio": 187.47,
            "debt_ratio": 22.57,
            "inventory_turnover_ratio": 1.74,
            "account_receivable_turnover_ratio": 2.06,
            "reinvestment_rate": null,
            "research_to_sale_ratio": 5.32,
            "price_fair": 0,
            "eps_avg_yearly": 0,
            "eps_latest_yearly": 0,
            "eps_growth_yearly": 0
        },
        "20204": {
            "year_quarter": 20204,
            "year": 2020,
            "quarter": 4,
            "eps": -0.1,
            "eps_growth_year": null,
            "eps_4q": 0.24,
            "eps_4q_growth_year": null,
            "roe": -1.01,
            "roe_4q": 2.7700000000000005,
            "gross_profit": 31258,
            "gross_margin": 17.54,
            "gross_margin_4q_avg": 22.31,
            "net_income": -12387,
            "revenue": 178193,
            "common_shares": 1282377,
            "book_valuer_per_share": 9.44,
            "book_valuer_per_share_4q_avg": 9.22,
            "equity": 1211667,
            "current_ratio": 135.72,
            "debt_ratio": 30.86,
            "inventory_turnover_ratio": 1.78,
            "account_receivable_turnover_ratio": 2.33,
            "reinvestment_rate": null,
            "research_to_sale_ratio": 5.27,
            "price_fair": 0,
            "eps_avg_yearly": 0,
            "eps_latest_yearly": 0,
            "eps_growth_yearly": 0
        },
        "20211": {
            "year_quarter": 20211,
            "year": 2021,
            "quarter": 1,
            "eps": 0.85,
            "eps_growth_year": null,
            "eps_4q": 1.09,
            "eps_4q_growth_year": null,
            "roe": 6.91,
            "roe_4q": 11.690000000000001,
            "gross_profit": 166005,
            "gross_margin": 56.81,
            "gross_margin_4q_avg": 33.67,
            "net_income": 114386,
            "revenue": 292217,
            "common_shares": 1532536,
            "book_valuer_per_share": 13.7,
            "book_valuer_per_share_4q_avg": 10.61,
            "equity": 2100086,
            "current_ratio": 342.9,
            "debt_ratio": 19.08,
            "inventory_turnover_ratio": 1.15,
            "account_receivable_turnover_ratio": 3.69,
            "reinvestment_rate": null,
            "research_to_sale_ratio": 7.13,
            "price_fair": 0,
            "eps_avg_yearly": 0,
            "eps_latest_yearly": 0,
            "eps_growth_yearly": 0
        },
        "20212": {
            "year_quarter": 20212,
            "year": 2021,
            "quarter": 2,
            "eps": -0.45,
            "eps_growth_year": -172.58,
            "eps_4q": 0.13,
            "eps_4q_growth_year": null,
            "roe": -3.35,
            "roe_4q": 1.4399999999999997,
            "gross_profit": -26039,
            "gross_margin": -24.4,
            "gross_margin_4q_avg": 15.59,
            "net_income": -69102,
            "revenue": 106733,
            "common_shares": 1532545,
            "book_valuer_per_share": 13.24,
            "book_valuer_per_share_4q_avg": 11.5,
            "equity": 2030331,
            "current_ratio": 255.58,
            "debt_ratio": 20.38,
            "inventory_turnover_ratio": 0.91,
            "account_receivable_turnover_ratio": 1.4,
            "reinvestment_rate": null,
            "research_to_sale_ratio": 17.24,
            "price_fair": 0,
            "eps_avg_yearly": 0,
            "eps_latest_yearly": 0,
            "eps_growth_yearly": 0
        },
        "20213": {
            "year_quarter": 20213,
            "year": 2021,
            "quarter": 3,
            "eps": -0.52,
            "eps_growth_year": null,
            "eps_4q": -0.3,
            "eps_4q_growth_year": -5983.66,
            "roe": -3.98,
            "roe_4q": -1.43,
            "gross_profit": -22309,
            "gross_margin": -14.45,
            "gross_margin_4q_avg": 8.88,
            "net_income": -79233,
            "revenue": 154426,
            "common_shares": 1533182,
            "book_valuer_per_share": 12.7,
            "book_valuer_per_share_4q_avg": 12.27,
            "equity": 1947759,
            "current_ratio": 125.34,
            "debt_ratio": 31.97,
            "inventory_turnover_ratio": 1.04,
            "account_receivable_turnover_ratio": 2.15,
            "reinvestment_rate": null,
            "research_to_sale_ratio": 18.24,
            "price_fair": 0,
            "eps_avg_yearly": 0,
            "eps_latest_yearly": 0,
            "eps_growth_yearly": 0
        },
        "20214": {
            "year_quarter": 20214,
            "year": 2021,
            "quarter": 4,
            "eps": -0.36,
            "eps_growth_year": null,
            "eps_4q": -0.59,
            "eps_4q_growth_year": -342.92,
            "roe": -2.9,
            "roe_4q": -3.3200000000000003,
            "gross_profit": 19952,
            "gross_margin": 9.03,
            "gross_margin_4q_avg": 6.75,
            "net_income": -55909,
            "revenue": 220894,
            "common_shares": 1533337,
            "book_valuer_per_share": 12.43,
            "book_valuer_per_share_4q_avg": 13.02,
            "equity": 1906665,
            "current_ratio": 166.17,
            "debt_ratio": 39.26,
            "inventory_turnover_ratio": 1.13,
            "account_receivable_turnover_ratio": 2.08,
            "reinvestment_rate": null,
            "research_to_sale_ratio": 13.01,
            "price_fair": 0,
            "eps_avg_yearly": 0,
            "eps_latest_yearly": 0,
            "eps_growth_yearly": 0
        },
        "20221": {
            "year_quarter": 20221,
            "year": 2022,
            "quarter": 1,
            "eps": 0.12,
            "eps_growth_year": -85.88,
            "eps_4q": -1.2,
            "eps_4q_growth_year": -210.09,
            "roe": 0.95,
            "roe_4q": -9.28,
            "gross_profit": 78547,
            "gross_margin": 34.82,
            "gross_margin_4q_avg": 1.25,
            "net_income": 18313,
            "revenue": 225549,
            "common_shares": 1533337,
            "book_valuer_per_share": 12.56,
            "book_valuer_per_share_4q_avg": 12.73,
            "equity": 1936045,
            "current_ratio": 128.66,
            "debt_ratio": 43.53,
            "inventory_turnover_ratio": 0.78,
            "account_receivable_turnover_ratio": 2.28,
            "reinvestment_rate": null,
            "research_to_sale_ratio": 12.22,
            "price_fair": 0,
            "eps_avg_yearly": 0,
            "eps_latest_yearly": 0,
            "eps_growth_yearly": 0
        },
        "20222": {
            "year_quarter": 20222,
            "year": 2022,
            "quarter": 2,
            "eps": -0.76,
            "eps_growth_year": null,
            "eps_4q": -1.51,
            "eps_4q_growth_year": -1309.48,
            "roe": -6.19,
            "roe_4q": -12.120000000000001,
            "gross_profit": -53135,
            "gross_margin": -35.05,
            "gross_margin_4q_avg": -1.41,
            "net_income": -116431,
            "revenue": 151597,
            "common_shares": 1541217,
            "book_valuer_per_share": 11.84,
            "book_valuer_per_share_4q_avg": 12.38,
            "equity": 1825113,
            "current_ratio": 151.19,
            "debt_ratio": 43.3,
            "inventory_turnover_ratio": 0.96,
            "account_receivable_turnover_ratio": 2.48,
            "reinvestment_rate": null,
            "research_to_sale_ratio": 20.76,
            "price_fair": 0,
            "eps_avg_yearly": 0,
            "eps_latest_yearly": 0,
            "eps_growth_yearly": 0
        },
        "20223": {
            "year_quarter": 20223,
            "year": 2022,
            "quarter": 3,
            "eps": -1.12,
            "eps_growth_year": null,
            "eps_4q": -1.8,
            "eps_4q_growth_year": null,
            "roe": -9.24,
            "roe_4q": -17.38,
            "gross_profit": -74120,
            "gross_margin": -46.54,
            "gross_margin_4q_avg": -9.44,
            "net_income": -172974,
            "revenue": 159261,
            "common_shares": 1551791,
            "book_valuer_per_share": 11.76,
            "book_valuer_per_share_4q_avg": 12.15,
            "equity": 1920893,
            "current_ratio": 148.38,
            "debt_ratio": 44.44,
            "inventory_turnover_ratio": 1.04,
            "account_receivable_turnover_ratio": 1.68,
            "reinvestment_rate": null,
            "research_to_sale_ratio": 24.26,
            "price_fair": 0,
            "eps_avg_yearly": 0,
            "eps_latest_yearly": 0,
            "eps_growth_yearly": 0
        },
        "20224": {
            "year_quarter": 20224,
            "year": 2022,
            "quarter": 4,
            "eps": -0.89,
            "eps_growth_year": null,
            "eps_4q": -2.21,
            "eps_4q_growth_year": null,
            "roe": -7.26,
            "roe_4q": -21.740000000000002,
            "gross_profit": -64964,
            "gross_margin": -33.17,
            "gross_margin_4q_avg": -19.99,
            "net_income": -182539,
            "revenue": 195869,
            "common_shares": 2053060,
            "book_valuer_per_share": 15.13,
            "book_valuer_per_share_4q_avg": 12.82,
            "equity": 3105575,
            "current_ratio": 303.09,
            "debt_ratio": 30.26,
            "inventory_turnover_ratio": 1.1,
            "account_receivable_turnover_ratio": 1.92,
            "reinvestment_rate": null,
            "research_to_sale_ratio": 23.66,
            "price_fair": 0,
            "eps_avg_yearly": 0,
            "eps_latest_yearly": 0,
            "eps_growth_yearly": 0
        },
        "20231": {
            "year_quarter": 20231,
            "year": 2023,
            "quarter": 1,
            "eps": -1.17,
            "eps_growth_year": -1075,
            "eps_4q": -3.47,
            "eps_4q_growth_year": null,
            "roe": -8.06,
            "roe_4q": -30.750000000000004,
            "gross_profit": -104205,
            "gross_margin": -75.3,
            "gross_margin_4q_avg": -47.52,
            "net_income": -240965,
            "revenue": 138388,
            "common_shares": 2053150,
            "book_valuer_per_share": 13.97,
            "book_valuer_per_share_4q_avg": 13.18,
            "equity": 2870273,
            "current_ratio": 247.07,
            "debt_ratio": 32.48,
            "inventory_turnover_ratio": 1.01,
            "account_receivable_turnover_ratio": 2.02,
            "reinvestment_rate": null,
            "research_to_sale_ratio": 16.09,
            "price_fair": 0,
            "eps_avg_yearly": 0,
            "eps_latest_yearly": 0,
            "eps_growth_yearly": 0
        }
    },
    "months": {
        "2008-10": {
            "month": "2008-10",
            "price": "17.65",
            "revenue": 0
        },
        "2008-11": {
            "month": "2008-11",
            "price": "17.59",
            "revenue": 0
        },
        "2008-12": {
            "month": "2008-12",
            "price": "18.95",
            "revenue": 286
        },
        "2009-01": {
            "month": "2009-01",
            "price": "17.61",
            "revenue": 0
        },
        "2009-03": {
            "month": "2009-03",
            "price": "17.58",
            "revenue": 1000
        },
        "2009-04": {
            "month": "2009-04",
            "price": "17.82",
            "revenue": 0
        },
        "2009-05": {
            "month": "2009-05",
            "price": "17.46",
            "revenue": 28
        },
        "2009-06": {
            "month": "2009-06",
            "price": "17.27",
            "revenue": 0
        },
        "2009-07": {
            "month": "2009-07",
            "price": "19.94",
            "revenue": 406
        },
        "2009-08": {
            "month": "2009-08",
            "price": "21.49",
            "revenue": 0
        },
        "2009-09": {
            "month": "2009-09",
            "price": "19.81",
            "revenue": 0
        },
        "2009-10": {
            "month": "2009-10",
            "price": "23.32",
            "revenue": 217
        },
        "2009-11": {
            "month": "2009-11",
            "price": "24.08",
            "revenue": 1314
        },
        "2009-12": {
            "month": "2009-12",
            "price": "25.38",
            "revenue": 4842
        },
        "2010-01": {
            "month": "2010-01",
            "price": "23.26",
            "revenue": 2450
        },
        "2010-02": {
            "month": "2010-02",
            "price": "21.39",
            "revenue": 1434
        },
        "2010-03": {
            "month": "2010-03",
            "price": "22.46",
            "revenue": 8896
        },
        "2010-04": {
            "month": "2010-04",
            "price": "24.07",
            "revenue": 2201
        },
        "2010-05": {
            "month": "2010-05",
            "price": "23.42",
            "revenue": 1663
        },
        "2010-06": {
            "month": "2010-06",
            "price": "23.37",
            "revenue": 61
        },
        "2010-07": {
            "month": "2010-07",
            "price": "23.36",
            "revenue": 743
        },
        "2010-08": {
            "month": "2010-08",
            "price": "24.94",
            "revenue": 228
        },
        "2010-09": {
            "month": "2010-09",
            "price": "22.94",
            "revenue": 2429
        },
        "2010-10": {
            "month": "2010-10",
            "price": "22.62",
            "revenue": 956
        },
        "2010-11": {
            "month": "2010-11",
            "price": "20.62",
            "revenue": 816
        },
        "2010-12": {
            "month": "2010-12",
            "price": "21.75",
            "revenue": 261
        },
        "2011-01": {
            "month": "2011-01",
            "price": "21.87",
            "revenue": 101
        },
        "2011-02": {
            "month": "2011-02",
            "price": "23.42",
            "revenue": 452
        },
        "2011-03": {
            "month": "2011-03",
            "price": "23.42",
            "revenue": 1515
        },
        "2011-04": {
            "month": "2011-04",
            "price": "24.30",
            "revenue": 851
        },
        "2011-05": {
            "month": "2011-05",
            "price": "22.62",
            "revenue": 1106
        },
        "2011-06": {
            "month": "2011-06",
            "price": "23.20",
            "revenue": 888
        },
        "2011-07": {
            "month": "2011-07",
            "price": "23.15",
            "revenue": 216
        },
        "2011-08": {
            "month": "2011-08",
            "price": "20.48",
            "revenue": 3337
        },
        "2011-09": {
            "month": "2011-09",
            "price": "19.03",
            "revenue": 3927
        },
        "2011-10": {
            "month": "2011-10",
            "price": "17.16",
            "revenue": 4028
        },
        "2011-11": {
            "month": "2011-11",
            "price": "16.61",
            "revenue": 1559
        },
        "2011-12": {
            "month": "2011-12",
            "price": "17.61",
            "revenue": 3104
        },
        "2012-01": {
            "month": "2012-01",
            "price": "23.40",
            "revenue": 2412
        },
        "2012-02": {
            "month": "2012-02",
            "price": "29.80",
            "revenue": 85
        },
        "2012-03": {
            "month": "2012-03",
            "price": "35.64",
            "revenue": 2260
        },
        "2012-04": {
            "month": "2012-04",
            "price": "36.48",
            "revenue": 857
        },
        "2012-05": {
            "month": "2012-05",
            "price": "31.84",
            "revenue": 832
        },
        "2012-06": {
            "month": "2012-06",
            "price": "27.52",
            "revenue": 647
        },
        "2012-07": {
            "month": "2012-07",
            "price": "25.38",
            "revenue": 699
        },
        "2012-08": {
            "month": "2012-08",
            "price": "24.03",
            "revenue": 3196
        },
        "2012-09": {
            "month": "2012-09",
            "price": "24.04",
            "revenue": 1905
        },
        "2012-10": {
            "month": "2012-10",
            "price": "27.29",
            "revenue": 13986
        },
        "2012-11": {
            "month": "2012-11",
            "price": "28.75",
            "revenue": 1941
        },
        "2012-12": {
            "month": "2012-12",
            "price": "29.59",
            "revenue": 6875
        },
        "2013-01": {
            "month": "2013-01",
            "price": "34.41",
            "revenue": 732
        },
        "2013-02": {
            "month": "2013-02",
            "price": "59.69",
            "revenue": 64
        },
        "2013-03": {
            "month": "2013-03",
            "price": "54.29",
            "revenue": 321
        },
        "2013-04": {
            "month": "2013-04",
            "price": "50.35",
            "revenue": 1890
        },
        "2013-05": {
            "month": "2013-05",
            "price": "55.30",
            "revenue": 9366
        },
        "2013-06": {
            "month": "2013-06",
            "price": "65.93",
            "revenue": 2950
        },
        "2013-07": {
            "month": "2013-07",
            "price": "69.90",
            "revenue": 7262
        },
        "2013-08": {
            "month": "2013-08",
            "price": "70.18",
            "revenue": 2300
        },
        "2013-09": {
            "month": "2013-09",
            "price": "88.96",
            "revenue": 1023
        },
        "2013-10": {
            "month": "2013-10",
            "price": "100.76",
            "revenue": 24197
        },
        "2013-11": {
            "month": "2013-11",
            "price": "89.05",
            "revenue": 4833
        },
        "2013-12": {
            "month": "2013-12",
            "price": "72.34",
            "revenue": 9013
        },
        "2014-01": {
            "month": "2014-01",
            "price": "62.41",
            "revenue": 1285
        },
        "2014-02": {
            "month": "2014-02",
            "price": "63.58",
            "revenue": 2477
        },
        "2014-03": {
            "month": "2014-03",
            "price": "65.19",
            "revenue": 940
        },
        "2014-04": {
            "month": "2014-04",
            "price": "58.70",
            "revenue": 28809
        },
        "2014-05": {
            "month": "2014-05",
            "price": "64.58",
            "revenue": 5741
        },
        "2014-06": {
            "month": "2014-06",
            "price": "65.48",
            "revenue": 9383
        },
        "2014-07": {
            "month": "2014-07",
            "price": "72.62",
            "revenue": 952
        },
        "2014-08": {
            "month": "2014-08",
            "price": "57.49",
            "revenue": 7741
        },
        "2014-09": {
            "month": "2014-09",
            "price": "54.87",
            "revenue": 3362
        },
        "2014-10": {
            "month": "2014-10",
            "price": "48.21",
            "revenue": 3907
        },
        "2014-11": {
            "month": "2014-11",
            "price": "43.50",
            "revenue": 34815
        },
        "2014-12": {
            "month": "2014-12",
            "price": "49.31",
            "revenue": 13663
        },
        "2015-01": {
            "month": "2015-01",
            "price": "48.54",
            "revenue": 5227
        },
        "2015-02": {
            "month": "2015-02",
            "price": "45.98",
            "revenue": 3363
        },
        "2015-03": {
            "month": "2015-03",
            "price": "48.30",
            "revenue": 3395
        },
        "2015-04": {
            "month": "2015-04",
            "price": "44.43",
            "revenue": 1003
        },
        "2015-05": {
            "month": "2015-05",
            "price": "39.50",
            "revenue": 1788
        },
        "2015-06": {
            "month": "2015-06",
            "price": "40.40",
            "revenue": 4973
        },
        "2015-07": {
            "month": "2015-07",
            "price": "38.54",
            "revenue": 3839
        },
        "2015-08": {
            "month": "2015-08",
            "price": "27.15",
            "revenue": 13742
        },
        "2015-09": {
            "month": "2015-09",
            "price": "28.44",
            "revenue": 39863
        },
        "2015-10": {
            "month": "2015-10",
            "price": "37.88",
            "revenue": 10739
        },
        "2015-11": {
            "month": "2015-11",
            "price": "49.13",
            "revenue": 27174
        },
        "2015-12": {
            "month": "2015-12",
            "price": "50.22",
            "revenue": 19751
        },
        "2016-01": {
            "month": "2016-01",
            "price": "43.18",
            "revenue": 3455
        },
        "2016-02": {
            "month": "2016-02",
            "price": "44.00",
            "revenue": 1657
        },
        "2016-03": {
            "month": "2016-03",
            "price": "46.15",
            "revenue": 4857
        },
        "2016-04": {
            "month": "2016-04",
            "price": "47.62",
            "revenue": 11441
        },
        "2016-05": {
            "month": "2016-05",
            "price": "47.08",
            "revenue": 15190
        },
        "2016-06": {
            "month": "2016-06",
            "price": "50.10",
            "revenue": 3430
        },
        "2016-07": {
            "month": "2016-07",
            "price": "47.61",
            "revenue": 43869
        },
        "2016-08": {
            "month": "2016-08",
            "price": "42.60",
            "revenue": 22101
        },
        "2016-09": {
            "month": "2016-09",
            "price": "41.85",
            "revenue": 21245
        },
        "2016-10": {
            "month": "2016-10",
            "price": "39.53",
            "revenue": 19343
        },
        "2016-11": {
            "month": "2016-11",
            "price": "33.96",
            "revenue": 7510
        },
        "2016-12": {
            "month": "2016-12",
            "price": "32.54",
            "revenue": 46509
        },
        "2017-01": {
            "month": "2017-01",
            "price": "36.49",
            "revenue": 3333
        },
        "2017-02": {
            "month": "2017-02",
            "price": "38.18",
            "revenue": 9667
        },
        "2017-03": {
            "month": "2017-03",
            "price": "37.13",
            "revenue": 12234
        },
        "2017-04": {
            "month": "2017-04",
            "price": "35.02",
            "revenue": 10578
        },
        "2017-05": {
            "month": "2017-05",
            "price": "32.52",
            "revenue": 30726
        },
        "2017-06": {
            "month": "2017-06",
            "price": "32.99",
            "revenue": 32720
        },
        "2017-07": {
            "month": "2017-07",
            "price": "32.15",
            "revenue": 57630
        },
        "2017-08": {
            "month": "2017-08",
            "price": "29.77",
            "revenue": 43936
        },
        "2017-09": {
            "month": "2017-09",
            "price": "29.04",
            "revenue": 24774
        },
        "2017-10": {
            "month": "2017-10",
            "price": "27.21",
            "revenue": 17881
        },
        "2017-11": {
            "month": "2017-11",
            "price": "28.38",
            "revenue": 51628
        },
        "2017-12": {
            "month": "2017-12",
            "price": "26.71",
            "revenue": 23530
        },
        "2018-01": {
            "month": "2018-01",
            "price": "27.08",
            "revenue": 4464
        },
        "2018-02": {
            "month": "2018-02",
            "price": "25.43",
            "revenue": 6550
        },
        "2018-03": {
            "month": "2018-03",
            "price": "26.46",
            "revenue": 6433
        },
        "2018-04": {
            "month": "2018-04",
            "price": "27.33",
            "revenue": 12122
        },
        "2018-05": {
            "month": "2018-05",
            "price": "25.51",
            "revenue": 11845
        },
        "2018-06": {
            "month": "2018-06",
            "price": "25.00",
            "revenue": 24473
        },
        "2018-07": {
            "month": "2018-07",
            "price": "23.03",
            "revenue": 18622
        },
        "2018-08": {
            "month": "2018-08",
            "price": "22.93",
            "revenue": 24011
        },
        "2018-09": {
            "month": "2018-09",
            "price": "22.63",
            "revenue": 16533
        },
        "2018-10": {
            "month": "2018-10",
            "price": "22.69",
            "revenue": 3975
        },
        "2018-11": {
            "month": "2018-11",
            "price": "20.18",
            "revenue": 14793
        },
        "2018-12": {
            "month": "2018-12",
            "price": "22.77",
            "revenue": 67603
        },
        "2019-01": {
            "month": "2019-01",
            "price": "27.55",
            "revenue": 23479
        },
        "2019-02": {
            "month": "2019-02",
            "price": "28.55",
            "revenue": 7153
        },
        "2019-03": {
            "month": "2019-03",
            "price": "26.54",
            "revenue": 35750
        },
        "2019-04": {
            "month": "2019-04",
            "price": "26.46",
            "revenue": 16321
        },
        "2019-05": {
            "month": "2019-05",
            "price": "23.74",
            "revenue": 65946
        },
        "2019-06": {
            "month": "2019-06",
            "price": "22.53",
            "revenue": 32661
        },
        "2019-07": {
            "month": "2019-07",
            "price": "21.96",
            "revenue": 23890
        },
        "2019-08": {
            "month": "2019-08",
            "price": "21.14",
            "revenue": 23434
        },
        "2019-09": {
            "month": "2019-09",
            "price": "21.13",
            "revenue": 30736
        },
        "2019-10": {
            "month": "2019-10",
            "price": "21.05",
            "revenue": 17345
        },
        "2019-11": {
            "month": "2019-11",
            "price": "21.35",
            "revenue": 70956
        },
        "2019-12": {
            "month": "2019-12",
            "price": "23.27",
            "revenue": 43173
        },
        "2020-01": {
            "month": "2020-01",
            "price": "22.86",
            "revenue": 5674
        },
        "2020-02": {
            "month": "2020-02",
            "price": "21.41",
            "revenue": 30210
        },
        "2020-03": {
            "month": "2020-03",
            "price": "17.57",
            "revenue": 33977
        },
        "2020-04": {
            "month": "2020-04",
            "price": "16.94",
            "revenue": 52536
        },
        "2020-05": {
            "month": "2020-05",
            "price": "25.97",
            "revenue": 47287
        },
        "2020-06": {
            "month": "2020-06",
            "price": "35.66",
            "revenue": 169149
        },
        "2020-07": {
            "month": "2020-07",
            "price": "53.14",
            "revenue": 26188
        },
        "2020-08": {
            "month": "2020-08",
            "price": "49.05",
            "revenue": 52980
        },
        "2020-09": {
            "month": "2020-09",
            "price": "47.82",
            "revenue": 69147
        },
        "2020-10": {
            "month": "2020-10",
            "price": "43.34",
            "revenue": 100959
        },
        "2020-11": {
            "month": "2020-11",
            "price": "37.98",
            "revenue": 28503
        },
        "2020-12": {
            "month": "2020-12",
            "price": "32.72",
            "revenue": 61631
        },
        "2021-01": {
            "month": "2021-01",
            "price": "30.44",
            "revenue": 186356
        },
        "2021-02": {
            "month": "2021-02",
            "price": "33.18",
            "revenue": 25572
        },
        "2021-03": {
            "month": "2021-03",
            "price": "33.87",
            "revenue": 80289
        },
        "2021-04": {
            "month": "2021-04",
            "price": "44.48",
            "revenue": 33077
        },
        "2021-05": {
            "month": "2021-05",
            "price": "41.65",
            "revenue": 51512
        },
        "2021-06": {
            "month": "2021-06",
            "price": "41.59",
            "revenue": 22143
        },
        "2021-07": {
            "month": "2021-07",
            "price": "41.68",
            "revenue": 23165
        },
        "2021-08": {
            "month": "2021-08",
            "price": "41.86",
            "revenue": 48430
        },
        "2021-09": {
            "month": "2021-09",
            "price": "40.47",
            "revenue": 82832
        },
        "2021-10": {
            "month": "2021-10",
            "price": "33.91",
            "revenue": 89927
        },
        "2021-11": {
            "month": "2021-11",
            "price": "37.27",
            "revenue": 33443
        },
        "2021-12": {
            "month": "2021-12",
            "price": "38.49",
            "revenue": 93529
        },
        "2022-01": {
            "month": "2022-01",
            "price": "38.94",
            "revenue": 20632
        },
        "2022-02": {
            "month": "2022-02",
            "price": "42.01",
            "revenue": 54336
        },
        "2022-03": {
            "month": "2022-03",
            "price": "40.07",
            "revenue": 134113
        },
        "2022-04": {
            "month": "2022-04",
            "price": "41.63",
            "revenue": 53306
        },
        "2022-05": {
            "month": "2022-05",
            "price": "36.80",
            "revenue": 76628
        },
        "2022-06": {
            "month": "2022-06",
            "price": "38.22",
            "revenue": 21663
        },
        "2022-07": {
            "month": "2022-07",
            "price": "38.17",
            "revenue": 11132
        },
        "2022-08": {
            "month": "2022-08",
            "price": "41.48",
            "revenue": 71812
        },
        "2022-09": {
            "month": "2022-09",
            "price": "43.46",
            "revenue": 76317
        },
        "2022-10": {
            "month": "2022-10",
            "price": "35.76",
            "revenue": 39397
        },
        "2022-11": {
            "month": "2022-11",
            "price": "35.82",
            "revenue": 54301
        },
        "2022-12": {
            "month": "2022-12",
            "price": "38.73",
            "revenue": 102170
        },
        "2023-01": {
            "month": "2023-01",
            "price": "36.93",
            "revenue": 21649
        },
        "2023-02": {
            "month": "2023-02",
            "price": "39.84",
            "revenue": 73180
        },
        "2023-03": {
            "month": "2023-03",
            "price": "39.13",
            "revenue": 43559
        },
        "2023-04": {
            "month": "2023-04",
            "price": "39.09",
            "revenue": 78508
        },
        "2023-05": {
            "month": "2023-05",
            "price": "38.67",
            "revenue": 104828
        }
    }
}
