{
    "summary": {
        "stock_name": "雙美",
        "stock_id": "4728",
        "category": "生技醫療",
        "main_business": "西藥製造業、醫療器材設備製造業、化粧品製造業<br>國際貿易業(兼營與前述業務相關之進出口貿易業務)<br>研究、開發、製造及銷售生醫材料級膠原蛋白及相關產品",
        "website_url": "http://www.sunmaxbiotech.com",
        "ceo": "林明毅",
        "pe_ratio": 22,
        "report_year_from": 2006,
        "report_year_to": 2023,
        "age": 17,
        "eps_negative_percentage": 8,
        "eps_growth_avg": {
            "last_all": 31.11,
            "last_2y": 67.66,
            "last_4y": 67.6,
            "last_8y": 34.81,
            "last_12y": null,
            "last_16y": null,
            "last_20y": null,
            "at_2006_last_3y": null,
            "at_2007_last_3y": null,
            "at_2008_last_3y": null,
            "at_2009_last_3y": null,
            "at_2010_last_3y": null,
            "at_2011_last_3y": null,
            "at_2012_last_3y": null,
            "at_2013_last_3y": null,
            "at_2014_last_3y": null,
            "at_2015_last_3y": -31.74,
            "at_2016_last_3y": -19.85,
            "at_2017_last_3y": -19.85,
            "at_2018_last_3y": 33.33,
            "at_2019_last_3y": 78.35,
            "at_2020_last_3y": 83.76,
            "at_2021_last_3y": 59.5,
            "at_2022_last_3y": 59.5,
            "at_2023_last_3y": 59.5,
            "at_2006_last_all": null,
            "at_2007_last_all": null,
            "at_2008_last_all": null,
            "at_2009_last_all": null,
            "at_2010_last_all": null,
            "at_2011_last_all": null,
            "at_2012_last_all": null,
            "at_2013_last_all": 16.3,
            "at_2014_last_all": -8.98,
            "at_2015_last_all": -31.74,
            "at_2016_last_all": -31.74,
            "at_2017_last_all": -5.39,
            "at_2018_last_all": 12.18,
            "at_2019_last_all": 15.44,
            "at_2020_last_all": 26.01,
            "at_2021_last_all": 23.45,
            "at_2022_last_all": 31.11,
            "at_2023_last_all": 31.11
        },
        "latest_eps": 9.71,
        "latest_price": 210,
        "latest_roe": 40.38,
        "latest_gross_margin": 86.23,
        "latest_equity": 1453079,
        "latest_revenue": 393087,
        "latest_gross_profit": 338964,
        "latest_net_income": 128174,
        "latest_debt_ratio": 27.37,
        "latest_current_ratio": 253.43,
        "latest_account_receivable_turnover_ratio": 170.76,
        "latest_inventory_turnover_ratio": 0.72,
        "latest_reinvestment_rate": 42.27,
        "latest_research_to_sale_ratio": 1.48
    },
    "eps_dividends": {
        "2001": {
            "cash": 0,
            "stock": 0,
            "eps": 0
        },
        "2002": {
            "cash": 0,
            "stock": 0,
            "eps": 0
        },
        "2003": {
            "cash": 0,
            "stock": 0,
            "eps": 0
        },
        "2004": {
            "cash": 0,
            "stock": 0,
            "eps": 0
        },
        "2005": {
            "cash": 0,
            "stock": 0,
            "eps": 0
        },
        "2006": {
            "cash": 0,
            "stock": 0,
            "eps": 0
        },
        "2007": {
            "cash": 0,
            "stock": 0,
            "eps": 0
        },
        "2008": {
            "cash": 0,
            "stock": 0,
            "eps": 0
        },
        "2009": {
            "cash": 0,
            "stock": 0,
            "eps": 0
        },
        "2010": {
            "cash": 0,
            "stock": 0,
            "eps": 0
        },
        "2011": {
            "cash": 0,
            "stock": 0,
            "eps": 0.92
        },
        "2012": {
            "cash": 0.6,
            "stock": 0,
            "eps": 0.3
        },
        "2013": {
            "cash": 0.5,
            "stock": 0,
            "eps": 0.89
        },
        "2014": {
            "cash": 0.6,
            "stock": 0,
            "eps": 0.36
        },
        "2015": {
            "cash": 0.6,
            "stock": 0,
            "eps": -0.82
        },
        "2016": {
            "cash": 0,
            "stock": 0,
            "eps": 0.03
        },
        "2017": {
            "cash": 0,
            "stock": 0,
            "eps": 0.31
        },
        "2018": {
            "cash": 0.3,
            "stock": 0,
            "eps": 1.37
        },
        "2019": {
            "cash": 1.2,
            "stock": 0,
            "eps": 1.85
        },
        "2020": {
            "cash": 1.5,
            "stock": 0,
            "eps": 4.37
        },
        "2021": {
            "cash": 2,
            "stock": 0,
            "eps": 4.5
        },
        "2022": {
            "cash": 4.4,
            "stock": 0,
            "eps": 9.8
        },
        "2023": {
            "cash": 9.5,
            "stock": 0,
            "eps": 2.35
        }
    },
    "dividends": {
        "2012-05-09": {
            "cash": 0.6,
            "stock": 0
        },
        "2013-06-27": {
            "cash": 0.5,
            "stock": 0
        },
        "2014-09-19": {
            "cash": 0.6,
            "stock": 0
        },
        "2015-09-25": {
            "cash": 0.6,
            "stock": 0
        },
        "2018-09-14": {
            "cash": 0.3,
            "stock": 0
        },
        "2019-09-20": {
            "cash": 1.2,
            "stock": 0
        },
        "2020-09-18": {
            "cash": 1.5,
            "stock": 0
        },
        "2021-10-15": {
            "cash": 2,
            "stock": 0
        },
        "2022-07-29": {
            "cash": 4.4,
            "stock": 0
        },
        "2023-05-08": {
            "cash": 9.5,
            "stock": 0
        }
    },
    "prices": {
        "200101": "無",
        "200102": "無",
        "200103": "無",
        "200104": "無",
        "200105": "無",
        "200106": "無",
        "200107": "無",
        "200108": "無",
        "200109": "無",
        "200110": "無",
        "200111": "無",
        "200112": "無",
        "200201": "無",
        "200202": "無",
        "200203": "無",
        "200204": "無",
        "200205": "無",
        "200206": "無",
        "200207": "無",
        "200208": "無",
        "200209": "無",
        "200210": "無",
        "200211": "無",
        "200212": "無",
        "200301": "無",
        "200302": "無",
        "200303": "無",
        "200304": "無",
        "200305": "無",
        "200306": "無",
        "200307": "無",
        "200308": "無",
        "200309": "無",
        "200310": "無",
        "200311": "無",
        "200312": "無",
        "200401": "無",
        "200402": "無",
        "200403": "無",
        "200404": "無",
        "200405": "無",
        "200406": "無",
        "200407": "無",
        "200408": "無",
        "200409": "無",
        "200410": "無",
        "200411": "無",
        "200412": "無",
        "200501": "無",
        "200502": "無",
        "200503": "無",
        "200504": "無",
        "200505": "無",
        "200506": "無",
        "200507": "無",
        "200508": "無",
        "200509": "無",
        "200510": "無",
        "200511": "無",
        "200512": "無",
        "200601": "無",
        "200602": "無",
        "200603": "無",
        "200604": "無",
        "200605": "無",
        "200606": "無",
        "200607": "無",
        "200608": "無",
        "200609": "無",
        "200610": "無",
        "200611": "無",
        "200612": "無",
        "200701": "無",
        "200702": "無",
        "200703": "無",
        "200704": "無",
        "200705": "無",
        "200706": "無",
        "200707": "無",
        "200708": "無",
        "200709": "無",
        "200710": "無",
        "200711": "無",
        "200712": "無",
        "200801": "無",
        "200802": "無",
        "200803": "無",
        "200804": "無",
        "200805": "無",
        "200806": "無",
        "200807": "無",
        "200808": "無",
        "200809": "無",
        "200810": "無",
        "200811": "無",
        "200812": "無",
        "200901": "無",
        "200902": "無",
        "200903": "無",
        "200904": "無",
        "200905": "無",
        "200906": "無",
        "200907": "無",
        "200908": "無",
        "200909": "無",
        "200910": "無",
        "200911": "無",
        "200912": "無",
        "201001": "36.94",
        "201002": "37.16",
        "201003": "48.43",
        "201004": "53.93",
        "201005": "50.25",
        "201006": "43.02",
        "201007": "41.10",
        "201008": "42.42",
        "201009": "39.70",
        "201010": "33.34",
        "201011": "29.37",
        "201012": "30.20",
        "201101": "30.71",
        "201102": "32.74",
        "201103": "34.55",
        "201104": "33.84",
        "201105": "34.96",
        "201106": "33.25",
        "201107": "32.63",
        "201108": "31.61",
        "201109": "31.01",
        "201110": "29.67",
        "201111": "30.01",
        "201112": "28.05",
        "201201": "34.72",
        "201202": "43.86",
        "201203": "42.12",
        "201204": "40.18",
        "201205": "35.27",
        "201206": "28.61",
        "201207": "27.85",
        "201208": "29.14",
        "201209": "30.71",
        "201210": "30.44",
        "201211": "25.58",
        "201212": "30.37",
        "201301": "34.55",
        "201302": "36.54",
        "201303": "40.52",
        "201304": "37.01",
        "201305": "37.59",
        "201306": "38.14",
        "201307": "39.45",
        "201308": "38.31",
        "201309": "39.01",
        "201310": "43.43",
        "201311": "40.48",
        "201312": "38.06",
        "201401": "36.08",
        "201402": "36.96",
        "201403": "36.91",
        "201404": "34.81",
        "201405": "33.14",
        "201406": "37.43",
        "201407": "36.97",
        "201408": "31.13",
        "201409": "28.93",
        "201410": "27.82",
        "201411": "25.81",
        "201412": "28.13",
        "201501": "27.72",
        "201502": "27.60",
        "201503": "26.86",
        "201504": "26.22",
        "201505": "23.98",
        "201506": "23.90",
        "201507": "24.87",
        "201508": "24.15",
        "201509": "25.52",
        "201510": "28.23",
        "201511": "28.38",
        "201512": "31.61",
        "201601": "34.15",
        "201602": "40.07",
        "201603": "46.18",
        "201604": "47.51",
        "201605": "38.78",
        "201606": "46.65",
        "201607": "51.38",
        "201608": "47.87",
        "201609": "45.02",
        "201610": "43.34",
        "201611": "41.27",
        "201612": "42.16",
        "201701": "41.88",
        "201702": "41.25",
        "201703": "40.19",
        "201704": "39.32",
        "201705": "38.81",
        "201706": "38.33",
        "201707": "34.22",
        "201708": "31.30",
        "201709": "29.16",
        "201710": "28.16",
        "201711": "27.47",
        "201712": "27.53",
        "201801": "30.62",
        "201802": "30.20",
        "201803": "30.43",
        "201804": "36.92",
        "201805": "36.65",
        "201806": "37.27",
        "201807": "34.47",
        "201808": "31.82",
        "201809": "31.61",
        "201810": "31.36",
        "201811": "35.75",
        "201812": "49.10",
        "201901": "47.77",
        "201902": "48.47",
        "201903": "59.88",
        "201904": "68.90",
        "201905": "68.14",
        "201906": "76.40",
        "201907": "84.86",
        "201908": "83.93",
        "201909": "93.53",
        "201910": "88.50",
        "201911": "87.07",
        "201912": "82.56",
        "202001": "73.55",
        "202002": "69.51",
        "202003": "60.14",
        "202004": "63.14",
        "202005": "76.82",
        "202006": "81.11",
        "202007": "79.27",
        "202008": "71.27",
        "202009": "66.38",
        "202010": "67.48",
        "202011": "67.89",
        "202012": "75.97",
        "202101": "82.60",
        "202102": "80.95",
        "202103": "80.44",
        "202104": "83.66",
        "202105": "72.59",
        "202106": "70.26",
        "202107": "68.23",
        "202108": "77.10",
        "202109": "82.56",
        "202110": "82.18",
        "202111": "80.39",
        "202112": "79.38",
        "202201": "91.19",
        "202202": "110.63",
        "202203": "119.37",
        "202204": "129.97",
        "202205": "103.17",
        "202206": "116.50",
        "202207": "129.79",
        "202208": "156.61",
        "202209": "147.26",
        "202210": "143.80",
        "202211": "135.66",
        "202212": "142.70",
        "202301": "134.15",
        "202302": "129.92",
        "202303": "135.33",
        "202304": "209.74",
        "202305": "252.32",
        "202306": "216.85"
    },
    "quarters": {
        "20011": {
            "year_quarter": 20011,
            "year": 2001,
            "quarter": 1,
            "eps": null,
            "eps_growth_year": null,
            "eps_4q": null,
            "eps_4q_growth_year": null,
            "roe": null,
            "roe_4q": 0,
            "gross_profit": null,
            "gross_margin": null,
            "gross_margin_4q_avg": 0,
            "net_income": null,
            "revenue": null,
            "common_shares": null,
            "book_valuer_per_share": null,
            "book_valuer_per_share_4q_avg": 0,
            "equity": null,
            "current_ratio": null,
            "debt_ratio": null,
            "inventory_turnover_ratio": null,
            "account_receivable_turnover_ratio": null,
            "reinvestment_rate": null,
            "research_to_sale_ratio": null,
            "price_fair": 0,
            "eps_avg_yearly": 0,
            "eps_latest_yearly": 0,
            "eps_growth_yearly": 0
        },
        "20012": {
            "year_quarter": 20012,
            "year": 2001,
            "quarter": 2,
            "eps": null,
            "eps_growth_year": null,
            "eps_4q": null,
            "eps_4q_growth_year": null,
            "roe": null,
            "roe_4q": 0,
            "gross_profit": null,
            "gross_margin": null,
            "gross_margin_4q_avg": 0,
            "net_income": null,
            "revenue": null,
            "common_shares": null,
            "book_valuer_per_share": null,
            "book_valuer_per_share_4q_avg": 0,
            "equity": null,
            "current_ratio": null,
            "debt_ratio": null,
            "inventory_turnover_ratio": null,
            "account_receivable_turnover_ratio": null,
            "reinvestment_rate": null,
            "research_to_sale_ratio": null,
            "price_fair": 0,
            "eps_avg_yearly": 0,
            "eps_latest_yearly": 0,
            "eps_growth_yearly": 0
        },
        "20013": {
            "year_quarter": 20013,
            "year": 2001,
            "quarter": 3,
            "eps": null,
            "eps_growth_year": null,
            "eps_4q": null,
            "eps_4q_growth_year": null,
            "roe": null,
            "roe_4q": 0,
            "gross_profit": null,
            "gross_margin": null,
            "gross_margin_4q_avg": 0,
            "net_income": null,
            "revenue": null,
            "common_shares": null,
            "book_valuer_per_share": null,
            "book_valuer_per_share_4q_avg": 0,
            "equity": null,
            "current_ratio": null,
            "debt_ratio": null,
            "inventory_turnover_ratio": null,
            "account_receivable_turnover_ratio": null,
            "reinvestment_rate": null,
            "research_to_sale_ratio": null,
            "price_fair": 0,
            "eps_avg_yearly": 0,
            "eps_latest_yearly": 0,
            "eps_growth_yearly": 0
        },
        "20014": {
            "year_quarter": 20014,
            "year": 2001,
            "quarter": 4,
            "eps": null,
            "eps_growth_year": null,
            "eps_4q": null,
            "eps_4q_growth_year": null,
            "roe": null,
            "roe_4q": 0,
            "gross_profit": null,
            "gross_margin": null,
            "gross_margin_4q_avg": 0,
            "net_income": null,
            "revenue": null,
            "common_shares": 60000,
            "book_valuer_per_share": 9.4,
            "book_valuer_per_share_4q_avg": 2.35,
            "equity": 56399,
            "current_ratio": 3619.2,
            "debt_ratio": 2.64,
            "inventory_turnover_ratio": null,
            "account_receivable_turnover_ratio": null,
            "reinvestment_rate": null,
            "research_to_sale_ratio": null,
            "price_fair": 0,
            "eps_avg_yearly": 0,
            "eps_latest_yearly": 0,
            "eps_growth_yearly": 0
        },
        "20021": {
            "year_quarter": 20021,
            "year": 2002,
            "quarter": 1,
            "eps": null,
            "eps_growth_year": null,
            "eps_4q": null,
            "eps_4q_growth_year": null,
            "roe": null,
            "roe_4q": 0,
            "gross_profit": null,
            "gross_margin": null,
            "gross_margin_4q_avg": 0,
            "net_income": null,
            "revenue": null,
            "common_shares": null,
            "book_valuer_per_share": null,
            "book_valuer_per_share_4q_avg": 2.35,
            "equity": null,
            "current_ratio": null,
            "debt_ratio": null,
            "inventory_turnover_ratio": null,
            "account_receivable_turnover_ratio": null,
            "reinvestment_rate": null,
            "research_to_sale_ratio": null,
            "price_fair": 0,
            "eps_avg_yearly": 0,
            "eps_latest_yearly": 0,
            "eps_growth_yearly": 0
        },
        "20022": {
            "year_quarter": 20022,
            "year": 2002,
            "quarter": 2,
            "eps": null,
            "eps_growth_year": null,
            "eps_4q": null,
            "eps_4q_growth_year": null,
            "roe": null,
            "roe_4q": 0,
            "gross_profit": null,
            "gross_margin": null,
            "gross_margin_4q_avg": 0,
            "net_income": null,
            "revenue": null,
            "common_shares": null,
            "book_valuer_per_share": null,
            "book_valuer_per_share_4q_avg": 2.35,
            "equity": null,
            "current_ratio": null,
            "debt_ratio": null,
            "inventory_turnover_ratio": null,
            "account_receivable_turnover_ratio": null,
            "reinvestment_rate": null,
            "research_to_sale_ratio": null,
            "price_fair": 0,
            "eps_avg_yearly": 0,
            "eps_latest_yearly": 0,
            "eps_growth_yearly": 0
        },
        "20023": {
            "year_quarter": 20023,
            "year": 2002,
            "quarter": 3,
            "eps": null,
            "eps_growth_year": null,
            "eps_4q": null,
            "eps_4q_growth_year": null,
            "roe": null,
            "roe_4q": 0,
            "gross_profit": null,
            "gross_margin": null,
            "gross_margin_4q_avg": 0,
            "net_income": null,
            "revenue": null,
            "common_shares": null,
            "book_valuer_per_share": null,
            "book_valuer_per_share_4q_avg": 2.35,
            "equity": null,
            "current_ratio": null,
            "debt_ratio": null,
            "inventory_turnover_ratio": null,
            "account_receivable_turnover_ratio": null,
            "reinvestment_rate": null,
            "research_to_sale_ratio": null,
            "price_fair": 0,
            "eps_avg_yearly": 0,
            "eps_latest_yearly": 0,
            "eps_growth_yearly": 0
        },
        "20024": {
            "year_quarter": 20024,
            "year": 2002,
            "quarter": 4,
            "eps": null,
            "eps_growth_year": null,
            "eps_4q": null,
            "eps_4q_growth_year": null,
            "roe": null,
            "roe_4q": 0,
            "gross_profit": null,
            "gross_margin": null,
            "gross_margin_4q_avg": 0,
            "net_income": null,
            "revenue": null,
            "common_shares": 100000,
            "book_valuer_per_share": 6.68,
            "book_valuer_per_share_4q_avg": 1.67,
            "equity": 66833,
            "current_ratio": 539.83,
            "debt_ratio": 10.67,
            "inventory_turnover_ratio": null,
            "account_receivable_turnover_ratio": null,
            "reinvestment_rate": null,
            "research_to_sale_ratio": null,
            "price_fair": 0,
            "eps_avg_yearly": 0,
            "eps_latest_yearly": 0,
            "eps_growth_yearly": 0
        },
        "20031": {
            "year_quarter": 20031,
            "year": 2003,
            "quarter": 1,
            "eps": null,
            "eps_growth_year": null,
            "eps_4q": null,
            "eps_4q_growth_year": null,
            "roe": null,
            "roe_4q": 0,
            "gross_profit": null,
            "gross_margin": null,
            "gross_margin_4q_avg": 0,
            "net_income": null,
            "revenue": null,
            "common_shares": null,
            "book_valuer_per_share": null,
            "book_valuer_per_share_4q_avg": 1.67,
            "equity": null,
            "current_ratio": null,
            "debt_ratio": null,
            "inventory_turnover_ratio": null,
            "account_receivable_turnover_ratio": null,
            "reinvestment_rate": null,
            "research_to_sale_ratio": null,
            "price_fair": 0,
            "eps_avg_yearly": 0,
            "eps_latest_yearly": 0,
            "eps_growth_yearly": 0
        },
        "20032": {
            "year_quarter": 20032,
            "year": 2003,
            "quarter": 2,
            "eps": null,
            "eps_growth_year": null,
            "eps_4q": null,
            "eps_4q_growth_year": null,
            "roe": null,
            "roe_4q": 0,
            "gross_profit": null,
            "gross_margin": null,
            "gross_margin_4q_avg": 0,
            "net_income": null,
            "revenue": null,
            "common_shares": null,
            "book_valuer_per_share": null,
            "book_valuer_per_share_4q_avg": 1.67,
            "equity": null,
            "current_ratio": null,
            "debt_ratio": null,
            "inventory_turnover_ratio": null,
            "account_receivable_turnover_ratio": null,
            "reinvestment_rate": null,
            "research_to_sale_ratio": null,
            "price_fair": 0,
            "eps_avg_yearly": 0,
            "eps_latest_yearly": 0,
            "eps_growth_yearly": 0
        },
        "20033": {
            "year_quarter": 20033,
            "year": 2003,
            "quarter": 3,
            "eps": null,
            "eps_growth_year": null,
            "eps_4q": null,
            "eps_4q_growth_year": null,
            "roe": null,
            "roe_4q": 0,
            "gross_profit": null,
            "gross_margin": null,
            "gross_margin_4q_avg": 0,
            "net_income": null,
            "revenue": null,
            "common_shares": null,
            "book_valuer_per_share": null,
            "book_valuer_per_share_4q_avg": 1.67,
            "equity": null,
            "current_ratio": null,
            "debt_ratio": null,
            "inventory_turnover_ratio": null,
            "account_receivable_turnover_ratio": null,
            "reinvestment_rate": null,
            "research_to_sale_ratio": null,
            "price_fair": 0,
            "eps_avg_yearly": 0,
            "eps_latest_yearly": 0,
            "eps_growth_yearly": 0
        },
        "20034": {
            "year_quarter": 20034,
            "year": 2003,
            "quarter": 4,
            "eps": null,
            "eps_growth_year": null,
            "eps_4q": null,
            "eps_4q_growth_year": null,
            "roe": null,
            "roe_4q": 0,
            "gross_profit": null,
            "gross_margin": null,
            "gross_margin_4q_avg": 0,
            "net_income": null,
            "revenue": null,
            "common_shares": 100000,
            "book_valuer_per_share": 4.57,
            "book_valuer_per_share_4q_avg": 1.14,
            "equity": 45682,
            "current_ratio": 219.54,
            "debt_ratio": 35.09,
            "inventory_turnover_ratio": null,
            "account_receivable_turnover_ratio": null,
            "reinvestment_rate": null,
            "research_to_sale_ratio": null,
            "price_fair": 0,
            "eps_avg_yearly": 0,
            "eps_latest_yearly": 0,
            "eps_growth_yearly": 0
        },
        "20041": {
            "year_quarter": 20041,
            "year": 2004,
            "quarter": 1,
            "eps": null,
            "eps_growth_year": null,
            "eps_4q": null,
            "eps_4q_growth_year": null,
            "roe": null,
            "roe_4q": 0,
            "gross_profit": null,
            "gross_margin": null,
            "gross_margin_4q_avg": 0,
            "net_income": null,
            "revenue": null,
            "common_shares": null,
            "book_valuer_per_share": null,
            "book_valuer_per_share_4q_avg": 1.14,
            "equity": null,
            "current_ratio": null,
            "debt_ratio": null,
            "inventory_turnover_ratio": null,
            "account_receivable_turnover_ratio": null,
            "reinvestment_rate": null,
            "research_to_sale_ratio": null,
            "price_fair": 0,
            "eps_avg_yearly": 0,
            "eps_latest_yearly": 0,
            "eps_growth_yearly": 0
        },
        "20042": {
            "year_quarter": 20042,
            "year": 2004,
            "quarter": 2,
            "eps": null,
            "eps_growth_year": null,
            "eps_4q": null,
            "eps_4q_growth_year": null,
            "roe": null,
            "roe_4q": 0,
            "gross_profit": null,
            "gross_margin": null,
            "gross_margin_4q_avg": 0,
            "net_income": null,
            "revenue": null,
            "common_shares": null,
            "book_valuer_per_share": null,
            "book_valuer_per_share_4q_avg": 1.14,
            "equity": null,
            "current_ratio": null,
            "debt_ratio": null,
            "inventory_turnover_ratio": null,
            "account_receivable_turnover_ratio": null,
            "reinvestment_rate": null,
            "research_to_sale_ratio": null,
            "price_fair": 0,
            "eps_avg_yearly": 0,
            "eps_latest_yearly": 0,
            "eps_growth_yearly": 0
        },
        "20043": {
            "year_quarter": 20043,
            "year": 2004,
            "quarter": 3,
            "eps": null,
            "eps_growth_year": null,
            "eps_4q": null,
            "eps_4q_growth_year": null,
            "roe": null,
            "roe_4q": 0,
            "gross_profit": null,
            "gross_margin": null,
            "gross_margin_4q_avg": 0,
            "net_income": null,
            "revenue": null,
            "common_shares": null,
            "book_valuer_per_share": null,
            "book_valuer_per_share_4q_avg": 1.14,
            "equity": null,
            "current_ratio": null,
            "debt_ratio": null,
            "inventory_turnover_ratio": null,
            "account_receivable_turnover_ratio": null,
            "reinvestment_rate": null,
            "research_to_sale_ratio": null,
            "price_fair": 0,
            "eps_avg_yearly": 0,
            "eps_latest_yearly": 0,
            "eps_growth_yearly": 0
        },
        "20044": {
            "year_quarter": 20044,
            "year": 2004,
            "quarter": 4,
            "eps": null,
            "eps_growth_year": null,
            "eps_4q": null,
            "eps_4q_growth_year": null,
            "roe": null,
            "roe_4q": 0,
            "gross_profit": null,
            "gross_margin": null,
            "gross_margin_4q_avg": 0,
            "net_income": null,
            "revenue": null,
            "common_shares": 150000,
            "book_valuer_per_share": 3.84,
            "book_valuer_per_share_4q_avg": 0.96,
            "equity": 57639,
            "current_ratio": 454.18,
            "debt_ratio": 17.29,
            "inventory_turnover_ratio": null,
            "account_receivable_turnover_ratio": null,
            "reinvestment_rate": null,
            "research_to_sale_ratio": null,
            "price_fair": 0,
            "eps_avg_yearly": 0,
            "eps_latest_yearly": 0,
            "eps_growth_yearly": 0
        },
        "20051": {
            "year_quarter": 20051,
            "year": 2005,
            "quarter": 1,
            "eps": null,
            "eps_growth_year": null,
            "eps_4q": null,
            "eps_4q_growth_year": null,
            "roe": null,
            "roe_4q": 0,
            "gross_profit": null,
            "gross_margin": null,
            "gross_margin_4q_avg": 0,
            "net_income": null,
            "revenue": null,
            "common_shares": null,
            "book_valuer_per_share": null,
            "book_valuer_per_share_4q_avg": 0.96,
            "equity": null,
            "current_ratio": null,
            "debt_ratio": null,
            "inventory_turnover_ratio": null,
            "account_receivable_turnover_ratio": null,
            "reinvestment_rate": null,
            "research_to_sale_ratio": null,
            "price_fair": 0,
            "eps_avg_yearly": 0,
            "eps_latest_yearly": 0,
            "eps_growth_yearly": 0
        },
        "20052": {
            "year_quarter": 20052,
            "year": 2005,
            "quarter": 2,
            "eps": null,
            "eps_growth_year": null,
            "eps_4q": null,
            "eps_4q_growth_year": null,
            "roe": null,
            "roe_4q": 0,
            "gross_profit": null,
            "gross_margin": null,
            "gross_margin_4q_avg": 0,
            "net_income": null,
            "revenue": null,
            "common_shares": null,
            "book_valuer_per_share": null,
            "book_valuer_per_share_4q_avg": 0.96,
            "equity": null,
            "current_ratio": null,
            "debt_ratio": null,
            "inventory_turnover_ratio": null,
            "account_receivable_turnover_ratio": null,
            "reinvestment_rate": null,
            "research_to_sale_ratio": null,
            "price_fair": 0,
            "eps_avg_yearly": 0,
            "eps_latest_yearly": 0,
            "eps_growth_yearly": 0
        },
        "20053": {
            "year_quarter": 20053,
            "year": 2005,
            "quarter": 3,
            "eps": null,
            "eps_growth_year": null,
            "eps_4q": null,
            "eps_4q_growth_year": null,
            "roe": null,
            "roe_4q": 0,
            "gross_profit": null,
            "gross_margin": null,
            "gross_margin_4q_avg": 0,
            "net_income": null,
            "revenue": null,
            "common_shares": null,
            "book_valuer_per_share": null,
            "book_valuer_per_share_4q_avg": 0.96,
            "equity": null,
            "current_ratio": null,
            "debt_ratio": null,
            "inventory_turnover_ratio": null,
            "account_receivable_turnover_ratio": null,
            "reinvestment_rate": null,
            "research_to_sale_ratio": null,
            "price_fair": 0,
            "eps_avg_yearly": 0,
            "eps_latest_yearly": 0,
            "eps_growth_yearly": 0
        },
        "20054": {
            "year_quarter": 20054,
            "year": 2005,
            "quarter": 4,
            "eps": null,
            "eps_growth_year": null,
            "eps_4q": null,
            "eps_4q_growth_year": null,
            "roe": null,
            "roe_4q": 0,
            "gross_profit": null,
            "gross_margin": null,
            "gross_margin_4q_avg": 0,
            "net_income": null,
            "revenue": null,
            "common_shares": 194640,
            "book_valuer_per_share": 2.42,
            "book_valuer_per_share_4q_avg": 0.61,
            "equity": 47125,
            "current_ratio": 269.3,
            "debt_ratio": 27.42,
            "inventory_turnover_ratio": null,
            "account_receivable_turnover_ratio": null,
            "reinvestment_rate": null,
            "research_to_sale_ratio": null,
            "price_fair": 0,
            "eps_avg_yearly": 0,
            "eps_latest_yearly": 0,
            "eps_growth_yearly": 0
        },
        "20061": {
            "year_quarter": 20061,
            "year": 2006,
            "quarter": 1,
            "eps": null,
            "eps_growth_year": null,
            "eps_4q": null,
            "eps_4q_growth_year": null,
            "roe": null,
            "roe_4q": 0,
            "gross_profit": null,
            "gross_margin": null,
            "gross_margin_4q_avg": 0,
            "net_income": null,
            "revenue": null,
            "common_shares": null,
            "book_valuer_per_share": null,
            "book_valuer_per_share_4q_avg": 0.61,
            "equity": null,
            "current_ratio": null,
            "debt_ratio": null,
            "inventory_turnover_ratio": null,
            "account_receivable_turnover_ratio": null,
            "reinvestment_rate": null,
            "research_to_sale_ratio": null,
            "price_fair": 0,
            "eps_avg_yearly": 0,
            "eps_latest_yearly": 0,
            "eps_growth_yearly": 0
        },
        "20062": {
            "year_quarter": 20062,
            "year": 2006,
            "quarter": 2,
            "eps": null,
            "eps_growth_year": null,
            "eps_4q": null,
            "eps_4q_growth_year": null,
            "roe": null,
            "roe_4q": 0,
            "gross_profit": null,
            "gross_margin": null,
            "gross_margin_4q_avg": 0,
            "net_income": null,
            "revenue": null,
            "common_shares": null,
            "book_valuer_per_share": null,
            "book_valuer_per_share_4q_avg": 0.61,
            "equity": null,
            "current_ratio": null,
            "debt_ratio": null,
            "inventory_turnover_ratio": null,
            "account_receivable_turnover_ratio": null,
            "reinvestment_rate": null,
            "research_to_sale_ratio": null,
            "price_fair": 0,
            "eps_avg_yearly": 0,
            "eps_latest_yearly": 0,
            "eps_growth_yearly": 0
        },
        "20063": {
            "year_quarter": 20063,
            "year": 2006,
            "quarter": 3,
            "eps": null,
            "eps_growth_year": null,
            "eps_4q": null,
            "eps_4q_growth_year": null,
            "roe": null,
            "roe_4q": 0,
            "gross_profit": null,
            "gross_margin": null,
            "gross_margin_4q_avg": 0,
            "net_income": null,
            "revenue": null,
            "common_shares": null,
            "book_valuer_per_share": null,
            "book_valuer_per_share_4q_avg": 0.61,
            "equity": null,
            "current_ratio": null,
            "debt_ratio": null,
            "inventory_turnover_ratio": null,
            "account_receivable_turnover_ratio": null,
            "reinvestment_rate": null,
            "research_to_sale_ratio": null,
            "price_fair": 0,
            "eps_avg_yearly": 0,
            "eps_latest_yearly": 0,
            "eps_growth_yearly": 0
        },
        "20064": {
            "year_quarter": 20064,
            "year": 2006,
            "quarter": 4,
            "eps": null,
            "eps_growth_year": null,
            "eps_4q": null,
            "eps_4q_growth_year": null,
            "roe": null,
            "roe_4q": 0,
            "gross_profit": null,
            "gross_margin": null,
            "gross_margin_4q_avg": 0,
            "net_income": null,
            "revenue": null,
            "common_shares": 250000,
            "book_valuer_per_share": 2.08,
            "book_valuer_per_share_4q_avg": 0.52,
            "equity": 51954,
            "current_ratio": 291.04,
            "debt_ratio": 35.03,
            "inventory_turnover_ratio": null,
            "account_receivable_turnover_ratio": null,
            "reinvestment_rate": null,
            "research_to_sale_ratio": null,
            "price_fair": 0,
            "eps_avg_yearly": 0,
            "eps_latest_yearly": 0,
            "eps_growth_yearly": 0
        },
        "20071": {
            "year_quarter": 20071,
            "year": 2007,
            "quarter": 1,
            "eps": null,
            "eps_growth_year": null,
            "eps_4q": null,
            "eps_4q_growth_year": null,
            "roe": null,
            "roe_4q": 0,
            "gross_profit": null,
            "gross_margin": null,
            "gross_margin_4q_avg": 0,
            "net_income": null,
            "revenue": null,
            "common_shares": null,
            "book_valuer_per_share": null,
            "book_valuer_per_share_4q_avg": 0.52,
            "equity": null,
            "current_ratio": null,
            "debt_ratio": null,
            "inventory_turnover_ratio": null,
            "account_receivable_turnover_ratio": null,
            "reinvestment_rate": null,
            "research_to_sale_ratio": null,
            "price_fair": 0,
            "eps_avg_yearly": 0,
            "eps_latest_yearly": 0,
            "eps_growth_yearly": 0
        },
        "20072": {
            "year_quarter": 20072,
            "year": 2007,
            "quarter": 2,
            "eps": null,
            "eps_growth_year": null,
            "eps_4q": null,
            "eps_4q_growth_year": null,
            "roe": null,
            "roe_4q": 0,
            "gross_profit": null,
            "gross_margin": null,
            "gross_margin_4q_avg": 0,
            "net_income": null,
            "revenue": null,
            "common_shares": null,
            "book_valuer_per_share": null,
            "book_valuer_per_share_4q_avg": 0.52,
            "equity": null,
            "current_ratio": null,
            "debt_ratio": null,
            "inventory_turnover_ratio": null,
            "account_receivable_turnover_ratio": null,
            "reinvestment_rate": null,
            "research_to_sale_ratio": null,
            "price_fair": 0,
            "eps_avg_yearly": 0,
            "eps_latest_yearly": 0,
            "eps_growth_yearly": 0
        },
        "20073": {
            "year_quarter": 20073,
            "year": 2007,
            "quarter": 3,
            "eps": null,
            "eps_growth_year": null,
            "eps_4q": null,
            "eps_4q_growth_year": null,
            "roe": null,
            "roe_4q": 0,
            "gross_profit": null,
            "gross_margin": null,
            "gross_margin_4q_avg": 0,
            "net_income": null,
            "revenue": null,
            "common_shares": null,
            "book_valuer_per_share": null,
            "book_valuer_per_share_4q_avg": 0.52,
            "equity": null,
            "current_ratio": null,
            "debt_ratio": null,
            "inventory_turnover_ratio": null,
            "account_receivable_turnover_ratio": null,
            "reinvestment_rate": null,
            "research_to_sale_ratio": null,
            "price_fair": 0,
            "eps_avg_yearly": 0,
            "eps_latest_yearly": 0,
            "eps_growth_yearly": 0
        },
        "20074": {
            "year_quarter": 20074,
            "year": 2007,
            "quarter": 4,
            "eps": null,
            "eps_growth_year": null,
            "eps_4q": null,
            "eps_4q_growth_year": null,
            "roe": null,
            "roe_4q": 0,
            "gross_profit": null,
            "gross_margin": null,
            "gross_margin_4q_avg": 0,
            "net_income": null,
            "revenue": null,
            "common_shares": 330000,
            "book_valuer_per_share": 1.53,
            "book_valuer_per_share_4q_avg": 0.38,
            "equity": 50401,
            "current_ratio": 350.55,
            "debt_ratio": 31.08,
            "inventory_turnover_ratio": null,
            "account_receivable_turnover_ratio": null,
            "reinvestment_rate": null,
            "research_to_sale_ratio": null,
            "price_fair": 0,
            "eps_avg_yearly": 0,
            "eps_latest_yearly": 0,
            "eps_growth_yearly": 0
        },
        "20081": {
            "year_quarter": 20081,
            "year": 2008,
            "quarter": 1,
            "eps": null,
            "eps_growth_year": null,
            "eps_4q": null,
            "eps_4q_growth_year": null,
            "roe": null,
            "roe_4q": 0,
            "gross_profit": null,
            "gross_margin": null,
            "gross_margin_4q_avg": 0,
            "net_income": null,
            "revenue": null,
            "common_shares": null,
            "book_valuer_per_share": null,
            "book_valuer_per_share_4q_avg": 0.38,
            "equity": null,
            "current_ratio": null,
            "debt_ratio": null,
            "inventory_turnover_ratio": null,
            "account_receivable_turnover_ratio": null,
            "reinvestment_rate": null,
            "research_to_sale_ratio": null,
            "price_fair": 0,
            "eps_avg_yearly": 0,
            "eps_latest_yearly": 0,
            "eps_growth_yearly": 0
        },
        "20082": {
            "year_quarter": 20082,
            "year": 2008,
            "quarter": 2,
            "eps": null,
            "eps_growth_year": null,
            "eps_4q": null,
            "eps_4q_growth_year": null,
            "roe": null,
            "roe_4q": 0,
            "gross_profit": null,
            "gross_margin": null,
            "gross_margin_4q_avg": 0,
            "net_income": null,
            "revenue": null,
            "common_shares": null,
            "book_valuer_per_share": null,
            "book_valuer_per_share_4q_avg": 0.38,
            "equity": null,
            "current_ratio": null,
            "debt_ratio": null,
            "inventory_turnover_ratio": null,
            "account_receivable_turnover_ratio": null,
            "reinvestment_rate": null,
            "research_to_sale_ratio": null,
            "price_fair": 0,
            "eps_avg_yearly": 0,
            "eps_latest_yearly": 0,
            "eps_growth_yearly": 0
        },
        "20083": {
            "year_quarter": 20083,
            "year": 2008,
            "quarter": 3,
            "eps": null,
            "eps_growth_year": null,
            "eps_4q": null,
            "eps_4q_growth_year": null,
            "roe": null,
            "roe_4q": 0,
            "gross_profit": null,
            "gross_margin": null,
            "gross_margin_4q_avg": 0,
            "net_income": null,
            "revenue": null,
            "common_shares": null,
            "book_valuer_per_share": null,
            "book_valuer_per_share_4q_avg": 0.38,
            "equity": null,
            "current_ratio": null,
            "debt_ratio": null,
            "inventory_turnover_ratio": null,
            "account_receivable_turnover_ratio": null,
            "reinvestment_rate": null,
            "research_to_sale_ratio": null,
            "price_fair": 0,
            "eps_avg_yearly": 0,
            "eps_latest_yearly": 0,
            "eps_growth_yearly": 0
        },
        "20084": {
            "year_quarter": 20084,
            "year": 2008,
            "quarter": 4,
            "eps": null,
            "eps_growth_year": null,
            "eps_4q": null,
            "eps_4q_growth_year": null,
            "roe": null,
            "roe_4q": 0,
            "gross_profit": null,
            "gross_margin": null,
            "gross_margin_4q_avg": 0,
            "net_income": null,
            "revenue": null,
            "common_shares": 355000,
            "book_valuer_per_share": 2.01,
            "book_valuer_per_share_4q_avg": 0.5,
            "equity": 71386,
            "current_ratio": 787.03,
            "debt_ratio": 25.52,
            "inventory_turnover_ratio": null,
            "account_receivable_turnover_ratio": null,
            "reinvestment_rate": null,
            "research_to_sale_ratio": null,
            "price_fair": 0,
            "eps_avg_yearly": 0,
            "eps_latest_yearly": 0,
            "eps_growth_yearly": 0
        },
        "20091": {
            "year_quarter": 20091,
            "year": 2009,
            "quarter": 1,
            "eps": null,
            "eps_growth_year": null,
            "eps_4q": null,
            "eps_4q_growth_year": null,
            "roe": null,
            "roe_4q": 0,
            "gross_profit": null,
            "gross_margin": null,
            "gross_margin_4q_avg": 0,
            "net_income": null,
            "revenue": null,
            "common_shares": null,
            "book_valuer_per_share": null,
            "book_valuer_per_share_4q_avg": 0.5,
            "equity": null,
            "current_ratio": null,
            "debt_ratio": null,
            "inventory_turnover_ratio": null,
            "account_receivable_turnover_ratio": null,
            "reinvestment_rate": null,
            "research_to_sale_ratio": null,
            "price_fair": 0,
            "eps_avg_yearly": 0,
            "eps_latest_yearly": 0,
            "eps_growth_yearly": 0
        },
        "20092": {
            "year_quarter": 20092,
            "year": 2009,
            "quarter": 2,
            "eps": null,
            "eps_growth_year": null,
            "eps_4q": null,
            "eps_4q_growth_year": null,
            "roe": null,
            "roe_4q": 0,
            "gross_profit": null,
            "gross_margin": null,
            "gross_margin_4q_avg": 0,
            "net_income": null,
            "revenue": null,
            "common_shares": 367000,
            "book_valuer_per_share": null,
            "book_valuer_per_share_4q_avg": 0.5,
            "equity": 57142,
            "current_ratio": null,
            "debt_ratio": null,
            "inventory_turnover_ratio": null,
            "account_receivable_turnover_ratio": null,
            "reinvestment_rate": null,
            "research_to_sale_ratio": null,
            "price_fair": 0,
            "eps_avg_yearly": 0,
            "eps_latest_yearly": 0,
            "eps_growth_yearly": 0
        },
        "20093": {
            "year_quarter": 20093,
            "year": 2009,
            "quarter": 3,
            "eps": null,
            "eps_growth_year": null,
            "eps_4q": null,
            "eps_4q_growth_year": null,
            "roe": null,
            "roe_4q": 0,
            "gross_profit": null,
            "gross_margin": null,
            "gross_margin_4q_avg": 0,
            "net_income": null,
            "revenue": null,
            "common_shares": null,
            "book_valuer_per_share": null,
            "book_valuer_per_share_4q_avg": 0.5,
            "equity": null,
            "current_ratio": null,
            "debt_ratio": null,
            "inventory_turnover_ratio": null,
            "account_receivable_turnover_ratio": null,
            "reinvestment_rate": null,
            "research_to_sale_ratio": null,
            "price_fair": 0,
            "eps_avg_yearly": 0,
            "eps_latest_yearly": 0,
            "eps_growth_yearly": 0
        },
        "20094": {
            "year_quarter": 20094,
            "year": 2009,
            "quarter": 4,
            "eps": null,
            "eps_growth_year": null,
            "eps_4q": null,
            "eps_4q_growth_year": null,
            "roe": null,
            "roe_4q": 0,
            "gross_profit": null,
            "gross_margin": null,
            "gross_margin_4q_avg": 0,
            "net_income": null,
            "revenue": null,
            "common_shares": 387000,
            "book_valuer_per_share": 2.12,
            "book_valuer_per_share_4q_avg": 0.53,
            "equity": 81978,
            "current_ratio": 395.4,
            "debt_ratio": 50.53,
            "inventory_turnover_ratio": null,
            "account_receivable_turnover_ratio": null,
            "reinvestment_rate": null,
            "research_to_sale_ratio": null,
            "price_fair": 0,
            "eps_avg_yearly": 0,
            "eps_latest_yearly": 0,
            "eps_growth_yearly": 0
        },
        "20101": {
            "year_quarter": 20101,
            "year": 2010,
            "quarter": 1,
            "eps": null,
            "eps_growth_year": null,
            "eps_4q": null,
            "eps_4q_growth_year": null,
            "roe": null,
            "roe_4q": 0,
            "gross_profit": null,
            "gross_margin": null,
            "gross_margin_4q_avg": 0,
            "net_income": null,
            "revenue": null,
            "common_shares": null,
            "book_valuer_per_share": null,
            "book_valuer_per_share_4q_avg": 0.53,
            "equity": null,
            "current_ratio": null,
            "debt_ratio": null,
            "inventory_turnover_ratio": null,
            "account_receivable_turnover_ratio": null,
            "reinvestment_rate": null,
            "research_to_sale_ratio": null,
            "price_fair": 0,
            "eps_avg_yearly": 0,
            "eps_latest_yearly": 0,
            "eps_growth_yearly": 0
        },
        "20102": {
            "year_quarter": 20102,
            "year": 2010,
            "quarter": 2,
            "eps": null,
            "eps_growth_year": null,
            "eps_4q": null,
            "eps_4q_growth_year": null,
            "roe": null,
            "roe_4q": 0,
            "gross_profit": null,
            "gross_margin": null,
            "gross_margin_4q_avg": 0,
            "net_income": null,
            "revenue": null,
            "common_shares": 497000,
            "book_valuer_per_share": 9.85,
            "book_valuer_per_share_4q_avg": 2.99,
            "equity": 489314,
            "current_ratio": 1137.16,
            "debt_ratio": 17.28,
            "inventory_turnover_ratio": null,
            "account_receivable_turnover_ratio": null,
            "reinvestment_rate": null,
            "research_to_sale_ratio": null,
            "price_fair": 0,
            "eps_avg_yearly": 0,
            "eps_latest_yearly": 0,
            "eps_growth_yearly": 0
        },
        "20103": {
            "year_quarter": 20103,
            "year": 2010,
            "quarter": 3,
            "eps": null,
            "eps_growth_year": null,
            "eps_4q": null,
            "eps_4q_growth_year": null,
            "roe": null,
            "roe_4q": 0,
            "gross_profit": 7517,
            "gross_margin": null,
            "gross_margin_4q_avg": 0,
            "net_income": -7100,
            "revenue": 17199,
            "common_shares": 497000,
            "book_valuer_per_share": 9.7,
            "book_valuer_per_share_4q_avg": 5.42,
            "equity": 482179,
            "current_ratio": 1469.31,
            "debt_ratio": 15.55,
            "inventory_turnover_ratio": null,
            "account_receivable_turnover_ratio": null,
            "reinvestment_rate": null,
            "research_to_sale_ratio": null,
            "price_fair": 0,
            "eps_avg_yearly": 0,
            "eps_latest_yearly": 0,
            "eps_growth_yearly": 0
        },
        "20104": {
            "year_quarter": 20104,
            "year": 2010,
            "quarter": 4,
            "eps": null,
            "eps_growth_year": null,
            "eps_4q": null,
            "eps_4q_growth_year": null,
            "roe": null,
            "roe_4q": 0,
            "gross_profit": 21802,
            "gross_margin": null,
            "gross_margin_4q_avg": 0,
            "net_income": 9925,
            "revenue": 33322,
            "common_shares": 497000,
            "book_valuer_per_share": 9.9,
            "book_valuer_per_share_4q_avg": 7.36,
            "equity": 491976,
            "current_ratio": 1552.99,
            "debt_ratio": 11.04,
            "inventory_turnover_ratio": null,
            "account_receivable_turnover_ratio": null,
            "reinvestment_rate": null,
            "research_to_sale_ratio": null,
            "price_fair": 0,
            "eps_avg_yearly": 0,
            "eps_latest_yearly": 0,
            "eps_growth_yearly": 0
        },
        "20111": {
            "year_quarter": 20111,
            "year": 2011,
            "quarter": 1,
            "eps": null,
            "eps_growth_year": null,
            "eps_4q": null,
            "eps_4q_growth_year": null,
            "roe": null,
            "roe_4q": 0,
            "gross_profit": 24788,
            "gross_margin": null,
            "gross_margin_4q_avg": 0,
            "net_income": 15814,
            "revenue": 32020,
            "common_shares": 497000,
            "book_valuer_per_share": 10.22,
            "book_valuer_per_share_4q_avg": 9.92,
            "equity": 507804,
            "current_ratio": 3470.16,
            "debt_ratio": 8.29,
            "inventory_turnover_ratio": null,
            "account_receivable_turnover_ratio": null,
            "reinvestment_rate": null,
            "research_to_sale_ratio": null,
            "price_fair": 0,
            "eps_avg_yearly": 0,
            "eps_latest_yearly": 0,
            "eps_growth_yearly": 0
        },
        "20112": {
            "year_quarter": 20112,
            "year": 2011,
            "quarter": 2,
            "eps": 0.28,
            "eps_growth_year": null,
            "eps_4q": 0.28,
            "eps_4q_growth_year": null,
            "roe": 2.66,
            "roe_4q": 2.66,
            "gross_profit": 24725,
            "gross_margin": 76.32,
            "gross_margin_4q_avg": 19.08,
            "net_income": 13678,
            "revenue": 32398,
            "common_shares": 497000,
            "book_valuer_per_share": 10.49,
            "book_valuer_per_share_4q_avg": 10.08,
            "equity": 521472,
            "current_ratio": 3109.58,
            "debt_ratio": 8.4,
            "inventory_turnover_ratio": 0.29,
            "account_receivable_turnover_ratio": 5.32,
            "reinvestment_rate": null,
            "research_to_sale_ratio": null,
            "price_fair": 0,
            "eps_avg_yearly": 0,
            "eps_latest_yearly": 0,
            "eps_growth_yearly": 0
        },
        "20113": {
            "year_quarter": 20113,
            "year": 2011,
            "quarter": 3,
            "eps": 0.34,
            "eps_growth_year": null,
            "eps_4q": 0.62,
            "eps_4q_growth_year": null,
            "roe": 3.21,
            "roe_4q": 5.87,
            "gross_profit": 30895,
            "gross_margin": 77.65,
            "gross_margin_4q_avg": 38.49,
            "net_income": 17030,
            "revenue": 39790,
            "common_shares": 497000,
            "book_valuer_per_share": 10.84,
            "book_valuer_per_share_4q_avg": 10.36,
            "equity": 538674,
            "current_ratio": 3267.98,
            "debt_ratio": 8.84,
            "inventory_turnover_ratio": 0.35,
            "account_receivable_turnover_ratio": 2.66,
            "reinvestment_rate": null,
            "research_to_sale_ratio": 10.89,
            "price_fair": 47.6,
            "eps_avg_yearly": 1.36,
            "eps_latest_yearly": 1.36,
            "eps_growth_yearly": 85.71
        },
        "20114": {
            "year_quarter": 20114,
            "year": 2011,
            "quarter": 4,
            "eps": 0.3,
            "eps_growth_year": null,
            "eps_4q": 0.92,
            "eps_4q_growth_year": null,
            "roe": 2.72,
            "roe_4q": 8.59,
            "gross_profit": 33641,
            "gross_margin": 79.33,
            "gross_margin_4q_avg": 58.33,
            "net_income": 14833,
            "revenue": 42407,
            "common_shares": 497000,
            "book_valuer_per_share": 11.14,
            "book_valuer_per_share_4q_avg": 10.67,
            "equity": 553443,
            "current_ratio": 2705.85,
            "debt_ratio": 9.13,
            "inventory_turnover_ratio": 0.35,
            "account_receivable_turnover_ratio": 2.52,
            "reinvestment_rate": null,
            "research_to_sale_ratio": 10.3,
            "price_fair": 37.54,
            "eps_avg_yearly": 1.28,
            "eps_latest_yearly": 1.2,
            "eps_growth_yearly": 19.33
        },
        "20121": {
            "year_quarter": 20121,
            "year": 2012,
            "quarter": 1,
            "eps": 0.18,
            "eps_growth_year": null,
            "eps_4q": 1.01,
            "eps_4q_growth_year": null,
            "roe": 1.57,
            "roe_4q": 10.16,
            "gross_profit": 29332,
            "gross_margin": 76.26,
            "gross_margin_4q_avg": 77.39,
            "net_income": 9591,
            "revenue": 38463,
            "common_shares": 544630,
            "book_valuer_per_share": 12.12,
            "book_valuer_per_share_4q_avg": 11.15,
            "equity": 672034,
            "current_ratio": 3531.69,
            "debt_ratio": 5.01,
            "inventory_turnover_ratio": 0.38,
            "account_receivable_turnover_ratio": 2.57,
            "reinvestment_rate": null,
            "research_to_sale_ratio": 12.21,
            "price_fair": 3.28,
            "eps_avg_yearly": 1.09,
            "eps_latest_yearly": 0.72,
            "eps_growth_yearly": -40.45
        },
        "20122": {
            "year_quarter": 20122,
            "year": 2012,
            "quarter": 2,
            "eps": -0.05,
            "eps_growth_year": -118.35,
            "eps_4q": 0.71,
            "eps_4q_growth_year": 158.21,
            "roe": -0.41,
            "roe_4q": 7.09,
            "gross_profit": 14051,
            "gross_margin": 65.1,
            "gross_margin_4q_avg": 74.59,
            "net_income": -2690,
            "revenue": 21583,
            "common_shares": 544630,
            "book_valuer_per_share": 11.47,
            "book_valuer_per_share_4q_avg": 11.39,
            "equity": 636764,
            "current_ratio": 1055.99,
            "debt_ratio": 10.26,
            "inventory_turnover_ratio": 0.33,
            "account_receivable_turnover_ratio": 1.51,
            "reinvestment_rate": null,
            "research_to_sale_ratio": 19.07,
            "price_fair": 3.28,
            "eps_avg_yearly": 1.09,
            "eps_latest_yearly": 0.72,
            "eps_growth_yearly": -40.45
        },
        "20123": {
            "year_quarter": 20123,
            "year": 2012,
            "quarter": 3,
            "eps": -0.08,
            "eps_growth_year": -124.1,
            "eps_4q": 0.32,
            "eps_4q_growth_year": -48.96,
            "roe": -0.73,
            "roe_4q": 3.1500000000000004,
            "gross_profit": 9454,
            "gross_margin": 56.58,
            "gross_margin_4q_avg": 69.32,
            "net_income": -4608,
            "revenue": 16709,
            "common_shares": 544630,
            "book_valuer_per_share": 11.38,
            "book_valuer_per_share_4q_avg": 11.53,
            "equity": 631929,
            "current_ratio": 2131.79,
            "debt_ratio": 6.49,
            "inventory_turnover_ratio": 0.27,
            "account_receivable_turnover_ratio": 0.93,
            "reinvestment_rate": null,
            "research_to_sale_ratio": 18.79,
            "price_fair": 3.28,
            "eps_avg_yearly": 1.09,
            "eps_latest_yearly": 0.72,
            "eps_growth_yearly": -40.45
        },
        "20124": {
            "year_quarter": 20124,
            "year": 2012,
            "quarter": 4,
            "eps": 0.25,
            "eps_growth_year": -14.69,
            "eps_4q": 0.3,
            "eps_4q_growth_year": -67.52,
            "roe": 2.17,
            "roe_4q": 2.6,
            "gross_profit": 41857,
            "gross_margin": 67.03,
            "gross_margin_4q_avg": 66.24,
            "net_income": 13864,
            "revenue": 62445,
            "common_shares": 544630,
            "book_valuer_per_share": 11.63,
            "book_valuer_per_share_4q_avg": 11.65,
            "equity": 645430,
            "current_ratio": 2317.82,
            "debt_ratio": 6.5,
            "inventory_turnover_ratio": 0.65,
            "account_receivable_turnover_ratio": 3.22,
            "reinvestment_rate": null,
            "research_to_sale_ratio": 7.66,
            "price_fair": 3.28,
            "eps_avg_yearly": 1.09,
            "eps_latest_yearly": 0.72,
            "eps_growth_yearly": -40.45
        },
        "20131": {
            "year_quarter": 20131,
            "year": 2013,
            "quarter": 1,
            "eps": 0.25,
            "eps_growth_year": 38.89,
            "eps_4q": 0.37,
            "eps_4q_growth_year": -63.76,
            "roe": 2.05,
            "roe_4q": 3.0799999999999996,
            "gross_profit": 34351,
            "gross_margin": 59.02,
            "gross_margin_4q_avg": 61.93,
            "net_income": 13348,
            "revenue": 58200,
            "common_shares": 544630,
            "book_valuer_per_share": 11.89,
            "book_valuer_per_share_4q_avg": 11.59,
            "equity": 659418,
            "current_ratio": 2283.26,
            "debt_ratio": 5.53,
            "inventory_turnover_ratio": 0.71,
            "account_receivable_turnover_ratio": 3.34,
            "reinvestment_rate": null,
            "research_to_sale_ratio": 6.34,
            "price_fair": 3.21,
            "eps_avg_yearly": 1.07,
            "eps_latest_yearly": 1,
            "eps_growth_yearly": -30.34
        },
        "20132": {
            "year_quarter": 20132,
            "year": 2013,
            "quarter": 2,
            "eps": 0.24,
            "eps_growth_year": null,
            "eps_4q": 0.66,
            "eps_4q_growth_year": -7.72,
            "roe": 1.99,
            "roe_4q": 5.48,
            "gross_profit": 37790,
            "gross_margin": 65.2,
            "gross_margin_4q_avg": 61.96,
            "net_income": 12981,
            "revenue": 57956,
            "common_shares": 544630,
            "book_valuer_per_share": 11.67,
            "book_valuer_per_share_4q_avg": 11.64,
            "equity": 647693,
            "current_ratio": 827.11,
            "debt_ratio": 11.83,
            "inventory_turnover_ratio": 0.55,
            "account_receivable_turnover_ratio": 4.11,
            "reinvestment_rate": null,
            "research_to_sale_ratio": 3.75,
            "price_fair": 3.14,
            "eps_avg_yearly": 1.05,
            "eps_latest_yearly": 0.96,
            "eps_growth_yearly": -27.47
        },
        "20133": {
            "year_quarter": 20133,
            "year": 2013,
            "quarter": 3,
            "eps": 0.19,
            "eps_growth_year": null,
            "eps_4q": 0.93,
            "eps_4q_growth_year": 194.99,
            "roe": 1.59,
            "roe_4q": 7.8,
            "gross_profit": 34125,
            "gross_margin": 62.68,
            "gross_margin_4q_avg": 63.48,
            "net_income": 10351,
            "revenue": 54444,
            "common_shares": 544630,
            "book_valuer_per_share": 11.86,
            "book_valuer_per_share_4q_avg": 11.76,
            "equity": 657499,
            "current_ratio": 1908.69,
            "debt_ratio": 6.49,
            "inventory_turnover_ratio": 0.51,
            "account_receivable_turnover_ratio": 5.59,
            "reinvestment_rate": null,
            "research_to_sale_ratio": 5.44,
            "price_fair": 3,
            "eps_avg_yearly": 1,
            "eps_latest_yearly": 0.76,
            "eps_growth_yearly": -36.78
        },
        "20134": {
            "year_quarter": 20134,
            "year": 2013,
            "quarter": 4,
            "eps": 0.21,
            "eps_growth_year": -18.2,
            "eps_4q": 0.88,
            "eps_4q_growth_year": 197,
            "roe": 1.68,
            "roe_4q": 7.31,
            "gross_profit": 32891,
            "gross_margin": 67.11,
            "gross_margin_4q_avg": 63.5,
            "net_income": 11118,
            "revenue": 49007,
            "common_shares": 544630,
            "book_valuer_per_share": 12.09,
            "book_valuer_per_share_4q_avg": 11.88,
            "equity": 669863,
            "current_ratio": 2220.05,
            "debt_ratio": 6.68,
            "inventory_turnover_ratio": 0.4,
            "account_receivable_turnover_ratio": 5.03,
            "reinvestment_rate": null,
            "research_to_sale_ratio": 3.94,
            "price_fair": 2.93,
            "eps_avg_yearly": 0.98,
            "eps_latest_yearly": 0.84,
            "eps_growth_yearly": -25.51
        },
        "20141": {
            "year_quarter": 20141,
            "year": 2014,
            "quarter": 1,
            "eps": 0.11,
            "eps_growth_year": -56,
            "eps_4q": 0.75,
            "eps_4q_growth_year": 104.58,
            "roe": 0.9,
            "roe_4q": 6.16,
            "gross_profit": 33654,
            "gross_margin": 66.02,
            "gross_margin_4q_avg": 65.25,
            "net_income": 6079,
            "revenue": 50979,
            "common_shares": 544630,
            "book_valuer_per_share": 12.21,
            "book_valuer_per_share_4q_avg": 11.96,
            "equity": 676327,
            "current_ratio": 3402.21,
            "debt_ratio": 5.69,
            "inventory_turnover_ratio": 0.46,
            "account_receivable_turnover_ratio": 4.2,
            "reinvestment_rate": null,
            "research_to_sale_ratio": 4.28,
            "price_fair": 2.73,
            "eps_avg_yearly": 0.91,
            "eps_latest_yearly": 0.44,
            "eps_growth_yearly": -46.13
        },
        "20142": {
            "year_quarter": 20142,
            "year": 2014,
            "quarter": 2,
            "eps": -0.01,
            "eps_growth_year": -104.17,
            "eps_4q": 0.51,
            "eps_4q_growth_year": -22.84,
            "roe": -0.05,
            "roe_4q": 4.12,
            "gross_profit": 24886,
            "gross_margin": 64.78,
            "gross_margin_4q_avg": 65.15,
            "net_income": -334,
            "revenue": 38418,
            "common_shares": 544630,
            "book_valuer_per_share": 11.58,
            "book_valuer_per_share_4q_avg": 11.94,
            "equity": 642085,
            "current_ratio": 1129.95,
            "debt_ratio": 10.3,
            "inventory_turnover_ratio": 0.36,
            "account_receivable_turnover_ratio": 2.7,
            "reinvestment_rate": 61.59,
            "research_to_sale_ratio": 5.6,
            "price_fair": 2.73,
            "eps_avg_yearly": 0.91,
            "eps_latest_yearly": 0.44,
            "eps_growth_yearly": -46.13
        },
        "20143": {
            "year_quarter": 20143,
            "year": 2014,
            "quarter": 3,
            "eps": 0.15,
            "eps_growth_year": -21.05,
            "eps_4q": 0.47,
            "eps_4q_growth_year": -49.8,
            "roe": 1.29,
            "roe_4q": 3.8200000000000003,
            "gross_profit": 21907,
            "gross_margin": 57.47,
            "gross_margin_4q_avg": 63.85,
            "net_income": 8315,
            "revenue": 38119,
            "common_shares": 544630,
            "book_valuer_per_share": 11.75,
            "book_valuer_per_share_4q_avg": 11.91,
            "equity": 651312,
            "current_ratio": 3288.09,
            "debt_ratio": 5.76,
            "inventory_turnover_ratio": 0.45,
            "account_receivable_turnover_ratio": 2.77,
            "reinvestment_rate": 56.17,
            "research_to_sale_ratio": 9.4,
            "price_fair": 2.73,
            "eps_avg_yearly": 0.91,
            "eps_latest_yearly": 0.44,
            "eps_growth_yearly": -46.13
        },
        "20144": {
            "year_quarter": 20144,
            "year": 2014,
            "quarter": 4,
            "eps": 0.11,
            "eps_growth_year": -45.84,
            "eps_4q": 0.37,
            "eps_4q_growth_year": -57.97,
            "roe": 0.88,
            "roe_4q": 3.02,
            "gross_profit": 31720,
            "gross_margin": 56.28,
            "gross_margin_4q_avg": 61.14,
            "net_income": 5783,
            "revenue": 56364,
            "common_shares": 544630,
            "book_valuer_per_share": 11.9,
            "book_valuer_per_share_4q_avg": 11.86,
            "equity": 659307,
            "current_ratio": 2778.67,
            "debt_ratio": 6.48,
            "inventory_turnover_ratio": 0.77,
            "account_receivable_turnover_ratio": 3.42,
            "reinvestment_rate": 2.35,
            "research_to_sale_ratio": 24.24,
            "price_fair": 2.57,
            "eps_avg_yearly": 0.86,
            "eps_latest_yearly": 0.44,
            "eps_growth_yearly": -52.86
        },
        "20151": {
            "year_quarter": 20151,
            "year": 2015,
            "quarter": 1,
            "eps": -0.02,
            "eps_growth_year": -118.18,
            "eps_4q": 0.24,
            "eps_4q_growth_year": -68.02,
            "roe": -0.17,
            "roe_4q": 1.95,
            "gross_profit": 23270,
            "gross_margin": 72.62,
            "gross_margin_4q_avg": 62.79,
            "net_income": -1095,
            "revenue": 32042,
            "common_shares": 544630,
            "book_valuer_per_share": 11.86,
            "book_valuer_per_share_4q_avg": 11.77,
            "equity": 657372,
            "current_ratio": 3290.22,
            "debt_ratio": 6.26,
            "inventory_turnover_ratio": 0.27,
            "account_receivable_turnover_ratio": 1.94,
            "reinvestment_rate": 4.01,
            "research_to_sale_ratio": 19.77,
            "price_fair": 2.57,
            "eps_avg_yearly": 0.86,
            "eps_latest_yearly": 0.44,
            "eps_growth_yearly": -52.86
        },
        "20152": {
            "year_quarter": 20152,
            "year": 2015,
            "quarter": 2,
            "eps": -0.24,
            "eps_growth_year": null,
            "eps_4q": 0.01,
            "eps_4q_growth_year": -98.27,
            "roe": -2.06,
            "roe_4q": -0.06000000000000005,
            "gross_profit": 15737,
            "gross_margin": 64.81,
            "gross_margin_4q_avg": 62.8,
            "net_income": -12931,
            "revenue": 24283,
            "common_shares": 544630,
            "book_valuer_per_share": 10.9,
            "book_valuer_per_share_4q_avg": 11.6,
            "equity": 599779,
            "current_ratio": 992.47,
            "debt_ratio": 11.81,
            "inventory_turnover_ratio": 0.24,
            "account_receivable_turnover_ratio": 1.87,
            "reinvestment_rate": 2.9,
            "research_to_sale_ratio": 18.81,
            "price_fair": 2.57,
            "eps_avg_yearly": 0.86,
            "eps_latest_yearly": 0.44,
            "eps_growth_yearly": -52.86
        },
        "20153": {
            "year_quarter": 20153,
            "year": 2015,
            "quarter": 3,
            "eps": -0.17,
            "eps_growth_year": -213.33,
            "eps_4q": -0.32,
            "eps_4q_growth_year": -167.9,
            "roe": -1.57,
            "roe_4q": -2.92,
            "gross_profit": 18483,
            "gross_margin": 48.07,
            "gross_margin_4q_avg": 60.45,
            "net_income": -9266,
            "revenue": 38451,
            "common_shares": 544630,
            "book_valuer_per_share": 10.78,
            "book_valuer_per_share_4q_avg": 11.36,
            "equity": 582119,
            "current_ratio": 2762.53,
            "debt_ratio": 6.93,
            "inventory_turnover_ratio": 0.59,
            "account_receivable_turnover_ratio": 4.2,
            "reinvestment_rate": -3.2,
            "research_to_sale_ratio": 15.07,
            "price_fair": 2.39,
            "eps_avg_yearly": 0.8,
            "eps_latest_yearly": 0.44,
            "eps_growth_yearly": -70.18
        },
        "20154": {
            "year_quarter": 20154,
            "year": 2015,
            "quarter": 4,
            "eps": -0.39,
            "eps_growth_year": -443,
            "eps_4q": -0.82,
            "eps_4q_growth_year": -320.09,
            "roe": -3.66,
            "roe_4q": -7.460000000000001,
            "gross_profit": 9358,
            "gross_margin": 55.45,
            "gross_margin_4q_avg": 60.24,
            "net_income": -20893,
            "revenue": 16877,
            "common_shares": 544630,
            "book_valuer_per_share": 10.34,
            "book_valuer_per_share_4q_avg": 10.97,
            "equity": 558244,
            "current_ratio": 2336.78,
            "debt_ratio": 7.36,
            "inventory_turnover_ratio": 0.26,
            "account_receivable_turnover_ratio": 2.83,
            "reinvestment_rate": -8.68,
            "research_to_sale_ratio": 28.34,
            "price_fair": 2.21,
            "eps_avg_yearly": 0.74,
            "eps_latest_yearly": 0.44,
            "eps_growth_yearly": -73.48
        },
        "20161": {
            "year_quarter": 20161,
            "year": 2016,
            "quarter": 1,
            "eps": 0.06,
            "eps_growth_year": null,
            "eps_4q": -0.74,
            "eps_4q_growth_year": -407.23,
            "roe": 0.58,
            "roe_4q": -6.710000000000001,
            "gross_profit": 23294,
            "gross_margin": 66.96,
            "gross_margin_4q_avg": 58.82,
            "net_income": 3267,
            "revenue": 34790,
            "common_shares": 544630,
            "book_valuer_per_share": 10.4,
            "book_valuer_per_share_4q_avg": 10.61,
            "equity": 561378,
            "current_ratio": 2199.91,
            "debt_ratio": 7.49,
            "inventory_turnover_ratio": 0.42,
            "account_receivable_turnover_ratio": 5.11,
            "reinvestment_rate": -66.73,
            "research_to_sale_ratio": 14.25,
            "price_fair": 2.22,
            "eps_avg_yearly": 0.74,
            "eps_latest_yearly": 0.44,
            "eps_growth_yearly": -59.06
        },
        "20162": {
            "year_quarter": 20162,
            "year": 2016,
            "quarter": 2,
            "eps": -0.33,
            "eps_growth_year": null,
            "eps_4q": -0.83,
            "eps_4q_growth_year": -9559.84,
            "roe": -3.24,
            "roe_4q": -7.890000000000001,
            "gross_profit": 12076,
            "gross_margin": 55.24,
            "gross_margin_4q_avg": 56.43,
            "net_income": -17855,
            "revenue": 21860,
            "common_shares": 544630,
            "book_valuer_per_share": 10.03,
            "book_valuer_per_share_4q_avg": 10.39,
            "equity": 541921,
            "current_ratio": 3180.44,
            "debt_ratio": 6.34,
            "inventory_turnover_ratio": 0.37,
            "account_receivable_turnover_ratio": 2.88,
            "reinvestment_rate": -216.85,
            "research_to_sale_ratio": 30.35,
            "price_fair": 2.22,
            "eps_avg_yearly": 0.74,
            "eps_latest_yearly": 0.44,
            "eps_growth_yearly": -59.06
        },
        "20163": {
            "year_quarter": 20163,
            "year": 2016,
            "quarter": 3,
            "eps": 0.07,
            "eps_growth_year": null,
            "eps_4q": -0.58,
            "eps_4q_growth_year": null,
            "roe": 0.74,
            "roe_4q": -5.58,
            "gross_profit": 27019,
            "gross_margin": 58.02,
            "gross_margin_4q_avg": 58.92,
            "net_income": 3990,
            "revenue": 46565,
            "common_shares": 544630,
            "book_valuer_per_share": 10.07,
            "book_valuer_per_share_4q_avg": 10.21,
            "equity": 543800,
            "current_ratio": 2986.35,
            "debt_ratio": 6.85,
            "inventory_turnover_ratio": 0.75,
            "account_receivable_turnover_ratio": 5.55,
            "reinvestment_rate": -436.58,
            "research_to_sale_ratio": 5.92,
            "price_fair": 2.22,
            "eps_avg_yearly": 0.74,
            "eps_latest_yearly": 0.44,
            "eps_growth_yearly": -59.06
        },
        "20164": {
            "year_quarter": 20164,
            "year": 2016,
            "quarter": 4,
            "eps": 0.23,
            "eps_growth_year": null,
            "eps_4q": 0.03,
            "eps_4q_growth_year": null,
            "roe": 2.25,
            "roe_4q": 0.32999999999999996,
            "gross_profit": 36754,
            "gross_margin": 70.25,
            "gross_margin_4q_avg": 62.62,
            "net_income": 12342,
            "revenue": 52319,
            "common_shares": 544630,
            "book_valuer_per_share": 10.28,
            "book_valuer_per_share_4q_avg": 10.2,
            "equity": 555291,
            "current_ratio": 2531.18,
            "debt_ratio": 7.06,
            "inventory_turnover_ratio": 0.62,
            "account_receivable_turnover_ratio": 6.37,
            "reinvestment_rate": -363.2,
            "research_to_sale_ratio": 9.92,
            "price_fair": 26.8,
            "eps_avg_yearly": 0.77,
            "eps_latest_yearly": 0.92,
            "eps_growth_yearly": 79.99
        },
        "20171": {
            "year_quarter": 20171,
            "year": 2017,
            "quarter": 1,
            "eps": 0.06,
            "eps_growth_year": 0,
            "eps_4q": 0.03,
            "eps_4q_growth_year": null,
            "roe": 0.61,
            "roe_4q": 0.35999999999999943,
            "gross_profit": 29397,
            "gross_margin": 68.15,
            "gross_margin_4q_avg": 62.92,
            "net_income": 3383,
            "revenue": 43134,
            "common_shares": 544630,
            "book_valuer_per_share": 10.25,
            "book_valuer_per_share_4q_avg": 10.16,
            "equity": 553723,
            "current_ratio": 2506.62,
            "debt_ratio": 7.09,
            "inventory_turnover_ratio": 0.62,
            "account_receivable_turnover_ratio": 2.65,
            "reinvestment_rate": -595.83,
            "research_to_sale_ratio": 5.99,
            "price_fair": 23,
            "eps_avg_yearly": 0.66,
            "eps_latest_yearly": 0.24,
            "eps_growth_yearly": 37.75
        },
        "20172": {
            "year_quarter": 20172,
            "year": 2017,
            "quarter": 2,
            "eps": 0.08,
            "eps_growth_year": null,
            "eps_4q": 0.44,
            "eps_4q_growth_year": null,
            "roe": 0.75,
            "roe_4q": 4.35,
            "gross_profit": 35023,
            "gross_margin": 76.9,
            "gross_margin_4q_avg": 68.33,
            "net_income": 4186,
            "revenue": 45544,
            "common_shares": 544630,
            "book_valuer_per_share": 10.39,
            "book_valuer_per_share_4q_avg": 10.25,
            "equity": 561036,
            "current_ratio": 2325.69,
            "debt_ratio": 7.51,
            "inventory_turnover_ratio": 0.47,
            "account_receivable_turnover_ratio": 2.33,
            "reinvestment_rate": -1300.92,
            "research_to_sale_ratio": 5.56,
            "price_fair": 19.8,
            "eps_avg_yearly": 0.57,
            "eps_latest_yearly": 0.32,
            "eps_growth_yearly": 59.09
        },
        "20173": {
            "year_quarter": 20173,
            "year": 2017,
            "quarter": 3,
            "eps": 0.08,
            "eps_growth_year": 14.29,
            "eps_4q": 0.44,
            "eps_4q_growth_year": null,
            "roe": 0.72,
            "roe_4q": 4.33,
            "gross_profit": 33043,
            "gross_margin": 68.74,
            "gross_margin_4q_avg": 71.01,
            "net_income": 4086,
            "revenue": 48071,
            "common_shares": 544630,
            "book_valuer_per_share": 10.5,
            "book_valuer_per_share_4q_avg": 10.36,
            "equity": 566963,
            "current_ratio": 2358.37,
            "debt_ratio": 9.17,
            "inventory_turnover_ratio": 0.64,
            "account_receivable_turnover_ratio": 3.7,
            "reinvestment_rate": -11411.89,
            "research_to_sale_ratio": 7.5,
            "price_fair": 17.6,
            "eps_avg_yearly": 0.5,
            "eps_latest_yearly": 0.32,
            "eps_growth_yearly": 70.99
        },
        "20174": {
            "year_quarter": 20174,
            "year": 2017,
            "quarter": 4,
            "eps": 0.09,
            "eps_growth_year": -60.47,
            "eps_4q": 0.31,
            "eps_4q_growth_year": 848.05,
            "roe": 0.86,
            "roe_4q": 2.94,
            "gross_profit": 40112,
            "gross_margin": 75.15,
            "gross_margin_4q_avg": 72.24,
            "net_income": 4879,
            "revenue": 53379,
            "common_shares": 544630,
            "book_valuer_per_share": 10.6,
            "book_valuer_per_share_4q_avg": 10.44,
            "equity": 572703,
            "current_ratio": 1760.31,
            "debt_ratio": 13.35,
            "inventory_turnover_ratio": 0.61,
            "account_receivable_turnover_ratio": 4.1,
            "reinvestment_rate": null,
            "research_to_sale_ratio": 5.81,
            "price_fair": 15.2,
            "eps_avg_yearly": 0.43,
            "eps_latest_yearly": 0.36,
            "eps_growth_yearly": 72.12
        },
        "20181": {
            "year_quarter": 20181,
            "year": 2018,
            "quarter": 1,
            "eps": 0.28,
            "eps_growth_year": 366.67,
            "eps_4q": 0.53,
            "eps_4q_growth_year": 1430.43,
            "roe": 2.63,
            "roe_4q": 4.96,
            "gross_profit": 39399,
            "gross_margin": 74.33,
            "gross_margin_4q_avg": 73.78,
            "net_income": 15315,
            "revenue": 53006,
            "common_shares": 544630,
            "book_valuer_per_share": 10.95,
            "book_valuer_per_share_4q_avg": 10.61,
            "equity": 591130,
            "current_ratio": 2802.36,
            "debt_ratio": 11.76,
            "inventory_turnover_ratio": 0.64,
            "account_receivable_turnover_ratio": 4.03,
            "reinvestment_rate": -2609.28,
            "research_to_sale_ratio": 5.41,
            "price_fair": 18.6,
            "eps_avg_yearly": 0.53,
            "eps_latest_yearly": 1.12,
            "eps_growth_yearly": 219.96
        },
        "20182": {
            "year_quarter": 20182,
            "year": 2018,
            "quarter": 2,
            "eps": 0.29,
            "eps_growth_year": 262.5,
            "eps_4q": 0.73,
            "eps_4q_growth_year": 65.97,
            "roe": 2.63,
            "roe_4q": 6.84,
            "gross_profit": 56244,
            "gross_margin": 75.32,
            "gross_margin_4q_avg": 73.39,
            "net_income": 15725,
            "revenue": 74675,
            "common_shares": 544630,
            "book_valuer_per_share": 11.13,
            "book_valuer_per_share_4q_avg": 10.8,
            "equity": 606387,
            "current_ratio": 772.39,
            "debt_ratio": 15.06,
            "inventory_turnover_ratio": 0.88,
            "account_receivable_turnover_ratio": 6.05,
            "reinvestment_rate": -473.84,
            "research_to_sale_ratio": 8.42,
            "price_fair": 21.35,
            "eps_avg_yearly": 0.61,
            "eps_latest_yearly": 1.16,
            "eps_growth_yearly": 194.25
        },
        "20183": {
            "year_quarter": 20183,
            "year": 2018,
            "quarter": 3,
            "eps": 0.25,
            "eps_growth_year": 212.5,
            "eps_4q": 0.91,
            "eps_4q_growth_year": 105.12,
            "roe": 2.25,
            "roe_4q": 8.37,
            "gross_profit": 61219,
            "gross_margin": 78.8,
            "gross_margin_4q_avg": 75.9,
            "net_income": 13723,
            "revenue": 77693,
            "common_shares": 544630,
            "book_valuer_per_share": 11.31,
            "book_valuer_per_share_4q_avg": 11,
            "equity": 615869,
            "current_ratio": 946.26,
            "debt_ratio": 13.04,
            "inventory_turnover_ratio": 0.78,
            "account_receivable_turnover_ratio": 6.17,
            "reinvestment_rate": -366.51,
            "research_to_sale_ratio": 5.36,
            "price_fair": 22.87,
            "eps_avg_yearly": 0.65,
            "eps_latest_yearly": 1,
            "eps_growth_yearly": 166.54
        },
        "20184": {
            "year_quarter": 20184,
            "year": 2018,
            "quarter": 4,
            "eps": 0.55,
            "eps_growth_year": 507.54,
            "eps_4q": 1.37,
            "eps_4q_growth_year": 347.73,
            "roe": 4.73,
            "roe_4q": 12.239999999999998,
            "gross_profit": 83454,
            "gross_margin": 84.56,
            "gross_margin_4q_avg": 78.25,
            "net_income": 29894,
            "revenue": 98694,
            "common_shares": 544630,
            "book_valuer_per_share": 11.9,
            "book_valuer_per_share_4q_avg": 11.32,
            "equity": 648010,
            "current_ratio": 810.99,
            "debt_ratio": 14.5,
            "inventory_turnover_ratio": 0.68,
            "account_receivable_turnover_ratio": 7.73,
            "reinvestment_rate": -179.6,
            "research_to_sale_ratio": 6.27,
            "price_fair": 29.71,
            "eps_avg_yearly": 0.85,
            "eps_latest_yearly": 2.2,
            "eps_growth_yearly": 231.72
        },
        "20191": {
            "year_quarter": 20191,
            "year": 2019,
            "quarter": 1,
            "eps": 0.42,
            "eps_growth_year": 50,
            "eps_4q": 1.51,
            "eps_4q_growth_year": 185.68,
            "roe": 3.42,
            "roe_4q": 13.030000000000001,
            "gross_profit": 82068,
            "gross_margin": 85.94,
            "gross_margin_4q_avg": 81.16,
            "net_income": 22672,
            "revenue": 95497,
            "common_shares": 544630,
            "book_valuer_per_share": 12.42,
            "book_valuer_per_share_4q_avg": 11.69,
            "equity": 676174,
            "current_ratio": 821.64,
            "debt_ratio": 28.16,
            "inventory_turnover_ratio": 0.51,
            "account_receivable_turnover_ratio": 7.67,
            "reinvestment_rate": -112.86,
            "research_to_sale_ratio": 7.43,
            "price_fair": 32.62,
            "eps_avg_yearly": 0.93,
            "eps_latest_yearly": 1.68,
            "eps_growth_yearly": 199.1
        },
        "20192": {
            "year_quarter": 20192,
            "year": 2019,
            "quarter": 2,
            "eps": 0.61,
            "eps_growth_year": 110.34,
            "eps_4q": 1.83,
            "eps_4q_growth_year": 148.64,
            "roe": 5.05,
            "roe_4q": 15.45,
            "gross_profit": 137652,
            "gross_margin": 88.77,
            "gross_margin_4q_avg": 84.52,
            "net_income": 33181,
            "revenue": 155074,
            "common_shares": 544630,
            "book_valuer_per_share": 11.71,
            "book_valuer_per_share_4q_avg": 11.84,
            "equity": 637652,
            "current_ratio": 339.11,
            "debt_ratio": 36.99,
            "inventory_turnover_ratio": 0.55,
            "account_receivable_turnover_ratio": 9.79,
            "reinvestment_rate": -67.98,
            "research_to_sale_ratio": 3.61,
            "price_fair": 37.42,
            "eps_avg_yearly": 1.07,
            "eps_latest_yearly": 2.44,
            "eps_growth_yearly": 197.45
        },
        "20193": {
            "year_quarter": 20193,
            "year": 2019,
            "quarter": 3,
            "eps": 1.08,
            "eps_growth_year": 332,
            "eps_4q": 2.65,
            "eps_4q_growth_year": 191.18,
            "roe": 8.84,
            "roe_4q": 22.040000000000003,
            "gross_profit": 167531,
            "gross_margin": 88.34,
            "gross_margin_4q_avg": 86.9,
            "net_income": 58801,
            "revenue": 189643,
            "common_shares": 544630,
            "book_valuer_per_share": 12.71,
            "book_valuer_per_share_4q_avg": 12.19,
            "equity": 692482,
            "current_ratio": 473.75,
            "debt_ratio": 30.66,
            "inventory_turnover_ratio": 0.61,
            "account_receivable_turnover_ratio": 8.35,
            "reinvestment_rate": -38.33,
            "research_to_sale_ratio": 3.04,
            "price_fair": 46.9,
            "eps_avg_yearly": 1.34,
            "eps_latest_yearly": 4.32,
            "eps_growth_yearly": 206.68
        },
        "20194": {
            "year_quarter": 20194,
            "year": 2019,
            "quarter": 4,
            "eps": -0.26,
            "eps_growth_year": -147.52,
            "eps_4q": 1.84,
            "eps_4q_growth_year": 34.54,
            "roe": -2.08,
            "roe_4q": 15.229999999999999,
            "gross_profit": 126924,
            "gross_margin": 82.46,
            "gross_margin_4q_avg": 86.38,
            "net_income": -14207,
            "revenue": 153931,
            "common_shares": 544630,
            "book_valuer_per_share": 12.43,
            "book_valuer_per_share_4q_avg": 12.32,
            "equity": 676828,
            "current_ratio": 299.58,
            "debt_ratio": 39.17,
            "inventory_turnover_ratio": 0.68,
            "account_receivable_turnover_ratio": 6.61,
            "reinvestment_rate": -34.51,
            "research_to_sale_ratio": 2.71,
            "price_fair": 46.9,
            "eps_avg_yearly": 1.34,
            "eps_latest_yearly": 4.32,
            "eps_growth_yearly": 206.68
        },
        "20201": {
            "year_quarter": 20201,
            "year": 2020,
            "quarter": 1,
            "eps": 1.03,
            "eps_growth_year": 145.24,
            "eps_4q": 2.46,
            "eps_4q_growth_year": 63.48,
            "roe": 8.02,
            "roe_4q": 19.83,
            "gross_profit": 150884,
            "gross_margin": 88.29,
            "gross_margin_4q_avg": 86.97,
            "net_income": 56302,
            "revenue": 170890,
            "common_shares": 544630,
            "book_valuer_per_share": 13.36,
            "book_valuer_per_share_4q_avg": 12.55,
            "equity": 727638,
            "current_ratio": 498.55,
            "debt_ratio": 27.24,
            "inventory_turnover_ratio": 0.49,
            "account_receivable_turnover_ratio": 11.74,
            "reinvestment_rate": -26.35,
            "research_to_sale_ratio": 2.95,
            "price_fair": 46.9,
            "eps_avg_yearly": 1.34,
            "eps_latest_yearly": 4.32,
            "eps_growth_yearly": 206.68
        },
        "20202": {
            "year_quarter": 20202,
            "year": 2020,
            "quarter": 2,
            "eps": 1.12,
            "eps_growth_year": 83.61,
            "eps_4q": 2.97,
            "eps_4q_growth_year": 62.74,
            "roe": 8.51,
            "roe_4q": 23.29,
            "gross_profit": 174018,
            "gross_margin": 88.73,
            "gross_margin_4q_avg": 86.96,
            "net_income": 60978,
            "revenue": 196128,
            "common_shares": 544630,
            "book_valuer_per_share": 12.97,
            "book_valuer_per_share_4q_avg": 12.87,
            "equity": 706228,
            "current_ratio": 295.71,
            "debt_ratio": 39.69,
            "inventory_turnover_ratio": 0.55,
            "account_receivable_turnover_ratio": 18.16,
            "reinvestment_rate": -18.15,
            "research_to_sale_ratio": 3.15,
            "price_fair": 55.35,
            "eps_avg_yearly": 1.58,
            "eps_latest_yearly": 4.48,
            "eps_growth_yearly": 193.47
        },
        "20203": {
            "year_quarter": 20203,
            "year": 2020,
            "quarter": 3,
            "eps": 0.35,
            "eps_growth_year": -67.59,
            "eps_4q": 2.24,
            "eps_4q_growth_year": -15.62,
            "roe": 2.64,
            "roe_4q": 17.090000000000003,
            "gross_profit": 125479,
            "gross_margin": 65.02,
            "gross_margin_4q_avg": 81.13,
            "net_income": 18903,
            "revenue": 193000,
            "common_shares": 544630,
            "book_valuer_per_share": 13.37,
            "book_valuer_per_share_4q_avg": 13.03,
            "equity": 728361,
            "current_ratio": 262.64,
            "debt_ratio": 41,
            "inventory_turnover_ratio": 1.53,
            "account_receivable_turnover_ratio": 16.3,
            "reinvestment_rate": 17.66,
            "research_to_sale_ratio": 1.06,
            "price_fair": 54.9,
            "eps_avg_yearly": 1.57,
            "eps_latest_yearly": 1.4,
            "eps_growth_yearly": 160.01
        },
        "20204": {
            "year_quarter": 20204,
            "year": 2020,
            "quarter": 4,
            "eps": 1.87,
            "eps_growth_year": null,
            "eps_4q": 4.37,
            "eps_4q_growth_year": 137.02,
            "roe": 12.6,
            "roe_4q": 31.77,
            "gross_profit": 250822,
            "gross_margin": 84.78,
            "gross_margin_4q_avg": 81.71,
            "net_income": 101894,
            "revenue": 295833,
            "common_shares": 544630,
            "book_valuer_per_share": 16.32,
            "book_valuer_per_share_4q_avg": 14.01,
            "equity": 888838,
            "current_ratio": 327.84,
            "debt_ratio": 34.84,
            "inventory_turnover_ratio": 1.23,
            "account_receivable_turnover_ratio": 33.54,
            "reinvestment_rate": 32.32,
            "research_to_sale_ratio": 1.44,
            "price_fair": 71.3,
            "eps_avg_yearly": 2.04,
            "eps_latest_yearly": 7.48,
            "eps_growth_yearly": 218.78
        },
        "20211": {
            "year_quarter": 20211,
            "year": 2021,
            "quarter": 1,
            "eps": 1.16,
            "eps_growth_year": 12.62,
            "eps_4q": 4.49,
            "eps_4q_growth_year": 82.51,
            "roe": 6.84,
            "roe_4q": 30.589999999999996,
            "gross_profit": 243317,
            "gross_margin": 91.11,
            "gross_margin_4q_avg": 82.41,
            "net_income": 62935,
            "revenue": 267047,
            "common_shares": 544630,
            "book_valuer_per_share": 17.45,
            "book_valuer_per_share_4q_avg": 15.03,
            "equity": 950168,
            "current_ratio": 322.44,
            "debt_ratio": 33.21,
            "inventory_turnover_ratio": 0.82,
            "account_receivable_turnover_ratio": 40.51,
            "reinvestment_rate": 32.21,
            "research_to_sale_ratio": 1.65,
            "price_fair": 82.3,
            "eps_avg_yearly": 2.35,
            "eps_latest_yearly": 4.64,
            "eps_growth_yearly": 229.05
        },
        "20212": {
            "year_quarter": 20212,
            "year": 2021,
            "quarter": 2,
            "eps": 0.81,
            "eps_growth_year": -27.68,
            "eps_4q": 4.19,
            "eps_4q_growth_year": 41.01,
            "roe": 4.58,
            "roe_4q": 26.66,
            "gross_profit": 200955,
            "gross_margin": 85.61,
            "gross_margin_4q_avg": 81.63,
            "net_income": 44522,
            "revenue": 234735,
            "common_shares": 544630,
            "book_valuer_per_share": 18.24,
            "book_valuer_per_share_4q_avg": 16.35,
            "equity": 993326,
            "current_ratio": 297.99,
            "debt_ratio": 32.43,
            "inventory_turnover_ratio": 0.9,
            "account_receivable_turnover_ratio": 54.91,
            "reinvestment_rate": 32.8,
            "research_to_sale_ratio": 2.76,
            "price_fair": 89.6,
            "eps_avg_yearly": 2.56,
            "eps_latest_yearly": 3.24,
            "eps_growth_yearly": 210.91
        },
        "20213": {
            "year_quarter": 20213,
            "year": 2021,
            "quarter": 3,
            "eps": 0.76,
            "eps_growth_year": 117.14,
            "eps_4q": 4.61,
            "eps_4q_growth_year": 105.75,
            "roe": 4.34,
            "roe_4q": 28.36,
            "gross_profit": 211896,
            "gross_margin": 83.95,
            "gross_margin_4q_avg": 86.36,
            "net_income": 41617,
            "revenue": 252394,
            "common_shares": 544630,
            "book_valuer_per_share": 16.99,
            "book_valuer_per_share_4q_avg": 17.25,
            "equity": 925497,
            "current_ratio": 205.41,
            "debt_ratio": 39.52,
            "inventory_turnover_ratio": 0.85,
            "account_receivable_turnover_ratio": 110.48,
            "reinvestment_rate": 47.04,
            "research_to_sale_ratio": 2.35,
            "price_fair": 96.4,
            "eps_avg_yearly": 2.75,
            "eps_latest_yearly": 3.04,
            "eps_growth_yearly": 209.14
        },
        "20214": {
            "year_quarter": 20214,
            "year": 2021,
            "quarter": 4,
            "eps": 1.77,
            "eps_growth_year": -5.23,
            "eps_4q": 4.51,
            "eps_4q_growth_year": 3.18,
            "roe": 9.91,
            "roe_4q": 25.669999999999998,
            "gross_profit": 238279,
            "gross_margin": 84.65,
            "gross_margin_4q_avg": 86.33,
            "net_income": 96568,
            "revenue": 281483,
            "common_shares": 544630,
            "book_valuer_per_share": 18.79,
            "book_valuer_per_share_4q_avg": 17.87,
            "equity": 1023577,
            "current_ratio": 235.84,
            "debt_ratio": 31.03,
            "inventory_turnover_ratio": 0.8,
            "account_receivable_turnover_ratio": 106.38,
            "reinvestment_rate": 49.04,
            "research_to_sale_ratio": 2.78,
            "price_fair": 113.2,
            "eps_avg_yearly": 3.23,
            "eps_latest_yearly": 7.08,
            "eps_growth_yearly": 243.54
        },
        "20221": {
            "year_quarter": 20221,
            "year": 2022,
            "quarter": 1,
            "eps": 2.44,
            "eps_growth_year": 110.34,
            "eps_4q": 5.8,
            "eps_4q_growth_year": 29,
            "roe": 12.14,
            "roe_4q": 30.97,
            "gross_profit": 277358,
            "gross_margin": 85.4,
            "gross_margin_4q_avg": 84.9,
            "net_income": 132957,
            "revenue": 324765,
            "common_shares": 544630,
            "book_valuer_per_share": 21.43,
            "book_valuer_per_share_4q_avg": 18.86,
            "equity": 1167371,
            "current_ratio": 274.48,
            "debt_ratio": 28.26,
            "inventory_turnover_ratio": 0.86,
            "account_receivable_turnover_ratio": 171.11,
            "reinvestment_rate": 54.25,
            "research_to_sale_ratio": 1.05,
            "price_fair": 134.8,
            "eps_avg_yearly": 3.85,
            "eps_latest_yearly": 9.76,
            "eps_growth_yearly": 194.04
        },
        "20222": {
            "year_quarter": 20222,
            "year": 2022,
            "quarter": 2,
            "eps": 2.55,
            "eps_growth_year": 214.81,
            "eps_4q": 7.53,
            "eps_4q_growth_year": 79.69,
            "roe": 12.48,
            "roe_4q": 38.870000000000005,
            "gross_profit": 277863,
            "gross_margin": 86.31,
            "gross_margin_4q_avg": 85.08,
            "net_income": 139008,
            "revenue": 321949,
            "common_shares": 544630,
            "book_valuer_per_share": 19.45,
            "book_valuer_per_share_4q_avg": 19.17,
            "equity": 1059457,
            "current_ratio": 167.72,
            "debt_ratio": 38.97,
            "inventory_turnover_ratio": 0.71,
            "account_receivable_turnover_ratio": 359.32,
            "reinvestment_rate": 51.68,
            "research_to_sale_ratio": 1.02,
            "price_fair": 157.4,
            "eps_avg_yearly": 4.5,
            "eps_latest_yearly": 10.2,
            "eps_growth_yearly": 194.31
        },
        "20223": {
            "year_quarter": 20223,
            "year": 2022,
            "quarter": 3,
            "eps": 2.52,
            "eps_growth_year": 231.58,
            "eps_4q": 9.29,
            "eps_4q_growth_year": 101.56,
            "roe": 12.15,
            "roe_4q": 46.68000000000001,
            "gross_profit": 305080,
            "gross_margin": 83.91,
            "gross_margin_4q_avg": 85.07,
            "net_income": 137315,
            "revenue": 363591,
            "common_shares": 544630,
            "book_valuer_per_share": 22.04,
            "book_valuer_per_share_4q_avg": 20.43,
            "equity": 1200371,
            "current_ratio": 250.07,
            "debt_ratio": 27.38,
            "inventory_turnover_ratio": 0.81,
            "account_receivable_turnover_ratio": 245.92,
            "reinvestment_rate": 48.21,
            "research_to_sale_ratio": 1.03,
            "price_fair": 180.1,
            "eps_avg_yearly": 5.15,
            "eps_latest_yearly": 10.08,
            "eps_growth_yearly": 197.91
        },
        "20224": {
            "year_quarter": 20224,
            "year": 2022,
            "quarter": 4,
            "eps": 2.29,
            "eps_growth_year": 28.98,
            "eps_4q": 9.8,
            "eps_4q_growth_year": 117.32,
            "roe": 9.86,
            "roe_4q": 46.629999999999995,
            "gross_profit": 332499,
            "gross_margin": 85.31,
            "gross_margin_4q_avg": 85.23,
            "net_income": 124552,
            "revenue": 389769,
            "common_shares": 544630,
            "book_valuer_per_share": 24.33,
            "book_valuer_per_share_4q_avg": 21.81,
            "equity": 1325277,
            "current_ratio": 277.78,
            "debt_ratio": 26.1,
            "inventory_turnover_ratio": 0.76,
            "account_receivable_turnover_ratio": 245.14,
            "reinvestment_rate": 47.05,
            "research_to_sale_ratio": 1.93,
            "price_fair": 197.5,
            "eps_avg_yearly": 5.64,
            "eps_latest_yearly": 9.16,
            "eps_growth_yearly": 161.02
        },
        "20231": {
            "year_quarter": 20231,
            "year": 2023,
            "quarter": 1,
            "eps": 2.35,
            "eps_growth_year": -3.69,
            "eps_4q": 9.71,
            "eps_4q_growth_year": 67.6,
            "roe": 9.23,
            "roe_4q": 43.72,
            "gross_profit": 338964,
            "gross_margin": 86.23,
            "gross_margin_4q_avg": 85.44,
            "net_income": 128174,
            "revenue": 393087,
            "common_shares": 544630,
            "book_valuer_per_share": 26.68,
            "book_valuer_per_share_4q_avg": 23.13,
            "equity": 1453079,
            "current_ratio": 253.43,
            "debt_ratio": 27.37,
            "inventory_turnover_ratio": 0.72,
            "account_receivable_turnover_ratio": 170.76,
            "reinvestment_rate": 42.27,
            "research_to_sale_ratio": 1.48,
            "price_fair": 216.8,
            "eps_avg_yearly": 6.19,
            "eps_latest_yearly": 9.4,
            "eps_growth_yearly": 168.52
        }
    },
    "months": {
        "2010-01": {
            "month": "2010-01",
            "price": "36.94",
            "revenue": 14879
        },
        "2010-02": {
            "month": "2010-02",
            "price": "37.16",
            "revenue": 14326
        },
        "2010-03": {
            "month": "2010-03",
            "price": "48.43",
            "revenue": 17147
        },
        "2010-04": {
            "month": "2010-04",
            "price": "53.93",
            "revenue": 15571
        },
        "2010-05": {
            "month": "2010-05",
            "price": "50.25",
            "revenue": 4134
        },
        "2010-06": {
            "month": "2010-06",
            "price": "43.02",
            "revenue": 1525
        },
        "2010-07": {
            "month": "2010-07",
            "price": "41.10",
            "revenue": 4646
        },
        "2010-08": {
            "month": "2010-08",
            "price": "42.42",
            "revenue": 4927
        },
        "2010-09": {
            "month": "2010-09",
            "price": "39.70",
            "revenue": 8159
        },
        "2010-10": {
            "month": "2010-10",
            "price": "33.34",
            "revenue": 9510
        },
        "2010-11": {
            "month": "2010-11",
            "price": "29.37",
            "revenue": 11306
        },
        "2010-12": {
            "month": "2010-12",
            "price": "30.20",
            "revenue": 14098
        },
        "2011-01": {
            "month": "2011-01",
            "price": "30.71",
            "revenue": 13071
        },
        "2011-02": {
            "month": "2011-02",
            "price": "32.74",
            "revenue": 9639
        },
        "2011-03": {
            "month": "2011-03",
            "price": "34.55",
            "revenue": 9949
        },
        "2011-04": {
            "month": "2011-04",
            "price": "33.84",
            "revenue": 11012
        },
        "2011-05": {
            "month": "2011-05",
            "price": "34.96",
            "revenue": 10566
        },
        "2011-06": {
            "month": "2011-06",
            "price": "33.25",
            "revenue": 10145
        },
        "2011-07": {
            "month": "2011-07",
            "price": "32.63",
            "revenue": 11094
        },
        "2011-08": {
            "month": "2011-08",
            "price": "31.61",
            "revenue": 13479
        },
        "2011-09": {
            "month": "2011-09",
            "price": "31.01",
            "revenue": 13042
        },
        "2011-10": {
            "month": "2011-10",
            "price": "29.67",
            "revenue": 14017
        },
        "2011-11": {
            "month": "2011-11",
            "price": "30.01",
            "revenue": 14719
        },
        "2011-12": {
            "month": "2011-12",
            "price": "28.05",
            "revenue": 15040
        },
        "2012-01": {
            "month": "2012-01",
            "price": "34.72",
            "revenue": 14839
        },
        "2012-02": {
            "month": "2012-02",
            "price": "43.86",
            "revenue": 11122
        },
        "2012-03": {
            "month": "2012-03",
            "price": "42.12",
            "revenue": 12209
        },
        "2012-04": {
            "month": "2012-04",
            "price": "40.18",
            "revenue": 12004
        },
        "2012-05": {
            "month": "2012-05",
            "price": "35.27",
            "revenue": 4192
        },
        "2012-06": {
            "month": "2012-06",
            "price": "28.61",
            "revenue": 4438
        },
        "2012-07": {
            "month": "2012-07",
            "price": "27.85",
            "revenue": 7058
        },
        "2012-08": {
            "month": "2012-08",
            "price": "29.14",
            "revenue": 9436
        },
        "2012-09": {
            "month": "2012-09",
            "price": "30.71",
            "revenue": 9000
        },
        "2012-10": {
            "month": "2012-10",
            "price": "30.44",
            "revenue": 10378
        },
        "2012-11": {
            "month": "2012-11",
            "price": "25.58",
            "revenue": 10825
        },
        "2012-12": {
            "month": "2012-12",
            "price": "30.37",
            "revenue": 13247
        },
        "2013-01": {
            "month": "2013-01",
            "price": "34.55",
            "revenue": 14835
        },
        "2013-02": {
            "month": "2013-02",
            "price": "36.54",
            "revenue": 17553
        },
        "2013-03": {
            "month": "2013-03",
            "price": "40.52",
            "revenue": 19576
        },
        "2013-04": {
            "month": "2013-04",
            "price": "37.01",
            "revenue": 19254
        },
        "2013-05": {
            "month": "2013-05",
            "price": "37.59",
            "revenue": 15781
        },
        "2013-06": {
            "month": "2013-06",
            "price": "38.14",
            "revenue": 22838
        },
        "2013-07": {
            "month": "2013-07",
            "price": "39.45",
            "revenue": 22691
        },
        "2013-08": {
            "month": "2013-08",
            "price": "38.31",
            "revenue": 15330
        },
        "2013-09": {
            "month": "2013-09",
            "price": "39.01",
            "revenue": 16434
        },
        "2013-10": {
            "month": "2013-10",
            "price": "43.43",
            "revenue": 15204
        },
        "2013-11": {
            "month": "2013-11",
            "price": "40.48",
            "revenue": 15446
        },
        "2013-12": {
            "month": "2013-12",
            "price": "38.06",
            "revenue": 18483
        },
        "2014-01": {
            "month": "2014-01",
            "price": "36.08",
            "revenue": 16762
        },
        "2014-02": {
            "month": "2014-02",
            "price": "36.96",
            "revenue": 16509
        },
        "2014-03": {
            "month": "2014-03",
            "price": "36.91",
            "revenue": 17721
        },
        "2014-04": {
            "month": "2014-04",
            "price": "34.81",
            "revenue": 11561
        },
        "2014-05": {
            "month": "2014-05",
            "price": "33.14",
            "revenue": 17979
        },
        "2014-06": {
            "month": "2014-06",
            "price": "37.43",
            "revenue": 8972
        },
        "2014-07": {
            "month": "2014-07",
            "price": "36.97",
            "revenue": 9136
        },
        "2014-08": {
            "month": "2014-08",
            "price": "31.13",
            "revenue": 12571
        },
        "2014-09": {
            "month": "2014-09",
            "price": "28.93",
            "revenue": 16458
        },
        "2014-10": {
            "month": "2014-10",
            "price": "27.82",
            "revenue": 15882
        },
        "2014-11": {
            "month": "2014-11",
            "price": "25.81",
            "revenue": 17329
        },
        "2014-12": {
            "month": "2014-12",
            "price": "28.13",
            "revenue": 23483
        },
        "2015-01": {
            "month": "2015-01",
            "price": "27.72",
            "revenue": 14091
        },
        "2015-02": {
            "month": "2015-02",
            "price": "27.60",
            "revenue": 10199
        },
        "2015-03": {
            "month": "2015-03",
            "price": "26.86",
            "revenue": 7771
        },
        "2015-04": {
            "month": "2015-04",
            "price": "26.22",
            "revenue": 9173
        },
        "2015-05": {
            "month": "2015-05",
            "price": "23.98",
            "revenue": 10138
        },
        "2015-06": {
            "month": "2015-06",
            "price": "23.90",
            "revenue": 4953
        },
        "2015-07": {
            "month": "2015-07",
            "price": "24.87",
            "revenue": 13266
        },
        "2015-08": {
            "month": "2015-08",
            "price": "24.15",
            "revenue": 11869
        },
        "2015-09": {
            "month": "2015-09",
            "price": "25.52",
            "revenue": 14684
        },
        "2015-10": {
            "month": "2015-10",
            "price": "28.23",
            "revenue": 3131
        },
        "2015-11": {
            "month": "2015-11",
            "price": "28.38",
            "revenue": 10647
        },
        "2015-12": {
            "month": "2015-12",
            "price": "31.61",
            "revenue": 5885
        },
        "2016-01": {
            "month": "2016-01",
            "price": "34.15",
            "revenue": 12758
        },
        "2016-02": {
            "month": "2016-02",
            "price": "40.07",
            "revenue": 4778
        },
        "2016-03": {
            "month": "2016-03",
            "price": "46.18",
            "revenue": 17254
        },
        "2016-04": {
            "month": "2016-04",
            "price": "47.51",
            "revenue": 7878
        },
        "2016-05": {
            "month": "2016-05",
            "price": "38.78",
            "revenue": 4210
        },
        "2016-06": {
            "month": "2016-06",
            "price": "46.65",
            "revenue": 9948
        },
        "2016-07": {
            "month": "2016-07",
            "price": "51.38",
            "revenue": 15110
        },
        "2016-08": {
            "month": "2016-08",
            "price": "47.87",
            "revenue": 15189
        },
        "2016-09": {
            "month": "2016-09",
            "price": "45.02",
            "revenue": 15451
        },
        "2016-10": {
            "month": "2016-10",
            "price": "43.34",
            "revenue": 17723
        },
        "2016-11": {
            "month": "2016-11",
            "price": "41.27",
            "revenue": 15765
        },
        "2016-12": {
            "month": "2016-12",
            "price": "42.16",
            "revenue": 17742
        },
        "2017-01": {
            "month": "2017-01",
            "price": "41.88",
            "revenue": 7752
        },
        "2017-02": {
            "month": "2017-02",
            "price": "41.25",
            "revenue": 13017
        },
        "2017-03": {
            "month": "2017-03",
            "price": "40.19",
            "revenue": 20915
        },
        "2017-04": {
            "month": "2017-04",
            "price": "39.32",
            "revenue": 16775
        },
        "2017-05": {
            "month": "2017-05",
            "price": "38.81",
            "revenue": 16248
        },
        "2017-06": {
            "month": "2017-06",
            "price": "38.33",
            "revenue": 13971
        },
        "2017-07": {
            "month": "2017-07",
            "price": "34.22",
            "revenue": 16241
        },
        "2017-08": {
            "month": "2017-08",
            "price": "31.30",
            "revenue": 15542
        },
        "2017-09": {
            "month": "2017-09",
            "price": "29.16",
            "revenue": 16288
        },
        "2017-10": {
            "month": "2017-10",
            "price": "28.16",
            "revenue": 18287
        },
        "2017-11": {
            "month": "2017-11",
            "price": "27.47",
            "revenue": 16793
        },
        "2017-12": {
            "month": "2017-12",
            "price": "27.53",
            "revenue": 18298
        },
        "2018-01": {
            "month": "2018-01",
            "price": "30.62",
            "revenue": 15332
        },
        "2018-02": {
            "month": "2018-02",
            "price": "30.20",
            "revenue": 16489
        },
        "2018-03": {
            "month": "2018-03",
            "price": "30.43",
            "revenue": 21185
        },
        "2018-04": {
            "month": "2018-04",
            "price": "36.92",
            "revenue": 24213
        },
        "2018-05": {
            "month": "2018-05",
            "price": "36.65",
            "revenue": 25335
        },
        "2018-06": {
            "month": "2018-06",
            "price": "37.27",
            "revenue": 25127
        },
        "2018-07": {
            "month": "2018-07",
            "price": "34.47",
            "revenue": 25400
        },
        "2018-08": {
            "month": "2018-08",
            "price": "31.82",
            "revenue": 25731
        },
        "2018-09": {
            "month": "2018-09",
            "price": "31.61",
            "revenue": 26562
        },
        "2018-10": {
            "month": "2018-10",
            "price": "31.36",
            "revenue": 26095
        },
        "2018-11": {
            "month": "2018-11",
            "price": "35.75",
            "revenue": 27224
        },
        "2018-12": {
            "month": "2018-12",
            "price": "49.10",
            "revenue": 27128
        },
        "2019-01": {
            "month": "2019-01",
            "price": "47.77",
            "revenue": 29879
        },
        "2019-02": {
            "month": "2019-02",
            "price": "48.47",
            "revenue": 31258
        },
        "2019-03": {
            "month": "2019-03",
            "price": "59.88",
            "revenue": 34410
        },
        "2019-04": {
            "month": "2019-04",
            "price": "68.90",
            "revenue": 51036
        },
        "2019-05": {
            "month": "2019-05",
            "price": "68.14",
            "revenue": 49731
        },
        "2019-06": {
            "month": "2019-06",
            "price": "76.40",
            "revenue": 54209
        },
        "2019-07": {
            "month": "2019-07",
            "price": "84.86",
            "revenue": 56520
        },
        "2019-08": {
            "month": "2019-08",
            "price": "83.93",
            "revenue": 53808
        },
        "2019-09": {
            "month": "2019-09",
            "price": "93.53",
            "revenue": 51189
        },
        "2019-10": {
            "month": "2019-10",
            "price": "88.50",
            "revenue": 23715
        },
        "2019-11": {
            "month": "2019-11",
            "price": "87.07",
            "revenue": 53884
        },
        "2019-12": {
            "month": "2019-12",
            "price": "82.56",
            "revenue": 76147
        },
        "2020-01": {
            "month": "2020-01",
            "price": "73.55",
            "revenue": 75485
        },
        "2020-02": {
            "month": "2020-02",
            "price": "69.51",
            "revenue": 36164
        },
        "2020-03": {
            "month": "2020-03",
            "price": "60.14",
            "revenue": 59356
        },
        "2020-04": {
            "month": "2020-04",
            "price": "63.14",
            "revenue": 54113
        },
        "2020-05": {
            "month": "2020-05",
            "price": "76.82",
            "revenue": 81980
        },
        "2020-06": {
            "month": "2020-06",
            "price": "81.11",
            "revenue": 65260
        },
        "2020-07": {
            "month": "2020-07",
            "price": "79.27",
            "revenue": 53230
        },
        "2020-08": {
            "month": "2020-08",
            "price": "71.27",
            "revenue": 56959
        },
        "2020-09": {
            "month": "2020-09",
            "price": "66.38",
            "revenue": 83565
        },
        "2020-10": {
            "month": "2020-10",
            "price": "67.48",
            "revenue": 62594
        },
        "2020-11": {
            "month": "2020-11",
            "price": "67.89",
            "revenue": 134268
        },
        "2020-12": {
            "month": "2020-12",
            "price": "75.97",
            "revenue": 150787
        },
        "2021-01": {
            "month": "2021-01",
            "price": "82.60",
            "revenue": 91138
        },
        "2021-02": {
            "month": "2021-02",
            "price": "80.95",
            "revenue": 76111
        },
        "2021-03": {
            "month": "2021-03",
            "price": "80.44",
            "revenue": 119058
        },
        "2021-04": {
            "month": "2021-04",
            "price": "83.66",
            "revenue": 74545
        },
        "2021-05": {
            "month": "2021-05",
            "price": "72.59",
            "revenue": 62160
        },
        "2021-06": {
            "month": "2021-06",
            "price": "70.26",
            "revenue": 75631
        },
        "2021-07": {
            "month": "2021-07",
            "price": "68.23",
            "revenue": 72555
        },
        "2021-08": {
            "month": "2021-08",
            "price": "77.10",
            "revenue": 86623
        },
        "2021-09": {
            "month": "2021-09",
            "price": "82.56",
            "revenue": 92266
        },
        "2021-10": {
            "month": "2021-10",
            "price": "82.18",
            "revenue": 135443
        },
        "2021-11": {
            "month": "2021-11",
            "price": "80.39",
            "revenue": 18530
        },
        "2021-12": {
            "month": "2021-12",
            "price": "79.38",
            "revenue": 129879
        },
        "2022-01": {
            "month": "2022-01",
            "price": "91.19",
            "revenue": 108091
        },
        "2022-02": {
            "month": "2022-02",
            "price": "110.63",
            "revenue": 112068
        },
        "2022-03": {
            "month": "2022-03",
            "price": "119.37",
            "revenue": 102816
        },
        "2022-04": {
            "month": "2022-04",
            "price": "129.97",
            "revenue": 102505
        },
        "2022-05": {
            "month": "2022-05",
            "price": "103.17",
            "revenue": 111056
        },
        "2022-06": {
            "month": "2022-06",
            "price": "116.50",
            "revenue": 106806
        },
        "2022-07": {
            "month": "2022-07",
            "price": "129.79",
            "revenue": 105317
        },
        "2022-08": {
            "month": "2022-08",
            "price": "156.61",
            "revenue": 116476
        },
        "2022-09": {
            "month": "2022-09",
            "price": "147.26",
            "revenue": 141492
        },
        "2022-10": {
            "month": "2022-10",
            "price": "143.80",
            "revenue": 151069
        },
        "2022-11": {
            "month": "2022-11",
            "price": "135.66",
            "revenue": 127430
        },
        "2022-12": {
            "month": "2022-12",
            "price": "142.70",
            "revenue": 109127
        },
        "2023-01": {
            "month": "2023-01",
            "price": "134.15",
            "revenue": 50838
        },
        "2023-02": {
            "month": "2023-02",
            "price": "129.92",
            "revenue": 149937
        },
        "2023-03": {
            "month": "2023-03",
            "price": "135.33",
            "revenue": 192944
        },
        "2023-04": {
            "month": "2023-04",
            "price": "209.74",
            "revenue": 139718
        },
        "2023-05": {
            "month": "2023-05",
            "price": "252.32",
            "revenue": 117265
        }
    }
}
