{
    "summary": {
        "stock_name": "熒茂",
        "stock_id": "4729",
        "category": "光電",
        "main_business": "觸控面板之製造，銷售及進出口業務",
        "website_url": "http://www.mildex.com.tw",
        "ceo": "林盈杉",
        "pe_ratio": 56,
        "report_year_from": 2007,
        "report_year_to": 2023,
        "age": 17,
        "eps_negative_percentage": 53,
        "eps_growth_avg": {
            "last_all": -34.26,
            "last_2y": -50,
            "last_4y": -50,
            "last_8y": 5.48,
            "last_12y": -15.62,
            "last_16y": null,
            "last_20y": null,
            "at_2006_last_3y": null,
            "at_2007_last_3y": null,
            "at_2008_last_3y": null,
            "at_2009_last_3y": null,
            "at_2010_last_3y": null,
            "at_2011_last_3y": -87.24,
            "at_2012_last_3y": -100,
            "at_2013_last_3y": -100,
            "at_2014_last_3y": -100,
            "at_2015_last_3y": null,
            "at_2016_last_3y": 100,
            "at_2017_last_3y": 85.96,
            "at_2018_last_3y": 23.97,
            "at_2019_last_3y": 23.97,
            "at_2020_last_3y": -14.04,
            "at_2021_last_3y": -100,
            "at_2022_last_3y": null,
            "at_2023_last_3y": -50,
            "at_2024_last_3y": -50,
            "at_2006_last_all": null,
            "at_2007_last_all": null,
            "at_2008_last_all": null,
            "at_2009_last_all": -80.87,
            "at_2010_last_all": -80.87,
            "at_2011_last_all": -87.24,
            "at_2012_last_all": -87.24,
            "at_2013_last_all": -87.24,
            "at_2014_last_all": -87.24,
            "at_2015_last_all": -87.24,
            "at_2016_last_all": -40.43,
            "at_2017_last_all": -17.96,
            "at_2018_last_all": -31.64,
            "at_2019_last_all": -31.64,
            "at_2020_last_all": -31.64,
            "at_2021_last_all": -31.64,
            "at_2022_last_all": -31.64,
            "at_2023_last_all": -34.26,
            "at_2024_last_all": -34.26
        },
        "latest_eps": 0.34,
        "latest_price": 19.1,
        "latest_roe": 2.4,
        "latest_gross_margin": 11.07,
        "latest_equity": 1311461,
        "latest_revenue": 221086,
        "latest_gross_profit": 24479,
        "latest_net_income": -13013,
        "latest_debt_ratio": 57.68,
        "latest_current_ratio": 127.97,
        "latest_account_receivable_turnover_ratio": 1.37,
        "latest_inventory_turnover_ratio": 1,
        "latest_reinvestment_rate": null,
        "latest_research_to_sale_ratio": 5.04
    },
    "eps_dividends": {
        "2001": {
            "cash": 0,
            "stock": 0,
            "eps": 0
        },
        "2002": {
            "cash": 0,
            "stock": 0,
            "eps": 0
        },
        "2003": {
            "cash": 0,
            "stock": 0,
            "eps": 0
        },
        "2004": {
            "cash": 0,
            "stock": 0,
            "eps": 0
        },
        "2005": {
            "cash": 0,
            "stock": 0,
            "eps": 0
        },
        "2006": {
            "cash": 0,
            "stock": 0,
            "eps": 0
        },
        "2007": {
            "cash": 0,
            "stock": 0,
            "eps": 3.92
        },
        "2008": {
            "cash": 1,
            "stock": 0,
            "eps": 1.5
        },
        "2009": {
            "cash": 0.5,
            "stock": 0,
            "eps": -5.32
        },
        "2010": {
            "cash": 0,
            "stock": 0,
            "eps": 0.98
        },
        "2011": {
            "cash": 0,
            "stock": 0,
            "eps": -2.53
        },
        "2012": {
            "cash": 0,
            "stock": 0,
            "eps": -4.72
        },
        "2013": {
            "cash": 0,
            "stock": 0,
            "eps": -7.62
        },
        "2014": {
            "cash": 0,
            "stock": 0,
            "eps": -0.85
        },
        "2015": {
            "cash": 0,
            "stock": 0,
            "eps": 0.09
        },
        "2016": {
            "cash": 0,
            "stock": 0,
            "eps": 1.78
        },
        "2017": {
            "cash": 0,
            "stock": 0,
            "eps": 3.06
        },
        "2018": {
            "cash": 0,
            "stock": 0,
            "eps": -0.41
        },
        "2019": {
            "cash": 0,
            "stock": 0,
            "eps": -0.92
        },
        "2020": {
            "cash": 0,
            "stock": 0,
            "eps": -1.11
        },
        "2021": {
            "cash": 0,
            "stock": 0,
            "eps": -1.26
        },
        "2022": {
            "cash": 0,
            "stock": 0,
            "eps": 0.68
        },
        "2023": {
            "cash": 0.5,
            "stock": 0,
            "eps": 0.34
        },
        "2024": {
            "cash": 0.5,
            "stock": 0,
            "eps": 0
        }
    },
    "dividends": {
        "2008-04-15": {
            "cash": 1,
            "stock": 0
        },
        "2009-04-03": {
            "cash": 0.5,
            "stock": 0
        },
        "2023-07-17": {
            "cash": 0.5,
            "stock": 0
        },
        "2024-03-07": {
            "cash": 0.5,
            "stock": 0
        }
    },
    "prices": {
        "200101": "無",
        "200102": "無",
        "200103": "無",
        "200104": "無",
        "200105": "無",
        "200106": "無",
        "200107": "無",
        "200108": "無",
        "200109": "無",
        "200110": "無",
        "200111": "無",
        "200112": "無",
        "200201": "無",
        "200202": "無",
        "200203": "無",
        "200204": "無",
        "200205": "無",
        "200206": "無",
        "200207": "無",
        "200208": "無",
        "200209": "無",
        "200210": "無",
        "200211": "無",
        "200212": "無",
        "200301": "無",
        "200302": "無",
        "200303": "無",
        "200304": "無",
        "200305": "無",
        "200306": "無",
        "200307": "無",
        "200308": "無",
        "200309": "無",
        "200310": "無",
        "200311": "無",
        "200312": "無",
        "200401": "無",
        "200402": "無",
        "200403": "無",
        "200404": "無",
        "200405": "無",
        "200406": "無",
        "200407": "無",
        "200408": "無",
        "200409": "無",
        "200410": "無",
        "200411": "無",
        "200412": "無",
        "200501": "無",
        "200502": "無",
        "200503": "無",
        "200504": "無",
        "200505": "無",
        "200506": "無",
        "200507": "無",
        "200508": "無",
        "200509": "無",
        "200510": "無",
        "200511": "無",
        "200512": "無",
        "200601": "無",
        "200602": "無",
        "200603": "無",
        "200604": "無",
        "200605": "無",
        "200606": "無",
        "200607": "無",
        "200608": "無",
        "200609": "無",
        "200610": "無",
        "200611": "無",
        "200612": "無",
        "200701": "無",
        "200702": "無",
        "200703": "無",
        "200704": "無",
        "200705": "無",
        "200706": "無",
        "200707": "無",
        "200708": "無",
        "200709": "無",
        "200710": "54.16",
        "200711": "53.75",
        "200712": "48.89",
        "200801": "37.41",
        "200802": "31.14",
        "200803": "35.06",
        "200804": "43.37",
        "200805": "41.26",
        "200806": "39.60",
        "200807": "30.86",
        "200808": "29.53",
        "200809": "27.27",
        "200810": "22.08",
        "200811": "19.00",
        "200812": "17.45",
        "200901": "19.05",
        "200902": "25.85",
        "200903": "37.70",
        "200904": "43.65",
        "200905": "43.71",
        "200906": "35.89",
        "200907": "32.90",
        "200908": "28.82",
        "200909": "26.19",
        "200910": "26.23",
        "200911": "26.10",
        "200912": "30.35",
        "201001": "31.62",
        "201002": "26.13",
        "201003": "28.06",
        "201004": "29.35",
        "201005": "24.40",
        "201006": "23.75",
        "201007": "25.65",
        "201008": "26.87",
        "201009": "28.64",
        "201010": "40.10",
        "201011": "41.44",
        "201012": "42.95",
        "201101": "39.07",
        "201102": "41.96",
        "201103": "50.14",
        "201104": "50.73",
        "201105": "45.55",
        "201106": "47.26",
        "201107": "44.90",
        "201108": "32.78",
        "201109": "19.63",
        "201110": "21.99",
        "201111": "19.98",
        "201112": "20.02",
        "201201": "20.57",
        "201202": "25.44",
        "201203": "23.82",
        "201204": "18.87",
        "201205": "15.90",
        "201206": "14.58",
        "201207": "13.82",
        "201208": "13.13",
        "201209": "13.22",
        "201210": "11.03",
        "201211": "9.55",
        "201212": "11.20",
        "201301": "10.88",
        "201302": "12.16",
        "201303": "13.27",
        "201304": "13.72",
        "201305": "13.83",
        "201306": "12.70",
        "201307": "11.75",
        "201308": "10.60",
        "201309": "10.80",
        "201310": "10.68",
        "201311": "9.81",
        "201312": "9.84",
        "201401": "11.65",
        "201402": "12.19",
        "201403": "12.19",
        "201404": "11.77",
        "201405": "15.05",
        "201406": "19.02",
        "201407": "21.03",
        "201408": "17.96",
        "201409": "18.35",
        "201410": "17.83",
        "201411": "17.12",
        "201412": "20.38",
        "201501": "23.20",
        "201502": "20.68",
        "201503": "21.20",
        "201504": "20.48",
        "201505": "18.52",
        "201506": "17.25",
        "201507": "16.85",
        "201508": "12.47",
        "201509": "11.78",
        "201510": "12.62",
        "201511": "12.74",
        "201512": "12.81",
        "201601": "11.55",
        "201602": "11.70",
        "201603": "13.60",
        "201604": "12.46",
        "201605": "11.45",
        "201606": "11.63",
        "201607": "12.76",
        "201608": "14.10",
        "201609": "14.99",
        "201610": "14.69",
        "201611": "14.71",
        "201612": "17.18",
        "201701": "17.63",
        "201702": "18.17",
        "201703": "18.57",
        "201704": "16.96",
        "201705": "17.26",
        "201706": "17.47",
        "201707": "17.22",
        "201708": "19.61",
        "201709": "21.15",
        "201710": "21.80",
        "201711": "25.02",
        "201712": "22.45",
        "201801": "22.36",
        "201802": "19.28",
        "201803": "18.80",
        "201804": "19.06",
        "201805": "16.84",
        "201806": "17.62",
        "201807": "16.04",
        "201808": "15.09",
        "201809": "13.35",
        "201810": "13.09",
        "201811": "12.89",
        "201812": "13.43",
        "201901": "13.74",
        "201902": "13.56",
        "201903": "14.27",
        "201904": "14.06",
        "201905": "13.29",
        "201906": "12.77",
        "201907": "12.59",
        "201908": "12.78",
        "201909": "12.41",
        "201910": "11.99",
        "201911": "11.46",
        "201912": "11.15",
        "202001": "10.76",
        "202002": "10.16",
        "202003": "8.80",
        "202004": "10.33",
        "202005": "16.14",
        "202006": "22.04",
        "202007": "18.92",
        "202008": "16.23",
        "202009": "15.04",
        "202010": "14.48",
        "202011": "12.96",
        "202012": "12.70",
        "202101": "11.62",
        "202102": "11.72",
        "202103": "12.11",
        "202104": "14.84",
        "202105": "13.09",
        "202106": "13.39",
        "202107": "12.89",
        "202108": "11.80",
        "202109": "11.58",
        "202110": "11.60",
        "202111": "12.41",
        "202112": "13.33",
        "202201": "13.44",
        "202202": "13.42",
        "202203": "12.67",
        "202204": "11.70",
        "202205": "10.95",
        "202206": "10.92",
        "202207": "10.91",
        "202208": "12.52",
        "202209": "12.44",
        "202210": "13.52",
        "202211": "15.07",
        "202212": "15.29",
        "202301": "15.00",
        "202302": "15.36",
        "202303": "16.16",
        "202304": "17.02",
        "202305": "17.57",
        "202306": "17.78",
        "202307": "16.84",
        "202308": "16.39",
        "202309": "16.20",
        "202310": "15.11",
        "202311": "15.62",
        "202312": "15.63"
    },
    "quarters": {
        "20011": {
            "year_quarter": 20011,
            "year": 2001,
            "quarter": 1,
            "eps": null,
            "eps_growth_year": null,
            "eps_4q": null,
            "eps_4q_growth_year": null,
            "roe": null,
            "roe_4q": 0,
            "gross_profit": null,
            "gross_margin": null,
            "gross_margin_4q_avg": 0,
            "net_income": null,
            "net_income_4q": null,
            "revenue": null,
            "revenue_4q": null,
            "common_shares": null,
            "book_valuer_per_share": null,
            "book_valuer_per_share_4q_avg": 0,
            "equity": null,
            "current_ratio": null,
            "debt_ratio": null,
            "inventory_turnover_ratio": null,
            "account_receivable_turnover_ratio": null,
            "reinvestment_rate": null,
            "research_to_sale_ratio": null,
            "price_fair": 0,
            "eps_avg_yearly": 0,
            "eps_latest_yearly": 0,
            "eps_growth_yearly": 0
        },
        "20012": {
            "year_quarter": 20012,
            "year": 2001,
            "quarter": 2,
            "eps": null,
            "eps_growth_year": null,
            "eps_4q": null,
            "eps_4q_growth_year": null,
            "roe": null,
            "roe_4q": 0,
            "gross_profit": null,
            "gross_margin": null,
            "gross_margin_4q_avg": 0,
            "net_income": null,
            "net_income_4q": null,
            "revenue": null,
            "revenue_4q": null,
            "common_shares": null,
            "book_valuer_per_share": null,
            "book_valuer_per_share_4q_avg": 0,
            "equity": null,
            "current_ratio": null,
            "debt_ratio": null,
            "inventory_turnover_ratio": null,
            "account_receivable_turnover_ratio": null,
            "reinvestment_rate": null,
            "research_to_sale_ratio": null,
            "price_fair": 0,
            "eps_avg_yearly": 0,
            "eps_latest_yearly": 0,
            "eps_growth_yearly": 0
        },
        "20013": {
            "year_quarter": 20013,
            "year": 2001,
            "quarter": 3,
            "eps": null,
            "eps_growth_year": null,
            "eps_4q": null,
            "eps_4q_growth_year": null,
            "roe": null,
            "roe_4q": 0,
            "gross_profit": null,
            "gross_margin": null,
            "gross_margin_4q_avg": 0,
            "net_income": null,
            "net_income_4q": null,
            "revenue": null,
            "revenue_4q": null,
            "common_shares": null,
            "book_valuer_per_share": null,
            "book_valuer_per_share_4q_avg": 0,
            "equity": null,
            "current_ratio": null,
            "debt_ratio": null,
            "inventory_turnover_ratio": null,
            "account_receivable_turnover_ratio": null,
            "reinvestment_rate": null,
            "research_to_sale_ratio": null,
            "price_fair": 0,
            "eps_avg_yearly": 0,
            "eps_latest_yearly": 0,
            "eps_growth_yearly": 0
        },
        "20014": {
            "year_quarter": 20014,
            "year": 2001,
            "quarter": 4,
            "eps": null,
            "eps_growth_year": null,
            "eps_4q": null,
            "eps_4q_growth_year": null,
            "roe": null,
            "roe_4q": 0,
            "gross_profit": null,
            "gross_margin": null,
            "gross_margin_4q_avg": 0,
            "net_income": null,
            "net_income_4q": null,
            "revenue": null,
            "revenue_4q": null,
            "common_shares": null,
            "book_valuer_per_share": null,
            "book_valuer_per_share_4q_avg": 0,
            "equity": null,
            "current_ratio": null,
            "debt_ratio": null,
            "inventory_turnover_ratio": null,
            "account_receivable_turnover_ratio": null,
            "reinvestment_rate": null,
            "research_to_sale_ratio": null,
            "price_fair": 0,
            "eps_avg_yearly": 0,
            "eps_latest_yearly": 0,
            "eps_growth_yearly": 0
        },
        "20021": {
            "year_quarter": 20021,
            "year": 2002,
            "quarter": 1,
            "eps": null,
            "eps_growth_year": null,
            "eps_4q": null,
            "eps_4q_growth_year": null,
            "roe": null,
            "roe_4q": 0,
            "gross_profit": null,
            "gross_margin": null,
            "gross_margin_4q_avg": 0,
            "net_income": null,
            "net_income_4q": null,
            "revenue": null,
            "revenue_4q": null,
            "common_shares": null,
            "book_valuer_per_share": null,
            "book_valuer_per_share_4q_avg": 0,
            "equity": null,
            "current_ratio": null,
            "debt_ratio": null,
            "inventory_turnover_ratio": null,
            "account_receivable_turnover_ratio": null,
            "reinvestment_rate": null,
            "research_to_sale_ratio": null,
            "price_fair": 0,
            "eps_avg_yearly": 0,
            "eps_latest_yearly": 0,
            "eps_growth_yearly": 0
        },
        "20022": {
            "year_quarter": 20022,
            "year": 2002,
            "quarter": 2,
            "eps": null,
            "eps_growth_year": null,
            "eps_4q": null,
            "eps_4q_growth_year": null,
            "roe": null,
            "roe_4q": 0,
            "gross_profit": null,
            "gross_margin": null,
            "gross_margin_4q_avg": 0,
            "net_income": null,
            "net_income_4q": null,
            "revenue": null,
            "revenue_4q": null,
            "common_shares": null,
            "book_valuer_per_share": null,
            "book_valuer_per_share_4q_avg": 0,
            "equity": null,
            "current_ratio": null,
            "debt_ratio": null,
            "inventory_turnover_ratio": null,
            "account_receivable_turnover_ratio": null,
            "reinvestment_rate": null,
            "research_to_sale_ratio": null,
            "price_fair": 0,
            "eps_avg_yearly": 0,
            "eps_latest_yearly": 0,
            "eps_growth_yearly": 0
        },
        "20023": {
            "year_quarter": 20023,
            "year": 2002,
            "quarter": 3,
            "eps": null,
            "eps_growth_year": null,
            "eps_4q": null,
            "eps_4q_growth_year": null,
            "roe": null,
            "roe_4q": 0,
            "gross_profit": null,
            "gross_margin": null,
            "gross_margin_4q_avg": 0,
            "net_income": null,
            "net_income_4q": null,
            "revenue": null,
            "revenue_4q": null,
            "common_shares": null,
            "book_valuer_per_share": null,
            "book_valuer_per_share_4q_avg": 0,
            "equity": null,
            "current_ratio": null,
            "debt_ratio": null,
            "inventory_turnover_ratio": null,
            "account_receivable_turnover_ratio": null,
            "reinvestment_rate": null,
            "research_to_sale_ratio": null,
            "price_fair": 0,
            "eps_avg_yearly": 0,
            "eps_latest_yearly": 0,
            "eps_growth_yearly": 0
        },
        "20024": {
            "year_quarter": 20024,
            "year": 2002,
            "quarter": 4,
            "eps": null,
            "eps_growth_year": null,
            "eps_4q": null,
            "eps_4q_growth_year": null,
            "roe": null,
            "roe_4q": 0,
            "gross_profit": null,
            "gross_margin": null,
            "gross_margin_4q_avg": 0,
            "net_income": null,
            "net_income_4q": null,
            "revenue": null,
            "revenue_4q": null,
            "common_shares": null,
            "book_valuer_per_share": null,
            "book_valuer_per_share_4q_avg": 0,
            "equity": null,
            "current_ratio": null,
            "debt_ratio": null,
            "inventory_turnover_ratio": null,
            "account_receivable_turnover_ratio": null,
            "reinvestment_rate": null,
            "research_to_sale_ratio": null,
            "price_fair": 0,
            "eps_avg_yearly": 0,
            "eps_latest_yearly": 0,
            "eps_growth_yearly": 0
        },
        "20031": {
            "year_quarter": 20031,
            "year": 2003,
            "quarter": 1,
            "eps": null,
            "eps_growth_year": null,
            "eps_4q": null,
            "eps_4q_growth_year": null,
            "roe": null,
            "roe_4q": 0,
            "gross_profit": null,
            "gross_margin": null,
            "gross_margin_4q_avg": 0,
            "net_income": null,
            "net_income_4q": null,
            "revenue": null,
            "revenue_4q": null,
            "common_shares": null,
            "book_valuer_per_share": null,
            "book_valuer_per_share_4q_avg": 0,
            "equity": null,
            "current_ratio": null,
            "debt_ratio": null,
            "inventory_turnover_ratio": null,
            "account_receivable_turnover_ratio": null,
            "reinvestment_rate": null,
            "research_to_sale_ratio": null,
            "price_fair": 0,
            "eps_avg_yearly": 0,
            "eps_latest_yearly": 0,
            "eps_growth_yearly": 0
        },
        "20032": {
            "year_quarter": 20032,
            "year": 2003,
            "quarter": 2,
            "eps": null,
            "eps_growth_year": null,
            "eps_4q": null,
            "eps_4q_growth_year": null,
            "roe": null,
            "roe_4q": 0,
            "gross_profit": null,
            "gross_margin": null,
            "gross_margin_4q_avg": 0,
            "net_income": null,
            "net_income_4q": null,
            "revenue": null,
            "revenue_4q": null,
            "common_shares": null,
            "book_valuer_per_share": null,
            "book_valuer_per_share_4q_avg": 0,
            "equity": null,
            "current_ratio": null,
            "debt_ratio": null,
            "inventory_turnover_ratio": null,
            "account_receivable_turnover_ratio": null,
            "reinvestment_rate": null,
            "research_to_sale_ratio": null,
            "price_fair": 0,
            "eps_avg_yearly": 0,
            "eps_latest_yearly": 0,
            "eps_growth_yearly": 0
        },
        "20033": {
            "year_quarter": 20033,
            "year": 2003,
            "quarter": 3,
            "eps": null,
            "eps_growth_year": null,
            "eps_4q": null,
            "eps_4q_growth_year": null,
            "roe": null,
            "roe_4q": 0,
            "gross_profit": null,
            "gross_margin": null,
            "gross_margin_4q_avg": 0,
            "net_income": null,
            "net_income_4q": null,
            "revenue": null,
            "revenue_4q": null,
            "common_shares": null,
            "book_valuer_per_share": null,
            "book_valuer_per_share_4q_avg": 0,
            "equity": null,
            "current_ratio": null,
            "debt_ratio": null,
            "inventory_turnover_ratio": null,
            "account_receivable_turnover_ratio": null,
            "reinvestment_rate": null,
            "research_to_sale_ratio": null,
            "price_fair": 0,
            "eps_avg_yearly": 0,
            "eps_latest_yearly": 0,
            "eps_growth_yearly": 0
        },
        "20034": {
            "year_quarter": 20034,
            "year": 2003,
            "quarter": 4,
            "eps": null,
            "eps_growth_year": null,
            "eps_4q": null,
            "eps_4q_growth_year": null,
            "roe": null,
            "roe_4q": 0,
            "gross_profit": null,
            "gross_margin": null,
            "gross_margin_4q_avg": 0,
            "net_income": null,
            "net_income_4q": null,
            "revenue": null,
            "revenue_4q": null,
            "common_shares": null,
            "book_valuer_per_share": null,
            "book_valuer_per_share_4q_avg": 0,
            "equity": null,
            "current_ratio": null,
            "debt_ratio": null,
            "inventory_turnover_ratio": null,
            "account_receivable_turnover_ratio": null,
            "reinvestment_rate": null,
            "research_to_sale_ratio": null,
            "price_fair": 0,
            "eps_avg_yearly": 0,
            "eps_latest_yearly": 0,
            "eps_growth_yearly": 0
        },
        "20041": {
            "year_quarter": 20041,
            "year": 2004,
            "quarter": 1,
            "eps": null,
            "eps_growth_year": null,
            "eps_4q": null,
            "eps_4q_growth_year": null,
            "roe": null,
            "roe_4q": 0,
            "gross_profit": null,
            "gross_margin": null,
            "gross_margin_4q_avg": 0,
            "net_income": null,
            "net_income_4q": null,
            "revenue": null,
            "revenue_4q": null,
            "common_shares": null,
            "book_valuer_per_share": null,
            "book_valuer_per_share_4q_avg": 0,
            "equity": null,
            "current_ratio": null,
            "debt_ratio": null,
            "inventory_turnover_ratio": null,
            "account_receivable_turnover_ratio": null,
            "reinvestment_rate": null,
            "research_to_sale_ratio": null,
            "price_fair": 0,
            "eps_avg_yearly": 0,
            "eps_latest_yearly": 0,
            "eps_growth_yearly": 0
        },
        "20042": {
            "year_quarter": 20042,
            "year": 2004,
            "quarter": 2,
            "eps": null,
            "eps_growth_year": null,
            "eps_4q": null,
            "eps_4q_growth_year": null,
            "roe": null,
            "roe_4q": 0,
            "gross_profit": null,
            "gross_margin": null,
            "gross_margin_4q_avg": 0,
            "net_income": null,
            "net_income_4q": null,
            "revenue": null,
            "revenue_4q": null,
            "common_shares": null,
            "book_valuer_per_share": null,
            "book_valuer_per_share_4q_avg": 0,
            "equity": null,
            "current_ratio": null,
            "debt_ratio": null,
            "inventory_turnover_ratio": null,
            "account_receivable_turnover_ratio": null,
            "reinvestment_rate": null,
            "research_to_sale_ratio": null,
            "price_fair": 0,
            "eps_avg_yearly": 0,
            "eps_latest_yearly": 0,
            "eps_growth_yearly": 0
        },
        "20043": {
            "year_quarter": 20043,
            "year": 2004,
            "quarter": 3,
            "eps": null,
            "eps_growth_year": null,
            "eps_4q": null,
            "eps_4q_growth_year": null,
            "roe": null,
            "roe_4q": 0,
            "gross_profit": null,
            "gross_margin": null,
            "gross_margin_4q_avg": 0,
            "net_income": null,
            "net_income_4q": null,
            "revenue": null,
            "revenue_4q": null,
            "common_shares": null,
            "book_valuer_per_share": null,
            "book_valuer_per_share_4q_avg": 0,
            "equity": null,
            "current_ratio": null,
            "debt_ratio": null,
            "inventory_turnover_ratio": null,
            "account_receivable_turnover_ratio": null,
            "reinvestment_rate": null,
            "research_to_sale_ratio": null,
            "price_fair": 0,
            "eps_avg_yearly": 0,
            "eps_latest_yearly": 0,
            "eps_growth_yearly": 0
        },
        "20044": {
            "year_quarter": 20044,
            "year": 2004,
            "quarter": 4,
            "eps": null,
            "eps_growth_year": null,
            "eps_4q": null,
            "eps_4q_growth_year": null,
            "roe": null,
            "roe_4q": 0,
            "gross_profit": null,
            "gross_margin": null,
            "gross_margin_4q_avg": 0,
            "net_income": null,
            "net_income_4q": null,
            "revenue": null,
            "revenue_4q": null,
            "common_shares": null,
            "book_valuer_per_share": null,
            "book_valuer_per_share_4q_avg": 0,
            "equity": null,
            "current_ratio": null,
            "debt_ratio": null,
            "inventory_turnover_ratio": null,
            "account_receivable_turnover_ratio": null,
            "reinvestment_rate": null,
            "research_to_sale_ratio": null,
            "price_fair": 0,
            "eps_avg_yearly": 0,
            "eps_latest_yearly": 0,
            "eps_growth_yearly": 0
        },
        "20051": {
            "year_quarter": 20051,
            "year": 2005,
            "quarter": 1,
            "eps": null,
            "eps_growth_year": null,
            "eps_4q": null,
            "eps_4q_growth_year": null,
            "roe": null,
            "roe_4q": 0,
            "gross_profit": null,
            "gross_margin": null,
            "gross_margin_4q_avg": 0,
            "net_income": null,
            "net_income_4q": null,
            "revenue": null,
            "revenue_4q": null,
            "common_shares": null,
            "book_valuer_per_share": null,
            "book_valuer_per_share_4q_avg": 0,
            "equity": null,
            "current_ratio": null,
            "debt_ratio": null,
            "inventory_turnover_ratio": null,
            "account_receivable_turnover_ratio": null,
            "reinvestment_rate": null,
            "research_to_sale_ratio": null,
            "price_fair": 0,
            "eps_avg_yearly": 0,
            "eps_latest_yearly": 0,
            "eps_growth_yearly": 0
        },
        "20052": {
            "year_quarter": 20052,
            "year": 2005,
            "quarter": 2,
            "eps": null,
            "eps_growth_year": null,
            "eps_4q": null,
            "eps_4q_growth_year": null,
            "roe": null,
            "roe_4q": 0,
            "gross_profit": null,
            "gross_margin": null,
            "gross_margin_4q_avg": 0,
            "net_income": null,
            "net_income_4q": null,
            "revenue": null,
            "revenue_4q": null,
            "common_shares": null,
            "book_valuer_per_share": null,
            "book_valuer_per_share_4q_avg": 0,
            "equity": null,
            "current_ratio": null,
            "debt_ratio": null,
            "inventory_turnover_ratio": null,
            "account_receivable_turnover_ratio": null,
            "reinvestment_rate": null,
            "research_to_sale_ratio": null,
            "price_fair": 0,
            "eps_avg_yearly": 0,
            "eps_latest_yearly": 0,
            "eps_growth_yearly": 0
        },
        "20053": {
            "year_quarter": 20053,
            "year": 2005,
            "quarter": 3,
            "eps": null,
            "eps_growth_year": null,
            "eps_4q": null,
            "eps_4q_growth_year": null,
            "roe": null,
            "roe_4q": 0,
            "gross_profit": null,
            "gross_margin": null,
            "gross_margin_4q_avg": 0,
            "net_income": null,
            "net_income_4q": null,
            "revenue": null,
            "revenue_4q": null,
            "common_shares": null,
            "book_valuer_per_share": null,
            "book_valuer_per_share_4q_avg": 0,
            "equity": null,
            "current_ratio": null,
            "debt_ratio": null,
            "inventory_turnover_ratio": null,
            "account_receivable_turnover_ratio": null,
            "reinvestment_rate": null,
            "research_to_sale_ratio": null,
            "price_fair": 0,
            "eps_avg_yearly": 0,
            "eps_latest_yearly": 0,
            "eps_growth_yearly": 0
        },
        "20054": {
            "year_quarter": 20054,
            "year": 2005,
            "quarter": 4,
            "eps": null,
            "eps_growth_year": null,
            "eps_4q": null,
            "eps_4q_growth_year": null,
            "roe": null,
            "roe_4q": 0,
            "gross_profit": null,
            "gross_margin": null,
            "gross_margin_4q_avg": 0,
            "net_income": null,
            "net_income_4q": null,
            "revenue": null,
            "revenue_4q": null,
            "common_shares": 206456,
            "book_valuer_per_share": 11.23,
            "book_valuer_per_share_4q_avg": 2.81,
            "equity": 231822,
            "current_ratio": 152.56,
            "debt_ratio": 30.87,
            "inventory_turnover_ratio": null,
            "account_receivable_turnover_ratio": null,
            "reinvestment_rate": null,
            "research_to_sale_ratio": null,
            "price_fair": 0,
            "eps_avg_yearly": 0,
            "eps_latest_yearly": 0,
            "eps_growth_yearly": 0
        },
        "20061": {
            "year_quarter": 20061,
            "year": 2006,
            "quarter": 1,
            "eps": null,
            "eps_growth_year": null,
            "eps_4q": null,
            "eps_4q_growth_year": null,
            "roe": null,
            "roe_4q": 0,
            "gross_profit": null,
            "gross_margin": null,
            "gross_margin_4q_avg": 0,
            "net_income": null,
            "net_income_4q": null,
            "revenue": null,
            "revenue_4q": null,
            "common_shares": null,
            "book_valuer_per_share": null,
            "book_valuer_per_share_4q_avg": 2.81,
            "equity": null,
            "current_ratio": null,
            "debt_ratio": null,
            "inventory_turnover_ratio": null,
            "account_receivable_turnover_ratio": null,
            "reinvestment_rate": null,
            "research_to_sale_ratio": null,
            "price_fair": 0,
            "eps_avg_yearly": 0,
            "eps_latest_yearly": 0,
            "eps_growth_yearly": 0
        },
        "20062": {
            "year_quarter": 20062,
            "year": 2006,
            "quarter": 2,
            "eps": null,
            "eps_growth_year": null,
            "eps_4q": null,
            "eps_4q_growth_year": null,
            "roe": null,
            "roe_4q": 0,
            "gross_profit": null,
            "gross_margin": null,
            "gross_margin_4q_avg": 0,
            "net_income": null,
            "net_income_4q": null,
            "revenue": null,
            "revenue_4q": null,
            "common_shares": null,
            "book_valuer_per_share": null,
            "book_valuer_per_share_4q_avg": 2.81,
            "equity": null,
            "current_ratio": null,
            "debt_ratio": null,
            "inventory_turnover_ratio": null,
            "account_receivable_turnover_ratio": null,
            "reinvestment_rate": null,
            "research_to_sale_ratio": null,
            "price_fair": 0,
            "eps_avg_yearly": 0,
            "eps_latest_yearly": 0,
            "eps_growth_yearly": 0
        },
        "20063": {
            "year_quarter": 20063,
            "year": 2006,
            "quarter": 3,
            "eps": null,
            "eps_growth_year": null,
            "eps_4q": null,
            "eps_4q_growth_year": null,
            "roe": null,
            "roe_4q": 0,
            "gross_profit": null,
            "gross_margin": null,
            "gross_margin_4q_avg": 0,
            "net_income": null,
            "net_income_4q": null,
            "revenue": null,
            "revenue_4q": null,
            "common_shares": null,
            "book_valuer_per_share": null,
            "book_valuer_per_share_4q_avg": 2.81,
            "equity": null,
            "current_ratio": null,
            "debt_ratio": null,
            "inventory_turnover_ratio": null,
            "account_receivable_turnover_ratio": null,
            "reinvestment_rate": null,
            "research_to_sale_ratio": null,
            "price_fair": 0,
            "eps_avg_yearly": 0,
            "eps_latest_yearly": 0,
            "eps_growth_yearly": 0
        },
        "20064": {
            "year_quarter": 20064,
            "year": 2006,
            "quarter": 4,
            "eps": null,
            "eps_growth_year": null,
            "eps_4q": null,
            "eps_4q_growth_year": null,
            "roe": null,
            "roe_4q": 0,
            "gross_profit": null,
            "gross_margin": null,
            "gross_margin_4q_avg": 0,
            "net_income": null,
            "net_income_4q": null,
            "revenue": null,
            "revenue_4q": null,
            "common_shares": 268393,
            "book_valuer_per_share": 12.57,
            "book_valuer_per_share_4q_avg": 3.14,
            "equity": 337468,
            "current_ratio": 126.45,
            "debt_ratio": 52.05,
            "inventory_turnover_ratio": null,
            "account_receivable_turnover_ratio": null,
            "reinvestment_rate": null,
            "research_to_sale_ratio": null,
            "price_fair": 0,
            "eps_avg_yearly": 0,
            "eps_latest_yearly": 0,
            "eps_growth_yearly": 0
        },
        "20071": {
            "year_quarter": 20071,
            "year": 2007,
            "quarter": 1,
            "eps": 0.61,
            "eps_growth_year": null,
            "eps_4q": null,
            "eps_4q_growth_year": null,
            "roe": 4.52,
            "roe_4q": 4.52,
            "gross_profit": 27998,
            "gross_margin": 41.42,
            "gross_margin_4q_avg": 10.36,
            "net_income": 16473,
            "net_income_4q": null,
            "revenue": 67599,
            "revenue_4q": null,
            "common_shares": 300000,
            "book_valuer_per_share": 13.06,
            "book_valuer_per_share_4q_avg": 6.41,
            "equity": 391707,
            "current_ratio": 218.42,
            "debt_ratio": 23.73,
            "inventory_turnover_ratio": 0.59,
            "account_receivable_turnover_ratio": null,
            "reinvestment_rate": null,
            "research_to_sale_ratio": null,
            "price_fair": 0,
            "eps_avg_yearly": 0,
            "eps_latest_yearly": 0,
            "eps_growth_yearly": 0
        },
        "20072": {
            "year_quarter": 20072,
            "year": 2007,
            "quarter": 2,
            "eps": 1.12,
            "eps_growth_year": null,
            "eps_4q": null,
            "eps_4q_growth_year": null,
            "roe": 7.93,
            "roe_4q": 12.45,
            "gross_profit": 38794,
            "gross_margin": 28.96,
            "gross_margin_4q_avg": 17.6,
            "net_income": 32599,
            "net_income_4q": null,
            "revenue": 133958,
            "revenue_4q": null,
            "common_shares": 300000,
            "book_valuer_per_share": 14.33,
            "book_valuer_per_share_4q_avg": 9.99,
            "equity": 429962,
            "current_ratio": 126.02,
            "debt_ratio": 38.3,
            "inventory_turnover_ratio": 1.29,
            "account_receivable_turnover_ratio": null,
            "reinvestment_rate": null,
            "research_to_sale_ratio": null,
            "price_fair": 156.8,
            "eps_avg_yearly": 4.48,
            "eps_latest_yearly": 4.48,
            "eps_growth_yearly": 334.43
        },
        "20073": {
            "year_quarter": 20073,
            "year": 2007,
            "quarter": 3,
            "eps": 1.81,
            "eps_growth_year": null,
            "eps_4q": null,
            "eps_4q_growth_year": null,
            "roe": 9.69,
            "roe_4q": 22.139999999999997,
            "gross_profit": 40263,
            "gross_margin": 26.49,
            "gross_margin_4q_avg": 24.22,
            "net_income": 56526,
            "net_income_4q": null,
            "revenue": 152003,
            "revenue_4q": null,
            "common_shares": 400000,
            "book_valuer_per_share": 18.41,
            "book_valuer_per_share_4q_avg": 14.59,
            "equity": 736488,
            "current_ratio": 260.81,
            "debt_ratio": 20.32,
            "inventory_turnover_ratio": 1.09,
            "account_receivable_turnover_ratio": null,
            "reinvestment_rate": null,
            "research_to_sale_ratio": null,
            "price_fair": 205.1,
            "eps_avg_yearly": 5.86,
            "eps_latest_yearly": 7.24,
            "eps_growth_yearly": 290.43
        },
        "20074": {
            "year_quarter": 20074,
            "year": 2007,
            "quarter": 4,
            "eps": 0.38,
            "eps_growth_year": null,
            "eps_4q": 3.55,
            "eps_4q_growth_year": null,
            "roe": 1.67,
            "roe_4q": 23.81,
            "gross_profit": 29655,
            "gross_margin": 20.13,
            "gross_margin_4q_avg": 29.25,
            "net_income": 12657,
            "net_income_4q": null,
            "revenue": 147338,
            "revenue_4q": null,
            "common_shares": 400000,
            "book_valuer_per_share": 19.53,
            "book_valuer_per_share_4q_avg": 16.33,
            "equity": 781359,
            "current_ratio": 130.11,
            "debt_ratio": 51.3,
            "inventory_turnover_ratio": 0.71,
            "account_receivable_turnover_ratio": null,
            "reinvestment_rate": null,
            "research_to_sale_ratio": null,
            "price_fair": 154.47,
            "eps_avg_yearly": 4.41,
            "eps_latest_yearly": 1.52,
            "eps_growth_yearly": 88.28
        },
        "20081": {
            "year_quarter": 20081,
            "year": 2008,
            "quarter": 1,
            "eps": 0.32,
            "eps_growth_year": -47.54,
            "eps_4q": 2.57,
            "eps_4q_growth_year": null,
            "roe": 1.62,
            "roe_4q": 20.91,
            "gross_profit": 115159,
            "gross_margin": 28.61,
            "gross_margin_4q_avg": 26.05,
            "net_income": 14457,
            "net_income_4q": null,
            "revenue": 402458,
            "revenue_4q": null,
            "common_shares": 450000,
            "book_valuer_per_share": 22.37,
            "book_valuer_per_share_4q_avg": 18.66,
            "equity": 1006702,
            "current_ratio": 177.76,
            "debt_ratio": 43.21,
            "inventory_turnover_ratio": 1.28,
            "account_receivable_turnover_ratio": null,
            "reinvestment_rate": null,
            "research_to_sale_ratio": null,
            "price_fair": 127.05,
            "eps_avg_yearly": 3.63,
            "eps_latest_yearly": 1.28,
            "eps_growth_yearly": 50.42
        },
        "20082": {
            "year_quarter": 20082,
            "year": 2008,
            "quarter": 2,
            "eps": 0.47,
            "eps_growth_year": -58.04,
            "eps_4q": 2.41,
            "eps_4q_growth_year": null,
            "roe": 2,
            "roe_4q": 14.98,
            "gross_profit": 109633,
            "gross_margin": 25.17,
            "gross_margin_4q_avg": 25.1,
            "net_income": 20386,
            "net_income_4q": null,
            "revenue": 435605,
            "revenue_4q": null,
            "common_shares": 450000,
            "book_valuer_per_share": 21.97,
            "book_valuer_per_share_4q_avg": 20.57,
            "equity": 1032474,
            "current_ratio": 142,
            "debt_ratio": 46.55,
            "inventory_turnover_ratio": 1.22,
            "account_receivable_turnover_ratio": null,
            "reinvestment_rate": null,
            "research_to_sale_ratio": null,
            "price_fair": 114.8,
            "eps_avg_yearly": 3.28,
            "eps_latest_yearly": 1.88,
            "eps_growth_yearly": 77.83
        },
        "20083": {
            "year_quarter": 20083,
            "year": 2008,
            "quarter": 3,
            "eps": 0.98,
            "eps_growth_year": -45.86,
            "eps_4q": 2.23,
            "eps_4q_growth_year": null,
            "roe": 3.77,
            "roe_4q": 9.059999999999999,
            "gross_profit": 145580,
            "gross_margin": 23.45,
            "gross_margin_4q_avg": 24.34,
            "net_income": 40428,
            "net_income_4q": null,
            "revenue": 620717,
            "revenue_4q": null,
            "common_shares": 450000,
            "book_valuer_per_share": 23.65,
            "book_valuer_per_share_4q_avg": 21.88,
            "equity": 1110302,
            "current_ratio": 130.68,
            "debt_ratio": 55.09,
            "inventory_turnover_ratio": 1.25,
            "account_receivable_turnover_ratio": null,
            "reinvestment_rate": null,
            "research_to_sale_ratio": null,
            "price_fair": 118.53,
            "eps_avg_yearly": 3.39,
            "eps_latest_yearly": 3.92,
            "eps_growth_yearly": 137.2
        },
        "20084": {
            "year_quarter": 20084,
            "year": 2008,
            "quarter": 4,
            "eps": -0.27,
            "eps_growth_year": -171.05,
            "eps_4q": 1.78,
            "eps_4q_growth_year": -49.74,
            "roe": -1.68,
            "roe_4q": 5.71,
            "gross_profit": 75960,
            "gross_margin": 14.17,
            "gross_margin_4q_avg": 22.85,
            "net_income": -18643,
            "net_income_4q": null,
            "revenue": 535952,
            "revenue_4q": null,
            "common_shares": 450000,
            "book_valuer_per_share": 23.69,
            "book_valuer_per_share_4q_avg": 22.92,
            "equity": 1106289,
            "current_ratio": 125.83,
            "debt_ratio": 57.26,
            "inventory_turnover_ratio": 1.03,
            "account_receivable_turnover_ratio": 1.37,
            "reinvestment_rate": null,
            "research_to_sale_ratio": null,
            "price_fair": 118.53,
            "eps_avg_yearly": 3.39,
            "eps_latest_yearly": 3.92,
            "eps_growth_yearly": 137.2
        },
        "20091": {
            "year_quarter": 20091,
            "year": 2009,
            "quarter": 1,
            "eps": -1.2,
            "eps_growth_year": -475,
            "eps_4q": -0.08,
            "eps_4q_growth_year": -103.11,
            "roe": -5.12,
            "roe_4q": -1.0299999999999998,
            "gross_profit": 18051,
            "gross_margin": 4.35,
            "gross_margin_4q_avg": 16.79,
            "net_income": -57546,
            "net_income_4q": null,
            "revenue": 415124,
            "revenue_4q": null,
            "common_shares": 510000,
            "book_valuer_per_share": 21.62,
            "book_valuer_per_share_4q_avg": 22.73,
            "equity": 1143620,
            "current_ratio": 128.13,
            "debt_ratio": 51.96,
            "inventory_turnover_ratio": 0.99,
            "account_receivable_turnover_ratio": 0.62,
            "reinvestment_rate": null,
            "research_to_sale_ratio": null,
            "price_fair": 118.53,
            "eps_avg_yearly": 3.39,
            "eps_latest_yearly": 3.92,
            "eps_growth_yearly": 137.2
        },
        "20092": {
            "year_quarter": 20092,
            "year": 2009,
            "quarter": 2,
            "eps": -2.38,
            "eps_growth_year": -606.38,
            "eps_4q": -2.36,
            "eps_4q_growth_year": -197.98,
            "roe": -10.13,
            "roe_4q": -13.16,
            "gross_profit": -34176,
            "gross_margin": -7.1,
            "gross_margin_4q_avg": 8.72,
            "net_income": -129552,
            "net_income_4q": null,
            "revenue": 481114,
            "revenue_4q": null,
            "common_shares": 635000,
            "book_valuer_per_share": 21.41,
            "book_valuer_per_share_4q_avg": 22.59,
            "equity": 1414148,
            "current_ratio": 141.97,
            "debt_ratio": 46.3,
            "inventory_turnover_ratio": 1.46,
            "account_receivable_turnover_ratio": 0.78,
            "reinvestment_rate": null,
            "research_to_sale_ratio": null,
            "price_fair": 118.53,
            "eps_avg_yearly": 3.39,
            "eps_latest_yearly": 3.92,
            "eps_growth_yearly": 137.2
        },
        "20093": {
            "year_quarter": 20093,
            "year": 2009,
            "quarter": 3,
            "eps": -0.56,
            "eps_growth_year": -157.14,
            "eps_4q": -3.53,
            "eps_4q_growth_year": -258.12,
            "roe": -1.67,
            "roe_4q": -18.6,
            "gross_profit": 76789,
            "gross_margin": 14.19,
            "gross_margin_4q_avg": 6.4,
            "net_income": -23348,
            "net_income_4q": null,
            "revenue": 541314,
            "revenue_4q": null,
            "common_shares": 635000,
            "book_valuer_per_share": 20.67,
            "book_valuer_per_share_4q_avg": 21.85,
            "equity": 1385214,
            "current_ratio": 175.3,
            "debt_ratio": 51.68,
            "inventory_turnover_ratio": 1.41,
            "account_receivable_turnover_ratio": 0.74,
            "reinvestment_rate": null,
            "research_to_sale_ratio": null,
            "price_fair": 118.53,
            "eps_avg_yearly": 3.39,
            "eps_latest_yearly": 3.92,
            "eps_growth_yearly": 137.2
        },
        "20094": {
            "year_quarter": 20094,
            "year": 2009,
            "quarter": 4,
            "eps": -1.18,
            "eps_growth_year": null,
            "eps_4q": -4.39,
            "eps_4q_growth_year": -346.05,
            "roe": -5.19,
            "roe_4q": -22.110000000000003,
            "gross_profit": 61566,
            "gross_margin": 11.75,
            "gross_margin_4q_avg": 5.8,
            "net_income": -71045,
            "net_income_4q": null,
            "revenue": 523958,
            "revenue_4q": null,
            "common_shares": 635000,
            "book_valuer_per_share": 19.47,
            "book_valuer_per_share_4q_avg": 20.79,
            "equity": 1353990,
            "current_ratio": 162.49,
            "debt_ratio": 53.85,
            "inventory_turnover_ratio": 1.61,
            "account_receivable_turnover_ratio": 1.28,
            "reinvestment_rate": null,
            "research_to_sale_ratio": null,
            "price_fair": 118.53,
            "eps_avg_yearly": 3.39,
            "eps_latest_yearly": 3.92,
            "eps_growth_yearly": 137.2
        },
        "20101": {
            "year_quarter": 20101,
            "year": 2010,
            "quarter": 1,
            "eps": -0.08,
            "eps_growth_year": null,
            "eps_4q": -3.54,
            "eps_4q_growth_year": null,
            "roe": -0.77,
            "roe_4q": -17.76,
            "gross_profit": 72410,
            "gross_margin": 12.99,
            "gross_margin_4q_avg": 7.96,
            "net_income": -10399,
            "net_income_4q": null,
            "revenue": 557558,
            "revenue_4q": null,
            "common_shares": 635000,
            "book_valuer_per_share": 19.54,
            "book_valuer_per_share_4q_avg": 20.27,
            "equity": 1351865,
            "current_ratio": 138.68,
            "debt_ratio": 56.22,
            "inventory_turnover_ratio": 2,
            "account_receivable_turnover_ratio": 0.68,
            "reinvestment_rate": null,
            "research_to_sale_ratio": 3.55,
            "price_fair": 118.53,
            "eps_avg_yearly": 3.39,
            "eps_latest_yearly": 3.92,
            "eps_growth_yearly": 137.2
        },
        "20102": {
            "year_quarter": 20102,
            "year": 2010,
            "quarter": 2,
            "eps": 0.26,
            "eps_growth_year": null,
            "eps_4q": -1.33,
            "eps_4q_growth_year": null,
            "roe": -0,
            "roe_4q": -7.630000000000001,
            "gross_profit": 70690,
            "gross_margin": 10.86,
            "gross_margin_4q_avg": 12.45,
            "net_income": -17,
            "net_income_4q": null,
            "revenue": 650808,
            "revenue_4q": null,
            "common_shares": 639810,
            "book_valuer_per_share": 20.12,
            "book_valuer_per_share_4q_avg": 19.95,
            "equity": 1394773,
            "current_ratio": 125.79,
            "debt_ratio": 60.62,
            "inventory_turnover_ratio": 2.31,
            "account_receivable_turnover_ratio": 0.71,
            "reinvestment_rate": null,
            "research_to_sale_ratio": 3.65,
            "price_fair": 118.53,
            "eps_avg_yearly": 3.39,
            "eps_latest_yearly": 3.92,
            "eps_growth_yearly": 137.2
        },
        "20103": {
            "year_quarter": 20103,
            "year": 2010,
            "quarter": 3,
            "eps": 0.63,
            "eps_growth_year": null,
            "eps_4q": -0.23,
            "eps_4q_growth_year": null,
            "roe": 2.8,
            "roe_4q": -3.1600000000000006,
            "gross_profit": 136198,
            "gross_margin": 16.6,
            "gross_margin_4q_avg": 13.05,
            "net_income": 39718,
            "net_income_4q": null,
            "revenue": 820338,
            "revenue_4q": null,
            "common_shares": 639810,
            "book_valuer_per_share": 20.57,
            "book_valuer_per_share_4q_avg": 19.93,
            "equity": 1437293,
            "current_ratio": 103.01,
            "debt_ratio": 61.58,
            "inventory_turnover_ratio": 2.1,
            "account_receivable_turnover_ratio": 0.78,
            "reinvestment_rate": null,
            "research_to_sale_ratio": 2.8,
            "price_fair": 114.2,
            "eps_avg_yearly": 3.26,
            "eps_latest_yearly": 2.52,
            "eps_growth_yearly": 198.92
        },
        "20104": {
            "year_quarter": 20104,
            "year": 2010,
            "quarter": 4,
            "eps": 0.17,
            "eps_growth_year": null,
            "eps_4q": 0.79,
            "eps_4q_growth_year": null,
            "roe": 1.26,
            "roe_4q": 3.2899999999999996,
            "gross_profit": 164595,
            "gross_margin": 17.34,
            "gross_margin_4q_avg": 14.45,
            "net_income": 21647,
            "net_income_4q": null,
            "revenue": 949110,
            "revenue_4q": null,
            "common_shares": 840010,
            "book_valuer_per_share": 22.42,
            "book_valuer_per_share_4q_avg": 20.66,
            "equity": 2004397,
            "current_ratio": 133.78,
            "debt_ratio": 50.98,
            "inventory_turnover_ratio": 2.1,
            "account_receivable_turnover_ratio": 0.83,
            "reinvestment_rate": null,
            "research_to_sale_ratio": 2.46,
            "price_fair": 102.9,
            "eps_avg_yearly": 2.94,
            "eps_latest_yearly": 0.68,
            "eps_growth_yearly": 137.55
        },
        "20111": {
            "year_quarter": 20111,
            "year": 2011,
            "quarter": 1,
            "eps": 0.26,
            "eps_growth_year": null,
            "eps_4q": 1.1,
            "eps_4q_growth_year": null,
            "roe": 1.28,
            "roe_4q": 5.34,
            "gross_profit": 120051,
            "gross_margin": 16.37,
            "gross_margin_4q_avg": 15.29,
            "net_income": 25915,
            "net_income_4q": null,
            "revenue": 733443,
            "revenue_4q": null,
            "common_shares": 840010,
            "book_valuer_per_share": 22.91,
            "book_valuer_per_share_4q_avg": 21.51,
            "equity": 2055551,
            "current_ratio": 142.92,
            "debt_ratio": 51.09,
            "inventory_turnover_ratio": 1.59,
            "account_receivable_turnover_ratio": 0.65,
            "reinvestment_rate": null,
            "research_to_sale_ratio": 4.22,
            "price_fair": 95.51,
            "eps_avg_yearly": 2.73,
            "eps_latest_yearly": 1.04,
            "eps_growth_yearly": 145.79
        },
        "20112": {
            "year_quarter": 20112,
            "year": 2011,
            "quarter": 2,
            "eps": -0.5,
            "eps_growth_year": -291.38,
            "eps_4q": 0.4,
            "eps_4q_growth_year": null,
            "roe": -2.13,
            "roe_4q": 3.21,
            "gross_profit": 63152,
            "gross_margin": 9.02,
            "gross_margin_4q_avg": 14.83,
            "net_income": -43408,
            "net_income_4q": null,
            "revenue": 700227,
            "revenue_4q": null,
            "common_shares": 842210,
            "book_valuer_per_share": 22.43,
            "book_valuer_per_share_4q_avg": 22.08,
            "equity": 2025011,
            "current_ratio": 126.57,
            "debt_ratio": 51.03,
            "inventory_turnover_ratio": 1.52,
            "account_receivable_turnover_ratio": 0.75,
            "reinvestment_rate": null,
            "research_to_sale_ratio": 5.41,
            "price_fair": 87.85,
            "eps_avg_yearly": 2.51,
            "eps_latest_yearly": 1.04,
            "eps_growth_yearly": 122.22
        },
        "20113": {
            "year_quarter": 20113,
            "year": 2011,
            "quarter": 3,
            "eps": -0.98,
            "eps_growth_year": -256.88,
            "eps_4q": -1.04,
            "eps_4q_growth_year": null,
            "roe": -4.89,
            "roe_4q": -4.4799999999999995,
            "gross_profit": 7033,
            "gross_margin": 1.09,
            "gross_margin_4q_avg": 10.96,
            "net_income": -116555,
            "net_income_4q": null,
            "revenue": 644756,
            "revenue_4q": null,
            "common_shares": 1018760,
            "book_valuer_per_share": 25.51,
            "book_valuer_per_share_4q_avg": 23.32,
            "equity": 2742682,
            "current_ratio": 144.78,
            "debt_ratio": 47.13,
            "inventory_turnover_ratio": 1.28,
            "account_receivable_turnover_ratio": 0.71,
            "reinvestment_rate": null,
            "research_to_sale_ratio": 5.59,
            "price_fair": 64.2,
            "eps_avg_yearly": 1.83,
            "eps_latest_yearly": 1.04,
            "eps_growth_yearly": 104.47
        },
        "20114": {
            "year_quarter": 20114,
            "year": 2011,
            "quarter": 4,
            "eps": -1.31,
            "eps_growth_year": -878.3,
            "eps_4q": -2.49,
            "eps_4q_growth_year": -416.66,
            "roe": -5.73,
            "roe_4q": -11.47,
            "gross_profit": 54106,
            "gross_margin": 4.85,
            "gross_margin_4q_avg": 7.83,
            "net_income": -152749,
            "net_income_4q": null,
            "revenue": 1114717,
            "revenue_4q": null,
            "common_shares": 1019020,
            "book_valuer_per_share": 24,
            "book_valuer_per_share_4q_avg": 23.71,
            "equity": 2587880,
            "current_ratio": 119.73,
            "debt_ratio": 56.05,
            "inventory_turnover_ratio": 1.97,
            "account_receivable_turnover_ratio": 0.9,
            "reinvestment_rate": null,
            "research_to_sale_ratio": 2.92,
            "price_fair": 66.03,
            "eps_avg_yearly": 1.89,
            "eps_latest_yearly": 1.04,
            "eps_growth_yearly": 174.55
        },
        "20121": {
            "year_quarter": 20121,
            "year": 2012,
            "quarter": 1,
            "eps": -0.91,
            "eps_growth_year": -450,
            "eps_4q": -3.62,
            "eps_4q_growth_year": -428.38,
            "roe": -3.26,
            "roe_4q": -16.009999999999998,
            "gross_profit": 88281,
            "gross_margin": 9.66,
            "gross_margin_4q_avg": 6.16,
            "net_income": -82438,
            "net_income_4q": null,
            "revenue": 914044,
            "revenue_4q": null,
            "common_shares": 1019020,
            "book_valuer_per_share": 22.75,
            "book_valuer_per_share_4q_avg": 23.67,
            "equity": 2466646,
            "current_ratio": 119.72,
            "debt_ratio": 55.05,
            "inventory_turnover_ratio": 1.53,
            "account_receivable_turnover_ratio": 0.67,
            "reinvestment_rate": null,
            "research_to_sale_ratio": 3.01,
            "price_fair": 70.28,
            "eps_avg_yearly": 2.01,
            "eps_latest_yearly": 1.04,
            "eps_growth_yearly": 222.09
        },
        "20122": {
            "year_quarter": 20122,
            "year": 2012,
            "quarter": 2,
            "eps": -0.87,
            "eps_growth_year": null,
            "eps_4q": -4.07,
            "eps_4q_growth_year": -1113.21,
            "roe": -3.26,
            "roe_4q": -17.14,
            "gross_profit": 67663,
            "gross_margin": 7.99,
            "gross_margin_4q_avg": 5.9,
            "net_income": -78840,
            "net_income_4q": null,
            "revenue": 846507,
            "revenue_4q": null,
            "common_shares": 1019020,
            "book_valuer_per_share": 21.77,
            "book_valuer_per_share_4q_avg": 23.51,
            "equity": 2376850,
            "current_ratio": 128.9,
            "debt_ratio": 56.61,
            "inventory_turnover_ratio": 1.46,
            "account_receivable_turnover_ratio": 0.67,
            "reinvestment_rate": null,
            "research_to_sale_ratio": 3.62,
            "price_fair": 71.4,
            "eps_avg_yearly": 2.04,
            "eps_latest_yearly": 1.04,
            "eps_growth_yearly": 230.74
        },
        "20123": {
            "year_quarter": 20123,
            "year": 2012,
            "quarter": 3,
            "eps": -0.99,
            "eps_growth_year": null,
            "eps_4q": -4.08,
            "eps_4q_growth_year": null,
            "roe": -4.3,
            "roe_4q": -16.55,
            "gross_profit": 17785,
            "gross_margin": 2.05,
            "gross_margin_4q_avg": 6.14,
            "net_income": -100237,
            "net_income_4q": null,
            "revenue": 866511,
            "revenue_4q": null,
            "common_shares": 1019020,
            "book_valuer_per_share": 20.62,
            "book_valuer_per_share_4q_avg": 22.29,
            "equity": 2284773,
            "current_ratio": 120.38,
            "debt_ratio": 57.72,
            "inventory_turnover_ratio": 1.67,
            "account_receivable_turnover_ratio": 0.69,
            "reinvestment_rate": null,
            "research_to_sale_ratio": 2.93,
            "price_fair": 49.47,
            "eps_avg_yearly": 1.41,
            "eps_latest_yearly": 1.04,
            "eps_growth_yearly": 162.98
        },
        "20124": {
            "year_quarter": 20124,
            "year": 2012,
            "quarter": 4,
            "eps": -1.95,
            "eps_growth_year": null,
            "eps_4q": -4.72,
            "eps_4q_growth_year": null,
            "roe": -8.06,
            "roe_4q": -18.88,
            "gross_profit": 49059,
            "gross_margin": 4.72,
            "gross_margin_4q_avg": 6.11,
            "net_income": -176987,
            "net_income_4q": null,
            "revenue": 1038635,
            "revenue_4q": null,
            "common_shares": 1019020,
            "book_valuer_per_share": 18.67,
            "book_valuer_per_share_4q_avg": 20.95,
            "equity": 2107903,
            "current_ratio": 119.2,
            "debt_ratio": 62.72,
            "inventory_turnover_ratio": 2,
            "account_receivable_turnover_ratio": 0.79,
            "reinvestment_rate": null,
            "research_to_sale_ratio": 2,
            "price_fair": 49.47,
            "eps_avg_yearly": 1.41,
            "eps_latest_yearly": 1.04,
            "eps_growth_yearly": 162.98
        },
        "20131": {
            "year_quarter": 20131,
            "year": 2013,
            "quarter": 1,
            "eps": -1.44,
            "eps_growth_year": null,
            "eps_4q": -5.26,
            "eps_4q_growth_year": null,
            "roe": -7.91,
            "roe_4q": -23.53,
            "gross_profit": -28604,
            "gross_margin": -3.52,
            "gross_margin_4q_avg": 2.81,
            "net_income": -161424,
            "net_income_4q": null,
            "revenue": 813275,
            "revenue_4q": null,
            "common_shares": 1019020,
            "book_valuer_per_share": 17.44,
            "book_valuer_per_share_4q_avg": 19.63,
            "equity": 1974277,
            "current_ratio": 113.23,
            "debt_ratio": 64.73,
            "inventory_turnover_ratio": 1.79,
            "account_receivable_turnover_ratio": 0.59,
            "reinvestment_rate": null,
            "research_to_sale_ratio": 1.1,
            "price_fair": 49.47,
            "eps_avg_yearly": 1.41,
            "eps_latest_yearly": 1.04,
            "eps_growth_yearly": 162.98
        },
        "20132": {
            "year_quarter": 20132,
            "year": 2013,
            "quarter": 2,
            "eps": -1.34,
            "eps_growth_year": null,
            "eps_4q": -5.73,
            "eps_4q_growth_year": null,
            "roe": -6.5,
            "roe_4q": -26.77,
            "gross_profit": 51758,
            "gross_margin": 4.11,
            "gross_margin_4q_avg": 1.84,
            "net_income": -124861,
            "net_income_4q": null,
            "revenue": 1258227,
            "revenue_4q": null,
            "common_shares": 1019020,
            "book_valuer_per_share": 16.25,
            "book_valuer_per_share_4q_avg": 18.25,
            "equity": 1868721,
            "current_ratio": 103.51,
            "debt_ratio": 70.26,
            "inventory_turnover_ratio": 2.7,
            "account_receivable_turnover_ratio": 0.84,
            "reinvestment_rate": null,
            "research_to_sale_ratio": 1.14,
            "price_fair": 49.47,
            "eps_avg_yearly": 1.41,
            "eps_latest_yearly": 1.04,
            "eps_growth_yearly": 162.98
        },
        "20133": {
            "year_quarter": 20133,
            "year": 2013,
            "quarter": 3,
            "eps": -1.24,
            "eps_growth_year": null,
            "eps_4q": -5.98,
            "eps_4q_growth_year": null,
            "roe": -6.08,
            "roe_4q": -28.550000000000004,
            "gross_profit": 101080,
            "gross_margin": 7.51,
            "gross_margin_4q_avg": 3.21,
            "net_income": -112581,
            "net_income_4q": null,
            "revenue": 1346057,
            "revenue_4q": null,
            "common_shares": 1019020,
            "book_valuer_per_share": 15.08,
            "book_valuer_per_share_4q_avg": 16.86,
            "equity": 1833050,
            "current_ratio": 105.09,
            "debt_ratio": 72.84,
            "inventory_turnover_ratio": 2.78,
            "account_receivable_turnover_ratio": 0.73,
            "reinvestment_rate": null,
            "research_to_sale_ratio": 0.86,
            "price_fair": 49.47,
            "eps_avg_yearly": 1.41,
            "eps_latest_yearly": 1.04,
            "eps_growth_yearly": 162.98
        },
        "20134": {
            "year_quarter": 20134,
            "year": 2013,
            "quarter": 4,
            "eps": -3.6,
            "eps_growth_year": null,
            "eps_4q": -7.63,
            "eps_4q_growth_year": null,
            "roe": -20.25,
            "roe_4q": -40.739999999999995,
            "gross_profit": 191475,
            "gross_margin": 12.95,
            "gross_margin_4q_avg": 5.26,
            "net_income": -338829,
            "net_income_4q": null,
            "revenue": 1478297,
            "revenue_4q": null,
            "common_shares": 1019020,
            "book_valuer_per_share": 11.57,
            "book_valuer_per_share_4q_avg": 15.09,
            "equity": 1513494,
            "current_ratio": 105.31,
            "debt_ratio": 77.83,
            "inventory_turnover_ratio": 2.61,
            "account_receivable_turnover_ratio": 0.7,
            "reinvestment_rate": null,
            "research_to_sale_ratio": 0.65,
            "price_fair": 49.47,
            "eps_avg_yearly": 1.41,
            "eps_latest_yearly": 1.04,
            "eps_growth_yearly": 162.98
        },
        "20141": {
            "year_quarter": 20141,
            "year": 2014,
            "quarter": 1,
            "eps": -0.87,
            "eps_growth_year": null,
            "eps_4q": -7.06,
            "eps_4q_growth_year": null,
            "roe": -5,
            "roe_4q": -37.83,
            "gross_profit": 193296,
            "gross_margin": 12.3,
            "gross_margin_4q_avg": 9.22,
            "net_income": -76280,
            "net_income_4q": null,
            "revenue": 1571726,
            "revenue_4q": null,
            "common_shares": 1019020,
            "book_valuer_per_share": 10.69,
            "book_valuer_per_share_4q_avg": 13.4,
            "equity": 1538579,
            "current_ratio": 97.12,
            "debt_ratio": 79.28,
            "inventory_turnover_ratio": 2.13,
            "account_receivable_turnover_ratio": 0.73,
            "reinvestment_rate": null,
            "research_to_sale_ratio": 1.68,
            "price_fair": 49.47,
            "eps_avg_yearly": 1.41,
            "eps_latest_yearly": 1.04,
            "eps_growth_yearly": 162.98
        },
        "20142": {
            "year_quarter": 20142,
            "year": 2014,
            "quarter": 2,
            "eps": 0.16,
            "eps_growth_year": null,
            "eps_4q": -5.55,
            "eps_4q_growth_year": null,
            "roe": 3.45,
            "roe_4q": -27.880000000000003,
            "gross_profit": 377119,
            "gross_margin": 17.28,
            "gross_margin_4q_avg": 12.51,
            "net_income": 55804,
            "net_income_4q": null,
            "revenue": 2182660,
            "revenue_4q": null,
            "common_shares": 1019020,
            "book_valuer_per_share": 10.75,
            "book_valuer_per_share_4q_avg": 12.02,
            "equity": 1699355,
            "current_ratio": 91.67,
            "debt_ratio": 78.16,
            "inventory_turnover_ratio": 2.45,
            "account_receivable_turnover_ratio": 1.02,
            "reinvestment_rate": null,
            "research_to_sale_ratio": 1.5,
            "price_fair": 49.47,
            "eps_avg_yearly": 1.41,
            "eps_latest_yearly": 1.04,
            "eps_growth_yearly": 162.98
        },
        "20143": {
            "year_quarter": 20143,
            "year": 2014,
            "quarter": 3,
            "eps": 0.01,
            "eps_growth_year": null,
            "eps_4q": -4.31,
            "eps_4q_growth_year": null,
            "roe": 0.52,
            "roe_4q": -21.28,
            "gross_profit": 303020,
            "gross_margin": 16.38,
            "gross_margin_4q_avg": 14.73,
            "net_income": 8850,
            "net_income_4q": null,
            "revenue": 1850114,
            "revenue_4q": null,
            "common_shares": 1019020,
            "book_valuer_per_share": 10.88,
            "book_valuer_per_share_4q_avg": 10.97,
            "equity": 1736726,
            "current_ratio": 85.18,
            "debt_ratio": 79.14,
            "inventory_turnover_ratio": 2.08,
            "account_receivable_turnover_ratio": 0.79,
            "reinvestment_rate": null,
            "research_to_sale_ratio": 2.39,
            "price_fair": 1.76,
            "eps_avg_yearly": 0.59,
            "eps_latest_yearly": 0.04,
            "eps_growth_yearly": -151.77
        },
        "20144": {
            "year_quarter": 20144,
            "year": 2014,
            "quarter": 4,
            "eps": -0.15,
            "eps_growth_year": null,
            "eps_4q": -0.85,
            "eps_4q_growth_year": null,
            "roe": -0.3,
            "roe_4q": -1.3299999999999996,
            "gross_profit": 223715,
            "gross_margin": 12.15,
            "gross_margin_4q_avg": 14.53,
            "net_income": -6802,
            "net_income_4q": null,
            "revenue": 1840601,
            "revenue_4q": null,
            "common_shares": 1019020,
            "book_valuer_per_share": 13.9,
            "book_valuer_per_share_4q_avg": 11.56,
            "equity": 2782742,
            "current_ratio": 104.69,
            "debt_ratio": 68.38,
            "inventory_turnover_ratio": 2.04,
            "account_receivable_turnover_ratio": 0.69,
            "reinvestment_rate": null,
            "research_to_sale_ratio": 2.9,
            "price_fair": 1.62,
            "eps_avg_yearly": 0.54,
            "eps_latest_yearly": 0.04,
            "eps_growth_yearly": -81.62
        },
        "20151": {
            "year_quarter": 20151,
            "year": 2015,
            "quarter": 1,
            "eps": -0.54,
            "eps_growth_year": null,
            "eps_4q": -0.52,
            "eps_4q_growth_year": null,
            "roe": -2.71,
            "roe_4q": 0.9600000000000004,
            "gross_profit": 200952,
            "gross_margin": 13.08,
            "gross_margin_4q_avg": 14.72,
            "net_income": -73697,
            "net_income_4q": null,
            "revenue": 1536204,
            "revenue_4q": null,
            "common_shares": 1019020,
            "book_valuer_per_share": 13.06,
            "book_valuer_per_share_4q_avg": 12.15,
            "equity": 2664100,
            "current_ratio": 90.91,
            "debt_ratio": 68.61,
            "inventory_turnover_ratio": 1.54,
            "account_receivable_turnover_ratio": 0.58,
            "reinvestment_rate": null,
            "research_to_sale_ratio": 3.67,
            "price_fair": 0.12,
            "eps_avg_yearly": 0.04,
            "eps_latest_yearly": 0.04,
            "eps_growth_yearly": -375
        },
        "20152": {
            "year_quarter": 20152,
            "year": 2015,
            "quarter": 2,
            "eps": -0.03,
            "eps_growth_year": -118.75,
            "eps_4q": -0.72,
            "eps_4q_growth_year": null,
            "roe": 0.2,
            "roe_4q": -2.2899999999999996,
            "gross_profit": 307412,
            "gross_margin": 15,
            "gross_margin_4q_avg": 14.15,
            "net_income": 5303,
            "net_income_4q": null,
            "revenue": 2049467,
            "revenue_4q": null,
            "common_shares": 1019020,
            "book_valuer_per_share": 12.83,
            "book_valuer_per_share_4q_avg": 12.67,
            "equity": 2630927,
            "current_ratio": 88.9,
            "debt_ratio": 70.05,
            "inventory_turnover_ratio": 1.85,
            "account_receivable_turnover_ratio": 0.78,
            "reinvestment_rate": null,
            "research_to_sale_ratio": 3.55,
            "price_fair": 0.12,
            "eps_avg_yearly": 0.04,
            "eps_latest_yearly": 0.04,
            "eps_growth_yearly": -375
        },
        "20153": {
            "year_quarter": 20153,
            "year": 2015,
            "quarter": 3,
            "eps": 0.04,
            "eps_growth_year": 300,
            "eps_4q": -0.68,
            "eps_4q_growth_year": null,
            "roe": 1.79,
            "roe_4q": -1.02,
            "gross_profit": 135246,
            "gross_margin": 21.13,
            "gross_margin_4q_avg": 15.34,
            "net_income": 35803,
            "net_income_4q": null,
            "revenue": 640035,
            "revenue_4q": null,
            "common_shares": 1019020,
            "book_valuer_per_share": 10.39,
            "book_valuer_per_share_4q_avg": 12.55,
            "equity": 1379931,
            "current_ratio": 135.76,
            "debt_ratio": 69.72,
            "inventory_turnover_ratio": 0.79,
            "account_receivable_turnover_ratio": 0.36,
            "reinvestment_rate": null,
            "research_to_sale_ratio": 5.75,
            "price_fair": 0.12,
            "eps_avg_yearly": 0.04,
            "eps_latest_yearly": 0.04,
            "eps_growth_yearly": -375
        },
        "20154": {
            "year_quarter": 20154,
            "year": 2015,
            "quarter": 4,
            "eps": 0.62,
            "eps_growth_year": null,
            "eps_4q": 0.09,
            "eps_4q_growth_year": null,
            "roe": 5.58,
            "roe_4q": 4.86,
            "gross_profit": 157815,
            "gross_margin": 23.9,
            "gross_margin_4q_avg": 18.28,
            "net_income": 86844,
            "net_income_4q": null,
            "revenue": 660343,
            "revenue_4q": null,
            "common_shares": 1019020,
            "book_valuer_per_share": 13.1,
            "book_valuer_per_share_4q_avg": 12.35,
            "equity": 1735438,
            "current_ratio": 117.77,
            "debt_ratio": 62.27,
            "inventory_turnover_ratio": 1.74,
            "account_receivable_turnover_ratio": 0.85,
            "reinvestment_rate": null,
            "research_to_sale_ratio": 5.68,
            "price_fair": 44.1,
            "eps_avg_yearly": 1.26,
            "eps_latest_yearly": 2.48,
            "eps_growth_yearly": 2712.5
        },
        "20161": {
            "year_quarter": 20161,
            "year": 2016,
            "quarter": 1,
            "eps": 0.59,
            "eps_growth_year": null,
            "eps_4q": 1.21,
            "eps_4q_growth_year": null,
            "roe": 4.08,
            "roe_4q": 11.649999999999999,
            "gross_profit": 117473,
            "gross_margin": 20.28,
            "gross_margin_4q_avg": 20.08,
            "net_income": 72074,
            "net_income_4q": null,
            "revenue": 579363,
            "revenue_4q": null,
            "common_shares": 1019020,
            "book_valuer_per_share": 13.63,
            "book_valuer_per_share_4q_avg": 12.49,
            "equity": 1794398,
            "current_ratio": 117.58,
            "debt_ratio": 62.05,
            "inventory_turnover_ratio": 1.7,
            "account_receivable_turnover_ratio": 0.75,
            "reinvestment_rate": null,
            "research_to_sale_ratio": 6.03,
            "price_fair": 56.93,
            "eps_avg_yearly": 1.63,
            "eps_latest_yearly": 2.36,
            "eps_growth_yearly": 1801.88
        },
        "20162": {
            "year_quarter": 20162,
            "year": 2016,
            "quarter": 2,
            "eps": 0.42,
            "eps_growth_year": null,
            "eps_4q": 1.67,
            "eps_4q_growth_year": null,
            "roe": 2.39,
            "roe_4q": 13.84,
            "gross_profit": 71520,
            "gross_margin": 14.01,
            "gross_margin_4q_avg": 19.83,
            "net_income": 50130,
            "net_income_4q": null,
            "revenue": 510438,
            "revenue_4q": null,
            "common_shares": 1019020,
            "book_valuer_per_share": 18.3,
            "book_valuer_per_share_4q_avg": 13.86,
            "equity": 2399937,
            "current_ratio": 115.88,
            "debt_ratio": 55.22,
            "inventory_turnover_ratio": 1.54,
            "account_receivable_turnover_ratio": 0.69,
            "reinvestment_rate": null,
            "research_to_sale_ratio": 7.22,
            "price_fair": 57.4,
            "eps_avg_yearly": 1.64,
            "eps_latest_yearly": 1.68,
            "eps_growth_yearly": 1322.6
        },
        "20163": {
            "year_quarter": 20163,
            "year": 2016,
            "quarter": 3,
            "eps": 0.56,
            "eps_growth_year": 1300,
            "eps_4q": 2.14,
            "eps_4q_growth_year": null,
            "roe": 3.34,
            "roe_4q": 15.39,
            "gross_profit": 117372,
            "gross_margin": 18.37,
            "gross_margin_4q_avg": 19.14,
            "net_income": 75035,
            "net_income_4q": null,
            "revenue": 638838,
            "revenue_4q": null,
            "common_shares": 1044020,
            "book_valuer_per_share": 15.64,
            "book_valuer_per_share_4q_avg": 15.17,
            "equity": 2097549,
            "current_ratio": 107.64,
            "debt_ratio": 59.44,
            "inventory_turnover_ratio": 1.8,
            "account_receivable_turnover_ratio": 0.91,
            "reinvestment_rate": null,
            "research_to_sale_ratio": 5.2,
            "price_fair": 61.6,
            "eps_avg_yearly": 1.76,
            "eps_latest_yearly": 2.24,
            "eps_growth_yearly": 1084.74
        },
        "20164": {
            "year_quarter": 20164,
            "year": 2016,
            "quarter": 4,
            "eps": 0.21,
            "eps_growth_year": -65.77,
            "eps_4q": 1.75,
            "eps_4q_growth_year": 1932.79,
            "roe": 2.06,
            "roe_4q": 11.870000000000001,
            "gross_profit": 124449,
            "gross_margin": 18.41,
            "gross_margin_4q_avg": 17.77,
            "net_income": 42885,
            "net_income_4q": null,
            "revenue": 675905,
            "revenue_4q": null,
            "common_shares": 1044020,
            "book_valuer_per_share": 13.57,
            "book_valuer_per_share_4q_avg": 15.29,
            "equity": 2062543,
            "current_ratio": 117.4,
            "debt_ratio": 59.8,
            "inventory_turnover_ratio": 1.81,
            "account_receivable_turnover_ratio": 0.85,
            "reinvestment_rate": null,
            "research_to_sale_ratio": 4.79,
            "price_fair": 56.23,
            "eps_avg_yearly": 1.61,
            "eps_latest_yearly": 0.84,
            "eps_growth_yearly": 862.29
        },
        "20171": {
            "year_quarter": 20171,
            "year": 2017,
            "quarter": 1,
            "eps": 0.85,
            "eps_growth_year": 44.07,
            "eps_4q": 2.02,
            "eps_4q_growth_year": 66.28,
            "roe": 6.44,
            "roe_4q": 14.23,
            "gross_profit": 141346,
            "gross_margin": 20.55,
            "gross_margin_4q_avg": 17.84,
            "net_income": 125825,
            "net_income_4q": null,
            "revenue": 687828,
            "revenue_4q": null,
            "common_shares": 1044020,
            "book_valuer_per_share": 13.71,
            "book_valuer_per_share_4q_avg": 15.31,
            "equity": 1843818,
            "current_ratio": 176.64,
            "debt_ratio": 54.28,
            "inventory_turnover_ratio": 2.15,
            "account_receivable_turnover_ratio": 1.17,
            "reinvestment_rate": null,
            "research_to_sale_ratio": 4.68,
            "price_fair": 65.2,
            "eps_avg_yearly": 1.86,
            "eps_latest_yearly": 3.4,
            "eps_growth_yearly": 913.25
        },
        "20172": {
            "year_quarter": 20172,
            "year": 2017,
            "quarter": 2,
            "eps": 0.72,
            "eps_growth_year": 71.43,
            "eps_4q": 2.33,
            "eps_4q_growth_year": 39.38,
            "roe": 5.36,
            "roe_4q": 17.200000000000003,
            "gross_profit": 92224,
            "gross_margin": 26.81,
            "gross_margin_4q_avg": 21.04,
            "net_income": 100516,
            "net_income_4q": null,
            "revenue": 343947,
            "revenue_4q": null,
            "common_shares": 1049720,
            "book_valuer_per_share": 14.1,
            "book_valuer_per_share_4q_avg": 14.26,
            "equity": 1905837,
            "current_ratio": 126.81,
            "debt_ratio": 56.15,
            "inventory_turnover_ratio": 1.34,
            "account_receivable_turnover_ratio": 1.15,
            "reinvestment_rate": null,
            "research_to_sale_ratio": 5.64,
            "price_fair": 69.65,
            "eps_avg_yearly": 1.99,
            "eps_latest_yearly": 2.88,
            "eps_growth_yearly": 791.45
        },
        "20173": {
            "year_quarter": 20173,
            "year": 2017,
            "quarter": 3,
            "eps": 0.95,
            "eps_growth_year": 69.64,
            "eps_4q": 2.65,
            "eps_4q_growth_year": 24.15,
            "roe": 6.22,
            "roe_4q": 20.08,
            "gross_profit": 80007,
            "gross_margin": 21.23,
            "gross_margin_4q_avg": 21.75,
            "net_income": 121994,
            "net_income_4q": null,
            "revenue": 376918,
            "revenue_4q": null,
            "common_shares": 1049320,
            "book_valuer_per_share": 14.91,
            "book_valuer_per_share_4q_avg": 14.07,
            "equity": 2018795,
            "current_ratio": 119.7,
            "debt_ratio": 55.66,
            "inventory_turnover_ratio": 1.49,
            "account_receivable_turnover_ratio": 1.15,
            "reinvestment_rate": null,
            "research_to_sale_ratio": 6.8,
            "price_fair": 76.69,
            "eps_avg_yearly": 2.19,
            "eps_latest_yearly": 3.8,
            "eps_growth_yearly": 717.71
        },
        "20174": {
            "year_quarter": 20174,
            "year": 2017,
            "quarter": 4,
            "eps": 0.54,
            "eps_growth_year": 154.06,
            "eps_4q": 2.98,
            "eps_4q_growth_year": 70.53,
            "roe": 5.32,
            "roe_4q": 23.34,
            "gross_profit": 76801,
            "gross_margin": 19.9,
            "gross_margin_4q_avg": 22.12,
            "net_income": 106341,
            "net_income_4q": null,
            "revenue": 385889,
            "revenue_4q": null,
            "common_shares": 1049220,
            "book_valuer_per_share": 14.4,
            "book_valuer_per_share_4q_avg": 14.28,
            "equity": 1980844,
            "current_ratio": 103.43,
            "debt_ratio": 55.31,
            "inventory_turnover_ratio": 1.46,
            "account_receivable_turnover_ratio": 1.15,
            "reinvestment_rate": 96.04,
            "research_to_sale_ratio": 5.16,
            "price_fair": 76.58,
            "eps_avg_yearly": 2.19,
            "eps_latest_yearly": 2.16,
            "eps_growth_yearly": 628.67
        },
        "20181": {
            "year_quarter": 20181,
            "year": 2018,
            "quarter": 1,
            "eps": 0.01,
            "eps_growth_year": -98.82,
            "eps_4q": 2.15,
            "eps_4q_growth_year": 6.55,
            "roe": -0,
            "roe_4q": 16.9,
            "gross_profit": 62699,
            "gross_margin": 19.9,
            "gross_margin_4q_avg": 21.96,
            "net_income": -24,
            "net_income_4q": null,
            "revenue": 315026,
            "revenue_4q": null,
            "common_shares": 1049220,
            "book_valuer_per_share": 14.36,
            "book_valuer_per_share_4q_avg": 14.44,
            "equity": 1969531,
            "current_ratio": 113.66,
            "debt_ratio": 53.68,
            "inventory_turnover_ratio": 1.28,
            "account_receivable_turnover_ratio": 1.14,
            "reinvestment_rate": -325.36,
            "research_to_sale_ratio": 4.04,
            "price_fair": 69.75,
            "eps_avg_yearly": 1.99,
            "eps_latest_yearly": 0.04,
            "eps_growth_yearly": 535.83
        },
        "20182": {
            "year_quarter": 20182,
            "year": 2018,
            "quarter": 2,
            "eps": 0.03,
            "eps_growth_year": -95.83,
            "eps_4q": 1.46,
            "eps_4q_growth_year": -37.26,
            "roe": 0.07,
            "roe_4q": 11.61,
            "gross_profit": 40944,
            "gross_margin": 16,
            "gross_margin_4q_avg": 19.26,
            "net_income": 1411,
            "net_income_4q": null,
            "revenue": 255839,
            "revenue_4q": null,
            "common_shares": 1047570,
            "book_valuer_per_share": 14.67,
            "book_valuer_per_share_4q_avg": 14.59,
            "equity": 2014459,
            "current_ratio": 118.4,
            "debt_ratio": 53.87,
            "inventory_turnover_ratio": 1.3,
            "account_receivable_turnover_ratio": 1.04,
            "reinvestment_rate": -345.75,
            "research_to_sale_ratio": 3.92,
            "price_fair": 64.28,
            "eps_avg_yearly": 1.84,
            "eps_latest_yearly": 0.12,
            "eps_growth_yearly": 557.85
        },
        "20183": {
            "year_quarter": 20183,
            "year": 2018,
            "quarter": 3,
            "eps": -0.31,
            "eps_growth_year": -132.63,
            "eps_4q": 0.27,
            "eps_4q_growth_year": -89.94,
            "roe": -1.61,
            "roe_4q": 3.7800000000000002,
            "gross_profit": 24582,
            "gross_margin": 10.94,
            "gross_margin_4q_avg": 16.69,
            "net_income": -29798,
            "net_income_4q": null,
            "revenue": 224710,
            "revenue_4q": null,
            "common_shares": 1047370,
            "book_valuer_per_share": 12.19,
            "book_valuer_per_share_4q_avg": 13.91,
            "equity": 1697545,
            "current_ratio": 143.63,
            "debt_ratio": 56.93,
            "inventory_turnover_ratio": 1.32,
            "account_receivable_turnover_ratio": 0.94,
            "reinvestment_rate": -437.85,
            "research_to_sale_ratio": 4.4,
            "price_fair": 70,
            "eps_avg_yearly": 2,
            "eps_latest_yearly": 0.12,
            "eps_growth_yearly": 642.65
        },
        "20184": {
            "year_quarter": 20184,
            "year": 2018,
            "quarter": 4,
            "eps": -0.14,
            "eps_growth_year": -126.18,
            "eps_4q": -0.41,
            "eps_4q_growth_year": -113.74,
            "roe": -0.28,
            "roe_4q": -1.82,
            "gross_profit": 39777,
            "gross_margin": 17.43,
            "gross_margin_4q_avg": 16.07,
            "net_income": -4611,
            "net_income_4q": null,
            "revenue": 228167,
            "revenue_4q": null,
            "common_shares": 1047230,
            "book_valuer_per_share": 10.96,
            "book_valuer_per_share_4q_avg": 13.05,
            "equity": 1550736,
            "current_ratio": 154.97,
            "debt_ratio": 60.53,
            "inventory_turnover_ratio": 1.27,
            "account_receivable_turnover_ratio": 1.03,
            "reinvestment_rate": -494.51,
            "research_to_sale_ratio": 4.74,
            "price_fair": 70,
            "eps_avg_yearly": 2,
            "eps_latest_yearly": 0.12,
            "eps_growth_yearly": 642.65
        },
        "20191": {
            "year_quarter": 20191,
            "year": 2019,
            "quarter": 1,
            "eps": -0.13,
            "eps_growth_year": -1400,
            "eps_4q": -0.55,
            "eps_4q_growth_year": -125.42,
            "roe": -0.47,
            "roe_4q": -2.2900000000000005,
            "gross_profit": 32807,
            "gross_margin": 12.94,
            "gross_margin_4q_avg": 14.33,
            "net_income": -7672,
            "net_income_4q": null,
            "revenue": 253611,
            "revenue_4q": null,
            "common_shares": 1047230,
            "book_valuer_per_share": 12.1,
            "book_valuer_per_share_4q_avg": 12.48,
            "equity": 1708289,
            "current_ratio": 238.73,
            "debt_ratio": 57.94,
            "inventory_turnover_ratio": 1.53,
            "account_receivable_turnover_ratio": 1.16,
            "reinvestment_rate": -457.83,
            "research_to_sale_ratio": 4.01,
            "price_fair": 70,
            "eps_avg_yearly": 2,
            "eps_latest_yearly": 0.12,
            "eps_growth_yearly": 642.65
        },
        "20192": {
            "year_quarter": 20192,
            "year": 2019,
            "quarter": 2,
            "eps": -0.39,
            "eps_growth_year": -1400,
            "eps_4q": -0.97,
            "eps_4q_growth_year": -166.19,
            "roe": -2.69,
            "roe_4q": -5.050000000000001,
            "gross_profit": 48753,
            "gross_margin": 18.61,
            "gross_margin_4q_avg": 14.98,
            "net_income": -45662,
            "net_income_4q": null,
            "revenue": 261913,
            "revenue_4q": null,
            "common_shares": 1046700,
            "book_valuer_per_share": 11.97,
            "book_valuer_per_share_4q_avg": 11.81,
            "equity": 1689732,
            "current_ratio": 210.53,
            "debt_ratio": 58.65,
            "inventory_turnover_ratio": 1.48,
            "account_receivable_turnover_ratio": 1.09,
            "reinvestment_rate": -492.45,
            "research_to_sale_ratio": 3.42,
            "price_fair": 70,
            "eps_avg_yearly": 2,
            "eps_latest_yearly": 0.12,
            "eps_growth_yearly": 642.65
        },
        "20193": {
            "year_quarter": 20193,
            "year": 2019,
            "quarter": 3,
            "eps": -0.12,
            "eps_growth_year": null,
            "eps_4q": -0.77,
            "eps_4q_growth_year": -387.86,
            "roe": -0.39,
            "roe_4q": -3.83,
            "gross_profit": 45442,
            "gross_margin": 16.92,
            "gross_margin_4q_avg": 16.48,
            "net_income": -6439,
            "net_income_4q": null,
            "revenue": 268613,
            "revenue_4q": null,
            "common_shares": 1046700,
            "book_valuer_per_share": 11.54,
            "book_valuer_per_share_4q_avg": 11.64,
            "equity": 1643682,
            "current_ratio": 195.57,
            "debt_ratio": 59.67,
            "inventory_turnover_ratio": 1.51,
            "account_receivable_turnover_ratio": 1.16,
            "reinvestment_rate": -156.31,
            "research_to_sale_ratio": 3.72,
            "price_fair": 70,
            "eps_avg_yearly": 2,
            "eps_latest_yearly": 0.12,
            "eps_growth_yearly": 642.65
        },
        "20194": {
            "year_quarter": 20194,
            "year": 2019,
            "quarter": 4,
            "eps": -0.28,
            "eps_growth_year": null,
            "eps_4q": -0.91,
            "eps_4q_growth_year": null,
            "roe": -1.49,
            "roe_4q": -5.04,
            "gross_profit": 34414,
            "gross_margin": 14.36,
            "gross_margin_4q_avg": 15.71,
            "net_income": -23579,
            "net_income_4q": null,
            "revenue": 239595,
            "revenue_4q": null,
            "common_shares": 1046670,
            "book_valuer_per_share": 10.99,
            "book_valuer_per_share_4q_avg": 11.65,
            "equity": 1512580,
            "current_ratio": 173.78,
            "debt_ratio": 58.99,
            "inventory_turnover_ratio": 1.45,
            "account_receivable_turnover_ratio": 1.22,
            "reinvestment_rate": -376.23,
            "research_to_sale_ratio": 4.57,
            "price_fair": 68.32,
            "eps_avg_yearly": 1.95,
            "eps_latest_yearly": 0.12,
            "eps_growth_yearly": 126.91
        },
        "20201": {
            "year_quarter": 20201,
            "year": 2020,
            "quarter": 1,
            "eps": 0.1,
            "eps_growth_year": null,
            "eps_4q": -0.69,
            "eps_4q_growth_year": null,
            "roe": 0.63,
            "roe_4q": -3.94,
            "gross_profit": 39216,
            "gross_margin": 15.42,
            "gross_margin_4q_avg": 16.33,
            "net_income": 9557,
            "net_income_4q": null,
            "revenue": 254394,
            "revenue_4q": null,
            "common_shares": 1046670,
            "book_valuer_per_share": 11.1,
            "book_valuer_per_share_4q_avg": 11.4,
            "equity": 1522087,
            "current_ratio": 127.78,
            "debt_ratio": 58.62,
            "inventory_turnover_ratio": 1.43,
            "account_receivable_turnover_ratio": 1.36,
            "reinvestment_rate": -480.52,
            "research_to_sale_ratio": 3.9,
            "price_fair": 66.73,
            "eps_avg_yearly": 1.91,
            "eps_latest_yearly": 0.12,
            "eps_growth_yearly": 143.17
        },
        "20202": {
            "year_quarter": 20202,
            "year": 2020,
            "quarter": 2,
            "eps": 0.04,
            "eps_growth_year": null,
            "eps_4q": -0.26,
            "eps_4q_growth_year": null,
            "roe": 0.53,
            "roe_4q": -0.7199999999999999,
            "gross_profit": 35577,
            "gross_margin": 12.9,
            "gross_margin_4q_avg": 14.9,
            "net_income": 8001,
            "net_income_4q": null,
            "revenue": 275746,
            "revenue_4q": null,
            "common_shares": 1046670,
            "book_valuer_per_share": 10.92,
            "book_valuer_per_share_4q_avg": 11.14,
            "equity": 1485153,
            "current_ratio": 116.04,
            "debt_ratio": 59.56,
            "inventory_turnover_ratio": 1.5,
            "account_receivable_turnover_ratio": 1.41,
            "reinvestment_rate": -836.7,
            "research_to_sale_ratio": 3.78,
            "price_fair": 60.82,
            "eps_avg_yearly": 1.74,
            "eps_latest_yearly": 0.16,
            "eps_growth_yearly": 129.31
        },
        "20203": {
            "year_quarter": 20203,
            "year": 2020,
            "quarter": 3,
            "eps": -0.38,
            "eps_growth_year": null,
            "eps_4q": -0.52,
            "eps_4q_growth_year": null,
            "roe": -3.03,
            "roe_4q": -3.3600000000000003,
            "gross_profit": 12421,
            "gross_margin": 5.83,
            "gross_margin_4q_avg": 12.13,
            "net_income": -43264,
            "net_income_4q": null,
            "revenue": 212973,
            "revenue_4q": null,
            "common_shares": 1030870,
            "book_valuer_per_share": 10.47,
            "book_valuer_per_share_4q_avg": 10.87,
            "equity": 1370248,
            "current_ratio": 101.45,
            "debt_ratio": 59.73,
            "inventory_turnover_ratio": 1.31,
            "account_receivable_turnover_ratio": 1.21,
            "reinvestment_rate": -1197.45,
            "research_to_sale_ratio": 4.1,
            "price_fair": 58.63,
            "eps_avg_yearly": 1.68,
            "eps_latest_yearly": 0.16,
            "eps_growth_yearly": 128.8
        },
        "20204": {
            "year_quarter": 20204,
            "year": 2020,
            "quarter": 4,
            "eps": -0.87,
            "eps_growth_year": null,
            "eps_4q": -1.11,
            "eps_4q_growth_year": null,
            "roe": -7.57,
            "roe_4q": -9.44,
            "gross_profit": -8163,
            "gross_margin": -4.79,
            "gross_margin_4q_avg": 7.34,
            "net_income": -100649,
            "net_income_4q": null,
            "revenue": 170325,
            "revenue_4q": null,
            "common_shares": 1022060,
            "book_valuer_per_share": 9.82,
            "book_valuer_per_share_4q_avg": 10.58,
            "equity": 1288370,
            "current_ratio": 115,
            "debt_ratio": 61.27,
            "inventory_turnover_ratio": 1.29,
            "account_receivable_turnover_ratio": 1.22,
            "reinvestment_rate": -3214.89,
            "research_to_sale_ratio": 6.83,
            "price_fair": 62.8,
            "eps_avg_yearly": 1.79,
            "eps_latest_yearly": 0.16,
            "eps_growth_yearly": 182.92
        },
        "20211": {
            "year_quarter": 20211,
            "year": 2021,
            "quarter": 1,
            "eps": -0.14,
            "eps_growth_year": -240,
            "eps_4q": -1.35,
            "eps_4q_growth_year": null,
            "roe": -1.24,
            "roe_4q": -11.31,
            "gross_profit": 21373,
            "gross_margin": 8.74,
            "gross_margin_4q_avg": 5.67,
            "net_income": -15855,
            "net_income_4q": null,
            "revenue": 244421,
            "revenue_4q": null,
            "common_shares": 1022060,
            "book_valuer_per_share": 9.66,
            "book_valuer_per_share_4q_avg": 10.22,
            "equity": 1270079,
            "current_ratio": 115.13,
            "debt_ratio": 62.64,
            "inventory_turnover_ratio": 1.59,
            "account_receivable_turnover_ratio": 1.71,
            "reinvestment_rate": null,
            "research_to_sale_ratio": 3.22,
            "price_fair": 30.88,
            "eps_avg_yearly": 1.53,
            "eps_latest_yearly": 0.16,
            "eps_growth_yearly": 10.23
        },
        "20212": {
            "year_quarter": 20212,
            "year": 2021,
            "quarter": 2,
            "eps": -0.12,
            "eps_growth_year": -400,
            "eps_4q": -1.52,
            "eps_4q_growth_year": null,
            "roe": -1.39,
            "roe_4q": -13.229999999999999,
            "gross_profit": 37041,
            "gross_margin": 12,
            "gross_margin_4q_avg": 5.45,
            "net_income": -17319,
            "net_income_4q": null,
            "revenue": 308654,
            "revenue_4q": null,
            "common_shares": 1022060,
            "book_valuer_per_share": 9.35,
            "book_valuer_per_share_4q_avg": 9.83,
            "equity": 1227968,
            "current_ratio": 116.61,
            "debt_ratio": 63.18,
            "inventory_turnover_ratio": 1.52,
            "account_receivable_turnover_ratio": 1.6,
            "reinvestment_rate": null,
            "research_to_sale_ratio": 2.72,
            "price_fair": 43.35,
            "eps_avg_yearly": 1.26,
            "eps_latest_yearly": 0.16,
            "eps_growth_yearly": 24.51
        },
        "20213": {
            "year_quarter": 20213,
            "year": 2021,
            "quarter": 3,
            "eps": 0.03,
            "eps_growth_year": null,
            "eps_4q": -1.11,
            "eps_4q_growth_year": null,
            "roe": 0.19,
            "roe_4q": -10.01,
            "gross_profit": 21196,
            "gross_margin": 7.3,
            "gross_margin_4q_avg": 5.81,
            "net_income": 2371,
            "net_income_4q": null,
            "revenue": 290258,
            "revenue_4q": null,
            "common_shares": 1022060,
            "book_valuer_per_share": 9.35,
            "book_valuer_per_share_4q_avg": 9.55,
            "equity": 1227071,
            "current_ratio": 117.21,
            "debt_ratio": 64.04,
            "inventory_turnover_ratio": 1.17,
            "account_receivable_turnover_ratio": 1.38,
            "reinvestment_rate": null,
            "research_to_sale_ratio": 2.93,
            "price_fair": 1.86,
            "eps_avg_yearly": 0.62,
            "eps_latest_yearly": 0.16,
            "eps_growth_yearly": -1.31
        },
        "20214": {
            "year_quarter": 20214,
            "year": 2021,
            "quarter": 4,
            "eps": -1.03,
            "eps_growth_year": null,
            "eps_4q": -1.27,
            "eps_4q_growth_year": null,
            "roe": -12.78,
            "roe_4q": -15.22,
            "gross_profit": 40967,
            "gross_margin": 13.4,
            "gross_margin_4q_avg": 10.36,
            "net_income": -148063,
            "net_income_4q": null,
            "revenue": 305792,
            "revenue_4q": null,
            "common_shares": 1022060,
            "book_valuer_per_share": 8.43,
            "book_valuer_per_share_4q_avg": 9.2,
            "equity": 1090260,
            "current_ratio": 116.65,
            "debt_ratio": 67.16,
            "inventory_turnover_ratio": 1.04,
            "account_receivable_turnover_ratio": 1.37,
            "reinvestment_rate": null,
            "research_to_sale_ratio": 3.09,
            "price_fair": 3.73,
            "eps_avg_yearly": 0.11,
            "eps_latest_yearly": 0.16,
            "eps_growth_yearly": 55.8
        },
        "20221": {
            "year_quarter": 20221,
            "year": 2022,
            "quarter": 1,
            "eps": 0.04,
            "eps_growth_year": null,
            "eps_4q": -1.08,
            "eps_4q_growth_year": null,
            "roe": 0.31,
            "roe_4q": -13.67,
            "gross_profit": 56357,
            "gross_margin": 16.26,
            "gross_margin_4q_avg": 12.24,
            "net_income": 3530,
            "net_income_4q": null,
            "revenue": 346495,
            "revenue_4q": null,
            "common_shares": 1022060,
            "book_valuer_per_share": 8.98,
            "book_valuer_per_share_4q_avg": 9.03,
            "equity": 1153844,
            "current_ratio": 121.13,
            "debt_ratio": 65.54,
            "inventory_turnover_ratio": 1.11,
            "account_receivable_turnover_ratio": 1.43,
            "reinvestment_rate": null,
            "research_to_sale_ratio": 2.94,
            "price_fair": 4.9,
            "eps_avg_yearly": 0.14,
            "eps_latest_yearly": 0.16,
            "eps_growth_yearly": 280
        },
        "20222": {
            "year_quarter": 20222,
            "year": 2022,
            "quarter": 2,
            "eps": 0.29,
            "eps_growth_year": null,
            "eps_4q": -0.67,
            "eps_4q_growth_year": null,
            "roe": 2.61,
            "roe_4q": -9.67,
            "gross_profit": 84196,
            "gross_margin": 23.13,
            "gross_margin_4q_avg": 15.02,
            "net_income": 30710,
            "net_income_4q": null,
            "revenue": 363959,
            "revenue_4q": null,
            "common_shares": 1022060,
            "book_valuer_per_share": 9.23,
            "book_valuer_per_share_4q_avg": 9,
            "equity": 1197373,
            "current_ratio": 142.75,
            "debt_ratio": 63.55,
            "inventory_turnover_ratio": 1.02,
            "account_receivable_turnover_ratio": 1.52,
            "reinvestment_rate": null,
            "research_to_sale_ratio": 3.76,
            "price_fair": 23.1,
            "eps_avg_yearly": 0.66,
            "eps_latest_yearly": 1.16,
            "eps_growth_yearly": 1130
        },
        "20223": {
            "year_quarter": 20223,
            "year": 2022,
            "quarter": 3,
            "eps": 0.32,
            "eps_growth_year": 966.67,
            "eps_4q": -0.56,
            "eps_4q_growth_year": null,
            "roe": 2.19,
            "roe_4q": -7.67,
            "gross_profit": 89315,
            "gross_margin": 24.64,
            "gross_margin_4q_avg": 19.36,
            "net_income": 27559,
            "net_income_4q": null,
            "revenue": 362466,
            "revenue_4q": null,
            "common_shares": 777268,
            "book_valuer_per_share": 13.46,
            "book_valuer_per_share_4q_avg": 10.03,
            "equity": 1315584,
            "current_ratio": 129.54,
            "debt_ratio": 61.04,
            "inventory_turnover_ratio": 1.01,
            "account_receivable_turnover_ratio": 1.51,
            "reinvestment_rate": null,
            "research_to_sale_ratio": 3.59,
            "price_fair": 30.33,
            "eps_avg_yearly": 0.87,
            "eps_latest_yearly": 1.28,
            "eps_growth_yearly": 767.13
        },
        "20224": {
            "year_quarter": 20224,
            "year": 2022,
            "quarter": 4,
            "eps": 0.03,
            "eps_growth_year": null,
            "eps_4q": 0.83,
            "eps_4q_growth_year": null,
            "roe": 0.27,
            "roe_4q": 5.38,
            "gross_profit": 51930,
            "gross_margin": 17.67,
            "gross_margin_4q_avg": 20.43,
            "net_income": 3521,
            "net_income_4q": null,
            "revenue": 293864,
            "revenue_4q": null,
            "common_shares": 777268,
            "book_valuer_per_share": 13.86,
            "book_valuer_per_share_4q_avg": 11.38,
            "equity": 1339128,
            "current_ratio": 128.43,
            "debt_ratio": 59.73,
            "inventory_turnover_ratio": 0.95,
            "account_receivable_turnover_ratio": 1.35,
            "reinvestment_rate": null,
            "research_to_sale_ratio": 3.59,
            "price_fair": 23.8,
            "eps_avg_yearly": 0.68,
            "eps_latest_yearly": 0.12,
            "eps_growth_yearly": 484.72
        },
        "20231": {
            "year_quarter": 20231,
            "year": 2023,
            "quarter": 1,
            "eps": 0.18,
            "eps_growth_year": 350,
            "eps_4q": 0.95,
            "eps_4q_growth_year": null,
            "roe": 1.2,
            "roe_4q": 6.27,
            "gross_profit": 60973,
            "gross_margin": 19.32,
            "gross_margin_4q_avg": 21.19,
            "net_income": 16142,
            "net_income_4q": null,
            "revenue": 315664,
            "revenue_4q": null,
            "common_shares": 777268,
            "book_valuer_per_share": 13.91,
            "book_valuer_per_share_4q_avg": 12.62,
            "equity": 1341262,
            "current_ratio": 139.5,
            "debt_ratio": 59.7,
            "inventory_turnover_ratio": 1.05,
            "account_receivable_turnover_ratio": 1.66,
            "reinvestment_rate": null,
            "research_to_sale_ratio": 2.83,
            "price_fair": 24.08,
            "eps_avg_yearly": 0.69,
            "eps_latest_yearly": 0.72,
            "eps_growth_yearly": 787.78
        },
        "20232": {
            "year_quarter": 20232,
            "year": 2023,
            "quarter": 2,
            "eps": 0.23,
            "eps_growth_year": -20.69,
            "eps_4q": 0.8,
            "eps_4q_growth_year": null,
            "roe": 1.37,
            "roe_4q": 5.03,
            "gross_profit": 66231,
            "gross_margin": 20.93,
            "gross_margin_4q_avg": 20.64,
            "net_income": 18487,
            "net_income_4q": null,
            "revenue": 316472,
            "revenue_4q": null,
            "common_shares": 777268,
            "book_valuer_per_share": 13.94,
            "book_valuer_per_share_4q_avg": 13.79,
            "equity": 1350189,
            "current_ratio": 143.15,
            "debt_ratio": 58.84,
            "inventory_turnover_ratio": 1.1,
            "account_receivable_turnover_ratio": 1.65,
            "reinvestment_rate": null,
            "research_to_sale_ratio": 3.93,
            "price_fair": 25.43,
            "eps_avg_yearly": 0.73,
            "eps_latest_yearly": 0.92,
            "eps_growth_yearly": 675
        },
        "20233": {
            "year_quarter": 20233,
            "year": 2023,
            "quarter": 3,
            "eps": 0.12,
            "eps_growth_year": -62.5,
            "eps_4q": 0.56,
            "eps_4q_growth_year": null,
            "roe": 0.73,
            "roe_4q": 3.57,
            "gross_profit": 39591,
            "gross_margin": 15.97,
            "gross_margin_4q_avg": 18.47,
            "net_income": 10147,
            "net_income_4q": null,
            "revenue": 247976,
            "revenue_4q": null,
            "common_shares": 777268,
            "book_valuer_per_share": 14.69,
            "book_valuer_per_share_4q_avg": 14.1,
            "equity": 1418864,
            "current_ratio": 130.82,
            "debt_ratio": 57.51,
            "inventory_turnover_ratio": 0.97,
            "account_receivable_turnover_ratio": 1.33,
            "reinvestment_rate": null,
            "research_to_sale_ratio": 4.38,
            "price_fair": 24.2,
            "eps_avg_yearly": 0.69,
            "eps_latest_yearly": 0.48,
            "eps_growth_yearly": 551.24
        },
        "20234": {
            "year_quarter": 20234,
            "year": 2023,
            "quarter": 4,
            "eps": -0.19,
            "eps_growth_year": -685.06,
            "eps_4q": 0.34,
            "eps_4q_growth_year": -58.98,
            "roe": -0.95,
            "roe_4q": 2.35,
            "gross_profit": 24479,
            "gross_margin": 11.07,
            "gross_margin_4q_avg": 16.82,
            "net_income": -13013,
            "net_income_4q": null,
            "revenue": 221086,
            "revenue_4q": null,
            "common_shares": 777268,
            "book_valuer_per_share": 13.96,
            "book_valuer_per_share_4q_avg": 14.13,
            "equity": 1311461,
            "current_ratio": 127.97,
            "debt_ratio": 57.68,
            "inventory_turnover_ratio": 1,
            "account_receivable_turnover_ratio": 1.37,
            "reinvestment_rate": null,
            "research_to_sale_ratio": 5.04,
            "price_fair": 24.2,
            "eps_avg_yearly": 0.69,
            "eps_latest_yearly": 0.48,
            "eps_growth_yearly": 551.24
        }
    },
    "months": {
        "2007-10": {
            "month": "2007-10",
            "price": "54.16",
            "revenue": 56730
        },
        "2007-11": {
            "month": "2007-11",
            "price": "53.75",
            "revenue": 52260
        },
        "2007-12": {
            "month": "2007-12",
            "price": "48.89",
            "revenue": 41721
        },
        "2008-01": {
            "month": "2008-01",
            "price": "37.41",
            "revenue": 48886
        },
        "2008-02": {
            "month": "2008-02",
            "price": "31.14",
            "revenue": 47062
        },
        "2008-03": {
            "month": "2008-03",
            "price": "35.06",
            "revenue": 72174
        },
        "2008-04": {
            "month": "2008-04",
            "price": "43.37",
            "revenue": 70311
        },
        "2008-05": {
            "month": "2008-05",
            "price": "41.26",
            "revenue": 64473
        },
        "2008-06": {
            "month": "2008-06",
            "price": "39.60",
            "revenue": 57388
        },
        "2008-07": {
            "month": "2008-07",
            "price": "30.86",
            "revenue": 56985
        },
        "2008-08": {
            "month": "2008-08",
            "price": "29.53",
            "revenue": 62919
        },
        "2008-09": {
            "month": "2008-09",
            "price": "27.27",
            "revenue": 63083
        },
        "2008-10": {
            "month": "2008-10",
            "price": "22.08",
            "revenue": 80702
        },
        "2008-11": {
            "month": "2008-11",
            "price": "19.00",
            "revenue": 65552
        },
        "2008-12": {
            "month": "2008-12",
            "price": "17.45",
            "revenue": 56059
        },
        "2009-01": {
            "month": "2009-01",
            "price": "19.05",
            "revenue": 115940
        },
        "2009-02": {
            "month": "2009-02",
            "price": "25.85",
            "revenue": 128575
        },
        "2009-03": {
            "month": "2009-03",
            "price": "37.70",
            "revenue": 170078
        },
        "2009-04": {
            "month": "2009-04",
            "price": "43.65",
            "revenue": 157240
        },
        "2009-05": {
            "month": "2009-05",
            "price": "43.71",
            "revenue": 143346
        },
        "2009-06": {
            "month": "2009-06",
            "price": "35.89",
            "revenue": 163901
        },
        "2009-07": {
            "month": "2009-07",
            "price": "32.90",
            "revenue": 187240
        },
        "2009-08": {
            "month": "2009-08",
            "price": "28.82",
            "revenue": 189150
        },
        "2009-09": {
            "month": "2009-09",
            "price": "26.19",
            "revenue": 225725
        },
        "2009-10": {
            "month": "2009-10",
            "price": "26.23",
            "revenue": 206342
        },
        "2009-11": {
            "month": "2009-11",
            "price": "26.10",
            "revenue": 163547
        },
        "2009-12": {
            "month": "2009-12",
            "price": "30.35",
            "revenue": 141351
        },
        "2010-01": {
            "month": "2010-01",
            "price": "31.62",
            "revenue": 200253
        },
        "2010-02": {
            "month": "2010-02",
            "price": "26.13",
            "revenue": 122968
        },
        "2010-03": {
            "month": "2010-03",
            "price": "28.06",
            "revenue": 206920
        },
        "2010-04": {
            "month": "2010-04",
            "price": "29.35",
            "revenue": 205398
        },
        "2010-05": {
            "month": "2010-05",
            "price": "24.40",
            "revenue": 208693
        },
        "2010-06": {
            "month": "2010-06",
            "price": "23.75",
            "revenue": 190614
        },
        "2010-07": {
            "month": "2010-07",
            "price": "25.65",
            "revenue": 221733
        },
        "2010-08": {
            "month": "2010-08",
            "price": "26.87",
            "revenue": 267660
        },
        "2010-09": {
            "month": "2010-09",
            "price": "28.64",
            "revenue": 325914
        },
        "2010-10": {
            "month": "2010-10",
            "price": "40.10",
            "revenue": 286392
        },
        "2010-11": {
            "month": "2010-11",
            "price": "41.44",
            "revenue": 336526
        },
        "2010-12": {
            "month": "2010-12",
            "price": "42.95",
            "revenue": 304209
        },
        "2011-01": {
            "month": "2011-01",
            "price": "39.07",
            "revenue": 286761
        },
        "2011-02": {
            "month": "2011-02",
            "price": "41.96",
            "revenue": 190342
        },
        "2011-03": {
            "month": "2011-03",
            "price": "50.14",
            "revenue": 242818
        },
        "2011-04": {
            "month": "2011-04",
            "price": "50.73",
            "revenue": 220009
        },
        "2011-05": {
            "month": "2011-05",
            "price": "45.55",
            "revenue": 222663
        },
        "2011-06": {
            "month": "2011-06",
            "price": "47.26",
            "revenue": 177946
        },
        "2011-07": {
            "month": "2011-07",
            "price": "44.90",
            "revenue": 209764
        },
        "2011-08": {
            "month": "2011-08",
            "price": "32.78",
            "revenue": 231918
        },
        "2011-09": {
            "month": "2011-09",
            "price": "19.63",
            "revenue": 249647
        },
        "2011-10": {
            "month": "2011-10",
            "price": "21.99",
            "revenue": 329564
        },
        "2011-11": {
            "month": "2011-11",
            "price": "19.98",
            "revenue": 460397
        },
        "2011-12": {
            "month": "2011-12",
            "price": "20.02",
            "revenue": 342501
        },
        "2012-01": {
            "month": "2012-01",
            "price": "20.57",
            "revenue": 142919
        },
        "2012-02": {
            "month": "2012-02",
            "price": "25.44",
            "revenue": 136986
        },
        "2012-03": {
            "month": "2012-03",
            "price": "23.82",
            "revenue": 211318
        },
        "2012-04": {
            "month": "2012-04",
            "price": "18.87",
            "revenue": 117849
        },
        "2012-05": {
            "month": "2012-05",
            "price": "15.90",
            "revenue": 90389
        },
        "2012-06": {
            "month": "2012-06",
            "price": "14.58",
            "revenue": 97934
        },
        "2012-07": {
            "month": "2012-07",
            "price": "13.82",
            "revenue": 88808
        },
        "2012-08": {
            "month": "2012-08",
            "price": "13.13",
            "revenue": 96472
        },
        "2012-09": {
            "month": "2012-09",
            "price": "13.22",
            "revenue": 89968
        },
        "2012-10": {
            "month": "2012-10",
            "price": "11.03",
            "revenue": 86569
        },
        "2012-11": {
            "month": "2012-11",
            "price": "9.55",
            "revenue": 63951
        },
        "2012-12": {
            "month": "2012-12",
            "price": "11.20",
            "revenue": 52793
        },
        "2013-01": {
            "month": "2013-01",
            "price": "10.88",
            "revenue": 325254
        },
        "2013-02": {
            "month": "2013-02",
            "price": "12.16",
            "revenue": 154872
        },
        "2013-03": {
            "month": "2013-03",
            "price": "13.27",
            "revenue": 333150
        },
        "2013-04": {
            "month": "2013-04",
            "price": "13.72",
            "revenue": 443095
        },
        "2013-05": {
            "month": "2013-05",
            "price": "13.83",
            "revenue": 476370
        },
        "2013-06": {
            "month": "2013-06",
            "price": "12.70",
            "revenue": 338762
        },
        "2013-07": {
            "month": "2013-07",
            "price": "11.75",
            "revenue": 386526
        },
        "2013-08": {
            "month": "2013-08",
            "price": "10.60",
            "revenue": 486628
        },
        "2013-09": {
            "month": "2013-09",
            "price": "10.80",
            "revenue": 472903
        },
        "2013-10": {
            "month": "2013-10",
            "price": "10.68",
            "revenue": 434669
        },
        "2013-11": {
            "month": "2013-11",
            "price": "9.81",
            "revenue": 501059
        },
        "2013-12": {
            "month": "2013-12",
            "price": "9.84",
            "revenue": 601294
        },
        "2014-01": {
            "month": "2014-01",
            "price": "11.65",
            "revenue": 526226
        },
        "2014-02": {
            "month": "2014-02",
            "price": "12.19",
            "revenue": 387582
        },
        "2014-03": {
            "month": "2014-03",
            "price": "12.19",
            "revenue": 601681
        },
        "2014-04": {
            "month": "2014-04",
            "price": "11.77",
            "revenue": 799346
        },
        "2014-05": {
            "month": "2014-05",
            "price": "15.05",
            "revenue": 665778
        },
        "2014-06": {
            "month": "2014-06",
            "price": "19.02",
            "revenue": 731895
        },
        "2014-07": {
            "month": "2014-07",
            "price": "21.03",
            "revenue": 575200
        },
        "2014-08": {
            "month": "2014-08",
            "price": "17.96",
            "revenue": 599384
        },
        "2014-09": {
            "month": "2014-09",
            "price": "18.35",
            "revenue": 673606
        },
        "2014-10": {
            "month": "2014-10",
            "price": "17.83",
            "revenue": 643077
        },
        "2014-11": {
            "month": "2014-11",
            "price": "17.12",
            "revenue": 623945
        },
        "2014-12": {
            "month": "2014-12",
            "price": "20.38",
            "revenue": 633316
        },
        "2015-01": {
            "month": "2015-01",
            "price": "23.20",
            "revenue": 612970
        },
        "2015-02": {
            "month": "2015-02",
            "price": "20.68",
            "revenue": 264526
        },
        "2015-03": {
            "month": "2015-03",
            "price": "21.20",
            "revenue": 652564
        },
        "2015-04": {
            "month": "2015-04",
            "price": "20.48",
            "revenue": 735482
        },
        "2015-05": {
            "month": "2015-05",
            "price": "18.52",
            "revenue": 680154
        },
        "2015-06": {
            "month": "2015-06",
            "price": "17.25",
            "revenue": 630806
        },
        "2015-07": {
            "month": "2015-07",
            "price": "16.85",
            "revenue": 207836
        },
        "2015-08": {
            "month": "2015-08",
            "price": "12.47",
            "revenue": 205675
        },
        "2015-09": {
            "month": "2015-09",
            "price": "11.78",
            "revenue": 235693
        },
        "2015-10": {
            "month": "2015-10",
            "price": "12.62",
            "revenue": 223989
        },
        "2015-11": {
            "month": "2015-11",
            "price": "12.74",
            "revenue": 206205
        },
        "2015-12": {
            "month": "2015-12",
            "price": "12.81",
            "revenue": 230189
        },
        "2016-01": {
            "month": "2016-01",
            "price": "11.55",
            "revenue": 228459
        },
        "2016-02": {
            "month": "2016-02",
            "price": "11.70",
            "revenue": 134094
        },
        "2016-03": {
            "month": "2016-03",
            "price": "13.60",
            "revenue": 216810
        },
        "2016-04": {
            "month": "2016-04",
            "price": "12.46",
            "revenue": 149437
        },
        "2016-05": {
            "month": "2016-05",
            "price": "11.45",
            "revenue": 159441
        },
        "2016-06": {
            "month": "2016-06",
            "price": "11.63",
            "revenue": 201560
        },
        "2016-07": {
            "month": "2016-07",
            "price": "12.76",
            "revenue": 229231
        },
        "2016-08": {
            "month": "2016-08",
            "price": "14.10",
            "revenue": 206475
        },
        "2016-09": {
            "month": "2016-09",
            "price": "14.99",
            "revenue": 203133
        },
        "2016-10": {
            "month": "2016-10",
            "price": "14.69",
            "revenue": 208553
        },
        "2016-11": {
            "month": "2016-11",
            "price": "14.71",
            "revenue": 258851
        },
        "2016-12": {
            "month": "2016-12",
            "price": "17.18",
            "revenue": 257856
        },
        "2017-01": {
            "month": "2017-01",
            "price": "17.63",
            "revenue": 237115
        },
        "2017-02": {
            "month": "2017-02",
            "price": "18.17",
            "revenue": 187631
        },
        "2017-03": {
            "month": "2017-03",
            "price": "18.57",
            "revenue": 263082
        },
        "2017-04": {
            "month": "2017-04",
            "price": "16.96",
            "revenue": 138580
        },
        "2017-05": {
            "month": "2017-05",
            "price": "17.26",
            "revenue": 99708
        },
        "2017-06": {
            "month": "2017-06",
            "price": "17.47",
            "revenue": 92911
        },
        "2017-07": {
            "month": "2017-07",
            "price": "17.22",
            "revenue": 117323
        },
        "2017-08": {
            "month": "2017-08",
            "price": "19.61",
            "revenue": 126800
        },
        "2017-09": {
            "month": "2017-09",
            "price": "21.15",
            "revenue": 145543
        },
        "2017-10": {
            "month": "2017-10",
            "price": "21.80",
            "revenue": 143925
        },
        "2017-11": {
            "month": "2017-11",
            "price": "25.02",
            "revenue": 130905
        },
        "2017-12": {
            "month": "2017-12",
            "price": "22.45",
            "revenue": 111059
        },
        "2018-01": {
            "month": "2018-01",
            "price": "22.36",
            "revenue": 122564
        },
        "2018-02": {
            "month": "2018-02",
            "price": "19.28",
            "revenue": 103602
        },
        "2018-03": {
            "month": "2018-03",
            "price": "18.80",
            "revenue": 88860
        },
        "2018-04": {
            "month": "2018-04",
            "price": "19.06",
            "revenue": 86117
        },
        "2018-05": {
            "month": "2018-05",
            "price": "16.84",
            "revenue": 84933
        },
        "2018-06": {
            "month": "2018-06",
            "price": "17.62",
            "revenue": 84789
        },
        "2018-07": {
            "month": "2018-07",
            "price": "16.04",
            "revenue": 71779
        },
        "2018-08": {
            "month": "2018-08",
            "price": "15.09",
            "revenue": 72805
        },
        "2018-09": {
            "month": "2018-09",
            "price": "13.35",
            "revenue": 80126
        },
        "2018-10": {
            "month": "2018-10",
            "price": "13.09",
            "revenue": 85068
        },
        "2018-11": {
            "month": "2018-11",
            "price": "12.89",
            "revenue": 79086
        },
        "2018-12": {
            "month": "2018-12",
            "price": "13.43",
            "revenue": 64014
        },
        "2019-01": {
            "month": "2019-01",
            "price": "13.74",
            "revenue": 89884
        },
        "2019-02": {
            "month": "2019-02",
            "price": "13.56",
            "revenue": 74240
        },
        "2019-03": {
            "month": "2019-03",
            "price": "14.27",
            "revenue": 89487
        },
        "2019-04": {
            "month": "2019-04",
            "price": "14.06",
            "revenue": 85631
        },
        "2019-05": {
            "month": "2019-05",
            "price": "13.29",
            "revenue": 95852
        },
        "2019-06": {
            "month": "2019-06",
            "price": "12.77",
            "revenue": 80431
        },
        "2019-07": {
            "month": "2019-07",
            "price": "12.59",
            "revenue": 94293
        },
        "2019-08": {
            "month": "2019-08",
            "price": "12.78",
            "revenue": 88240
        },
        "2019-09": {
            "month": "2019-09",
            "price": "12.41",
            "revenue": 86079
        },
        "2019-10": {
            "month": "2019-10",
            "price": "11.99",
            "revenue": 76334
        },
        "2019-11": {
            "month": "2019-11",
            "price": "11.46",
            "revenue": 82314
        },
        "2019-12": {
            "month": "2019-12",
            "price": "11.15",
            "revenue": 80947
        },
        "2020-01": {
            "month": "2020-01",
            "price": "10.76",
            "revenue": 81682
        },
        "2020-02": {
            "month": "2020-02",
            "price": "10.16",
            "revenue": 100742
        },
        "2020-03": {
            "month": "2020-03",
            "price": "8.80",
            "revenue": 71970
        },
        "2020-04": {
            "month": "2020-04",
            "price": "10.33",
            "revenue": 103509
        },
        "2020-05": {
            "month": "2020-05",
            "price": "16.14",
            "revenue": 87751
        },
        "2020-06": {
            "month": "2020-06",
            "price": "22.04",
            "revenue": 84487
        },
        "2020-07": {
            "month": "2020-07",
            "price": "18.92",
            "revenue": 85556
        },
        "2020-08": {
            "month": "2020-08",
            "price": "16.23",
            "revenue": 66768
        },
        "2020-09": {
            "month": "2020-09",
            "price": "15.04",
            "revenue": 60649
        },
        "2020-10": {
            "month": "2020-10",
            "price": "14.48",
            "revenue": 63730
        },
        "2020-11": {
            "month": "2020-11",
            "price": "12.96",
            "revenue": 49683
        },
        "2020-12": {
            "month": "2020-12",
            "price": "12.70",
            "revenue": 56912
        },
        "2021-01": {
            "month": "2021-01",
            "price": "11.62",
            "revenue": 86049
        },
        "2021-02": {
            "month": "2021-02",
            "price": "11.72",
            "revenue": 67813
        },
        "2021-03": {
            "month": "2021-03",
            "price": "12.11",
            "revenue": 90560
        },
        "2021-04": {
            "month": "2021-04",
            "price": "14.84",
            "revenue": 113834
        },
        "2021-05": {
            "month": "2021-05",
            "price": "13.09",
            "revenue": 97324
        },
        "2021-06": {
            "month": "2021-06",
            "price": "13.39",
            "revenue": 97495
        },
        "2021-07": {
            "month": "2021-07",
            "price": "12.89",
            "revenue": 95943
        },
        "2021-08": {
            "month": "2021-08",
            "price": "11.80",
            "revenue": 102724
        },
        "2021-09": {
            "month": "2021-09",
            "price": "11.58",
            "revenue": 91591
        },
        "2021-10": {
            "month": "2021-10",
            "price": "11.60",
            "revenue": 106669
        },
        "2021-11": {
            "month": "2021-11",
            "price": "12.41",
            "revenue": 92091
        },
        "2021-12": {
            "month": "2021-12",
            "price": "13.33",
            "revenue": 107032
        },
        "2022-01": {
            "month": "2022-01",
            "price": "13.44",
            "revenue": 114517
        },
        "2022-02": {
            "month": "2022-02",
            "price": "13.42",
            "revenue": 118427
        },
        "2022-03": {
            "month": "2022-03",
            "price": "12.67",
            "revenue": 113550
        },
        "2022-04": {
            "month": "2022-04",
            "price": "11.70",
            "revenue": 115680
        },
        "2022-05": {
            "month": "2022-05",
            "price": "10.95",
            "revenue": 127252
        },
        "2022-06": {
            "month": "2022-06",
            "price": "10.92",
            "revenue": 121028
        },
        "2022-07": {
            "month": "2022-07",
            "price": "10.91",
            "revenue": 126614
        },
        "2022-08": {
            "month": "2022-08",
            "price": "12.52",
            "revenue": 112065
        },
        "2022-09": {
            "month": "2022-09",
            "price": "12.44",
            "revenue": 123787
        },
        "2022-10": {
            "month": "2022-10",
            "price": "13.52",
            "revenue": 88565
        },
        "2022-11": {
            "month": "2022-11",
            "price": "15.07",
            "revenue": 103469
        },
        "2022-12": {
            "month": "2022-12",
            "price": "15.29",
            "revenue": 101830
        },
        "2023-01": {
            "month": "2023-01",
            "price": "15.00",
            "revenue": 101613
        },
        "2023-02": {
            "month": "2023-02",
            "price": "15.36",
            "revenue": 95268
        },
        "2023-03": {
            "month": "2023-03",
            "price": "16.16",
            "revenue": 118783
        },
        "2023-04": {
            "month": "2023-04",
            "price": "17.02",
            "revenue": 104998
        },
        "2023-05": {
            "month": "2023-05",
            "price": "17.57",
            "revenue": 110738
        },
        "2023-06": {
            "month": "2023-06",
            "price": "17.78",
            "revenue": 100736
        },
        "2023-07": {
            "month": "2023-07",
            "price": "16.84",
            "revenue": 87188
        },
        "2023-08": {
            "month": "2023-08",
            "price": "16.39",
            "revenue": 84033
        },
        "2023-09": {
            "month": "2023-09",
            "price": "16.20",
            "revenue": 76755
        },
        "2023-10": {
            "month": "2023-10",
            "price": "15.11",
            "revenue": 63316
        },
        "2023-11": {
            "month": "2023-11",
            "price": "15.62",
            "revenue": 82300
        },
        "2023-12": {
            "month": "2023-12",
            "price": "15.63",
            "revenue": 75470
        }
    }
}
