{
    "summary": {
        "stock_name": "上緯",
        "stock_id": "4733",
        "category": "化工",
        "main_business": "環保耐蝕樹脂材料",
        "website_url": "",
        "ceo": "蔡朝陽",
        "pe_ratio": 0,
        "report_year_from": 2007,
        "report_year_to": 2017,
        "age": 17,
        "eps_negative_percentage": 0,
        "eps_growth_avg": {
            "last_all": 7.02,
            "last_2y": 11.92,
            "last_4y": 12.19,
            "last_8y": 7.02,
            "last_12y": null,
            "last_16y": null,
            "last_20y": null,
            "at_2006_last_3y": null,
            "at_2007_last_3y": null,
            "at_2008_last_3y": null,
            "at_2009_last_3y": null,
            "at_2010_last_3y": null,
            "at_2011_last_3y": 0.55,
            "at_2012_last_3y": -4.31,
            "at_2013_last_3y": -1.59,
            "at_2014_last_3y": 33.36,
            "at_2015_last_3y": 38.67,
            "at_2016_last_3y": 5.69,
            "at_2017_last_3y": 5.69,
            "at_2018_last_3y": 5.69,
            "at_2019_last_3y": 5.69,
            "at_2020_last_3y": 5.69,
            "at_2021_last_3y": 5.69,
            "at_2022_last_3y": 5.69,
            "at_2023_last_3y": 5.69,
            "at_2024_last_3y": 5.69,
            "at_2006_last_all": null,
            "at_2007_last_all": null,
            "at_2008_last_all": null,
            "at_2009_last_all": 16.87,
            "at_2010_last_all": -2.02,
            "at_2011_last_all": 0.55,
            "at_2012_last_all": 8.08,
            "at_2013_last_all": 4.57,
            "at_2014_last_all": 18.2,
            "at_2015_last_all": 19.61,
            "at_2016_last_all": 7.02,
            "at_2017_last_all": 7.02,
            "at_2018_last_all": 7.02,
            "at_2019_last_all": 7.02,
            "at_2020_last_all": 7.02,
            "at_2021_last_all": 7.02,
            "at_2022_last_all": 7.02,
            "at_2023_last_all": 7.02,
            "at_2024_last_all": 7.02
        },
        "latest_eps": 0,
        "latest_price": 136,
        "latest_roe": 0,
        "latest_gross_margin": null,
        "latest_equity": null,
        "latest_revenue": null,
        "latest_gross_profit": null,
        "latest_net_income": null,
        "latest_debt_ratio": null,
        "latest_current_ratio": null,
        "latest_account_receivable_turnover_ratio": null,
        "latest_inventory_turnover_ratio": null,
        "latest_reinvestment_rate": null,
        "latest_research_to_sale_ratio": null
    },
    "eps_dividends": {
        "2001": {
            "cash": 0,
            "stock": 0,
            "eps": 0
        },
        "2002": {
            "cash": 0,
            "stock": 0,
            "eps": 0
        },
        "2003": {
            "cash": 0,
            "stock": 0,
            "eps": 0
        },
        "2004": {
            "cash": 0,
            "stock": 0,
            "eps": 0
        },
        "2005": {
            "cash": 0,
            "stock": 0,
            "eps": 0
        },
        "2006": {
            "cash": 0,
            "stock": 0,
            "eps": 0
        },
        "2007": {
            "cash": 0,
            "stock": 0,
            "eps": 3.35
        },
        "2008": {
            "cash": 0,
            "stock": 0,
            "eps": 5.28
        },
        "2009": {
            "cash": 0,
            "stock": 0,
            "eps": 4.02
        },
        "2010": {
            "cash": 0,
            "stock": 0,
            "eps": 2.42
        },
        "2011": {
            "cash": 0,
            "stock": 0,
            "eps": 2.62
        },
        "2012": {
            "cash": 0,
            "stock": 0,
            "eps": 3.62
        },
        "2013": {
            "cash": 0,
            "stock": 0,
            "eps": 3.15
        },
        "2014": {
            "cash": 0,
            "stock": 0,
            "eps": 9.12
        },
        "2015": {
            "cash": 0,
            "stock": 0,
            "eps": 11.81
        },
        "2016": {
            "cash": 0,
            "stock": 0,
            "eps": 0.74
        }
    },
    "dividends": [],
    "prices": {
        "200101": "無",
        "200102": "無",
        "200103": "無",
        "200104": "無",
        "200105": "無",
        "200106": "無",
        "200107": "無",
        "200108": "無",
        "200109": "無",
        "200110": "無",
        "200111": "無",
        "200112": "無",
        "200201": "無",
        "200202": "無",
        "200203": "無",
        "200204": "無",
        "200205": "無",
        "200206": "無",
        "200207": "無",
        "200208": "無",
        "200209": "無",
        "200210": "無",
        "200211": "無",
        "200212": "無",
        "200301": "無",
        "200302": "無",
        "200303": "無",
        "200304": "無",
        "200305": "無",
        "200306": "無",
        "200307": "無",
        "200308": "無",
        "200309": "無",
        "200310": "無",
        "200311": "無",
        "200312": "無",
        "200401": "無",
        "200402": "無",
        "200403": "無",
        "200404": "無",
        "200405": "無",
        "200406": "無",
        "200407": "無",
        "200408": "無",
        "200409": "無",
        "200410": "無",
        "200411": "無",
        "200412": "無",
        "200501": "無",
        "200502": "無",
        "200503": "無",
        "200504": "無",
        "200505": "無",
        "200506": "無",
        "200507": "無",
        "200508": "無",
        "200509": "無",
        "200510": "無",
        "200511": "無",
        "200512": "無",
        "200601": "無",
        "200602": "無",
        "200603": "無",
        "200604": "無",
        "200605": "無",
        "200606": "無",
        "200607": "無",
        "200608": "無",
        "200609": "無",
        "200610": "無",
        "200611": "無",
        "200612": "無",
        "200701": "無",
        "200702": "無",
        "200703": "無",
        "200704": "無",
        "200705": "無",
        "200706": "無",
        "200707": "無",
        "200708": "無",
        "200709": "無",
        "200710": "無",
        "200711": "無",
        "200712": "無",
        "200801": "無",
        "200802": "無",
        "200803": "無",
        "200804": "無",
        "200805": "無",
        "200806": "無",
        "200807": "無",
        "200808": "無",
        "200809": "無",
        "200810": "無",
        "200811": "無",
        "200812": "無",
        "200901": "56.38",
        "200902": "54.94",
        "200903": "54.90",
        "200904": "61.96",
        "200905": "70.33",
        "200906": "65.55",
        "200907": "66.62",
        "200908": "84.34",
        "200909": "81.15",
        "200910": "75.93",
        "200911": "70.56",
        "200912": "71.48",
        "201001": "67.98",
        "201002": "59.34",
        "201003": "67.42",
        "201004": "70.79",
        "201005": "63.91",
        "201006": "60.00",
        "201007": "58.31",
        "201008": "63.10",
        "201009": "58.82",
        "201010": "58.99",
        "201011": "55.85",
        "201012": "57.00",
        "201101": "55.26",
        "201102": "51.21",
        "201103": "56.48",
        "201104": "63.63",
        "201105": "66.29",
        "201106": "57.97",
        "201107": "53.62",
        "201108": "47.19",
        "201109": "39.83",
        "201110": "35.77",
        "201111": "33.12",
        "201112": "28.12",
        "201201": "29.39",
        "201202": "34.48",
        "201203": "41.97",
        "201204": "45.55",
        "201205": "45.29",
        "201206": "42.61",
        "201207": "41.84",
        "201208": "44.34",
        "201209": "42.97",
        "201210": "40.37",
        "201211": "41.96",
        "201212": "44.04",
        "201301": "46.31",
        "201302": "46.96",
        "201303": "46.11",
        "201304": "45.88",
        "201305": "45.55",
        "201306": "44.44",
        "201307": "42.55",
        "201308": "45.14",
        "201309": "47.62",
        "201310": "50.63",
        "201311": "62.28",
        "201312": "70.94",
        "201401": "80.12",
        "201402": "76.75",
        "201403": "90.10",
        "201404": "109.62",
        "201405": "106.10",
        "201406": "108.92",
        "201407": "112.39",
        "201408": "107.38",
        "201409": "113.36",
        "201410": "120.73",
        "201411": "126.80",
        "201412": "140.71",
        "201501": "147.28",
        "201502": "156.58",
        "201503": "202.02",
        "201504": "243.40",
        "201505": "254.10",
        "201506": "287.95",
        "201507": "250.75",
        "201508": "195.55",
        "201509": "181.32",
        "201510": "226.40",
        "201511": "212.93",
        "201512": "178.91",
        "201601": "151.31",
        "201602": "141.00",
        "201603": "153.09",
        "201604": "129.63",
        "201605": "122.88",
        "201606": "126.29",
        "201607": "117.15",
        "201608": "125.75",
        "201609": "無",
        "201610": "無",
        "201611": "無",
        "201612": "無",
        "201701": "無",
        "201702": "無",
        "201703": "無",
        "201704": "無",
        "201705": "無",
        "201706": "無",
        "201707": "無",
        "201708": "無",
        "201709": "無",
        "201710": "無",
        "201711": "無",
        "201712": "無",
        "201801": "無",
        "201802": "無",
        "201803": "無",
        "201804": "無",
        "201805": "無",
        "201806": "無",
        "201807": "無",
        "201808": "無",
        "201809": "無",
        "201810": "無",
        "201811": "無",
        "201812": "無",
        "201901": "無",
        "201902": "無",
        "201903": "無",
        "201904": "無",
        "201905": "無",
        "201906": "無",
        "201907": "無",
        "201908": "無",
        "201909": "無",
        "201910": "無",
        "201911": "無",
        "201912": "無",
        "202001": "無",
        "202002": "無",
        "202003": "無",
        "202004": "無",
        "202005": "無",
        "202006": "無",
        "202007": "無",
        "202008": "無",
        "202009": "無",
        "202010": "無",
        "202011": "無",
        "202012": "無",
        "202101": "無",
        "202102": "無",
        "202103": "無",
        "202104": "無",
        "202105": "無",
        "202106": "無",
        "202107": "無",
        "202108": "無",
        "202109": "無",
        "202110": "無",
        "202111": "無",
        "202112": "無",
        "202201": "無",
        "202202": "無",
        "202203": "無",
        "202204": "無",
        "202205": "無",
        "202206": "無",
        "202207": "無",
        "202208": "無",
        "202209": "無",
        "202210": "無",
        "202211": "無",
        "202212": "無",
        "202301": "無",
        "202302": "無",
        "202303": "無",
        "202304": "無",
        "202305": "無",
        "202306": "無",
        "202307": "無",
        "202308": "無",
        "202309": "無",
        "202310": "無",
        "202311": "無",
        "202312": "無"
    },
    "quarters": {
        "20011": {
            "year_quarter": 20011,
            "year": 2001,
            "quarter": 1,
            "eps": null,
            "eps_growth_year": null,
            "eps_4q": null,
            "eps_4q_growth_year": null,
            "roe": null,
            "roe_4q": 0,
            "gross_profit": null,
            "gross_margin": null,
            "gross_margin_4q_avg": 0,
            "net_income": null,
            "net_income_4q": null,
            "revenue": null,
            "revenue_4q": null,
            "common_shares": null,
            "book_valuer_per_share": null,
            "book_valuer_per_share_4q_avg": 0,
            "equity": null,
            "current_ratio": null,
            "debt_ratio": null,
            "inventory_turnover_ratio": null,
            "account_receivable_turnover_ratio": null,
            "reinvestment_rate": null,
            "research_to_sale_ratio": null,
            "price_fair": 0,
            "eps_avg_yearly": 0,
            "eps_latest_yearly": 0,
            "eps_growth_yearly": 0
        },
        "20012": {
            "year_quarter": 20012,
            "year": 2001,
            "quarter": 2,
            "eps": null,
            "eps_growth_year": null,
            "eps_4q": null,
            "eps_4q_growth_year": null,
            "roe": null,
            "roe_4q": 0,
            "gross_profit": null,
            "gross_margin": null,
            "gross_margin_4q_avg": 0,
            "net_income": null,
            "net_income_4q": null,
            "revenue": null,
            "revenue_4q": null,
            "common_shares": null,
            "book_valuer_per_share": null,
            "book_valuer_per_share_4q_avg": 0,
            "equity": null,
            "current_ratio": null,
            "debt_ratio": null,
            "inventory_turnover_ratio": null,
            "account_receivable_turnover_ratio": null,
            "reinvestment_rate": null,
            "research_to_sale_ratio": null,
            "price_fair": 0,
            "eps_avg_yearly": 0,
            "eps_latest_yearly": 0,
            "eps_growth_yearly": 0
        },
        "20013": {
            "year_quarter": 20013,
            "year": 2001,
            "quarter": 3,
            "eps": null,
            "eps_growth_year": null,
            "eps_4q": null,
            "eps_4q_growth_year": null,
            "roe": null,
            "roe_4q": 0,
            "gross_profit": null,
            "gross_margin": null,
            "gross_margin_4q_avg": 0,
            "net_income": null,
            "net_income_4q": null,
            "revenue": null,
            "revenue_4q": null,
            "common_shares": null,
            "book_valuer_per_share": null,
            "book_valuer_per_share_4q_avg": 0,
            "equity": null,
            "current_ratio": null,
            "debt_ratio": null,
            "inventory_turnover_ratio": null,
            "account_receivable_turnover_ratio": null,
            "reinvestment_rate": null,
            "research_to_sale_ratio": null,
            "price_fair": 0,
            "eps_avg_yearly": 0,
            "eps_latest_yearly": 0,
            "eps_growth_yearly": 0
        },
        "20014": {
            "year_quarter": 20014,
            "year": 2001,
            "quarter": 4,
            "eps": null,
            "eps_growth_year": null,
            "eps_4q": null,
            "eps_4q_growth_year": null,
            "roe": null,
            "roe_4q": 0,
            "gross_profit": null,
            "gross_margin": null,
            "gross_margin_4q_avg": 0,
            "net_income": null,
            "net_income_4q": null,
            "revenue": null,
            "revenue_4q": null,
            "common_shares": null,
            "book_valuer_per_share": null,
            "book_valuer_per_share_4q_avg": 0,
            "equity": null,
            "current_ratio": null,
            "debt_ratio": null,
            "inventory_turnover_ratio": null,
            "account_receivable_turnover_ratio": null,
            "reinvestment_rate": null,
            "research_to_sale_ratio": null,
            "price_fair": 0,
            "eps_avg_yearly": 0,
            "eps_latest_yearly": 0,
            "eps_growth_yearly": 0
        },
        "20021": {
            "year_quarter": 20021,
            "year": 2002,
            "quarter": 1,
            "eps": null,
            "eps_growth_year": null,
            "eps_4q": null,
            "eps_4q_growth_year": null,
            "roe": null,
            "roe_4q": 0,
            "gross_profit": null,
            "gross_margin": null,
            "gross_margin_4q_avg": 0,
            "net_income": null,
            "net_income_4q": null,
            "revenue": null,
            "revenue_4q": null,
            "common_shares": null,
            "book_valuer_per_share": null,
            "book_valuer_per_share_4q_avg": 0,
            "equity": null,
            "current_ratio": null,
            "debt_ratio": null,
            "inventory_turnover_ratio": null,
            "account_receivable_turnover_ratio": null,
            "reinvestment_rate": null,
            "research_to_sale_ratio": null,
            "price_fair": 0,
            "eps_avg_yearly": 0,
            "eps_latest_yearly": 0,
            "eps_growth_yearly": 0
        },
        "20022": {
            "year_quarter": 20022,
            "year": 2002,
            "quarter": 2,
            "eps": null,
            "eps_growth_year": null,
            "eps_4q": null,
            "eps_4q_growth_year": null,
            "roe": null,
            "roe_4q": 0,
            "gross_profit": null,
            "gross_margin": null,
            "gross_margin_4q_avg": 0,
            "net_income": null,
            "net_income_4q": null,
            "revenue": null,
            "revenue_4q": null,
            "common_shares": null,
            "book_valuer_per_share": null,
            "book_valuer_per_share_4q_avg": 0,
            "equity": null,
            "current_ratio": null,
            "debt_ratio": null,
            "inventory_turnover_ratio": null,
            "account_receivable_turnover_ratio": null,
            "reinvestment_rate": null,
            "research_to_sale_ratio": null,
            "price_fair": 0,
            "eps_avg_yearly": 0,
            "eps_latest_yearly": 0,
            "eps_growth_yearly": 0
        },
        "20023": {
            "year_quarter": 20023,
            "year": 2002,
            "quarter": 3,
            "eps": null,
            "eps_growth_year": null,
            "eps_4q": null,
            "eps_4q_growth_year": null,
            "roe": null,
            "roe_4q": 0,
            "gross_profit": null,
            "gross_margin": null,
            "gross_margin_4q_avg": 0,
            "net_income": null,
            "net_income_4q": null,
            "revenue": null,
            "revenue_4q": null,
            "common_shares": null,
            "book_valuer_per_share": null,
            "book_valuer_per_share_4q_avg": 0,
            "equity": null,
            "current_ratio": null,
            "debt_ratio": null,
            "inventory_turnover_ratio": null,
            "account_receivable_turnover_ratio": null,
            "reinvestment_rate": null,
            "research_to_sale_ratio": null,
            "price_fair": 0,
            "eps_avg_yearly": 0,
            "eps_latest_yearly": 0,
            "eps_growth_yearly": 0
        },
        "20024": {
            "year_quarter": 20024,
            "year": 2002,
            "quarter": 4,
            "eps": null,
            "eps_growth_year": null,
            "eps_4q": null,
            "eps_4q_growth_year": null,
            "roe": null,
            "roe_4q": 0,
            "gross_profit": null,
            "gross_margin": null,
            "gross_margin_4q_avg": 0,
            "net_income": null,
            "net_income_4q": null,
            "revenue": null,
            "revenue_4q": null,
            "common_shares": 101660,
            "book_valuer_per_share": 15.97,
            "book_valuer_per_share_4q_avg": 3.99,
            "equity": 162386,
            "current_ratio": 151.52,
            "debt_ratio": 35.93,
            "inventory_turnover_ratio": null,
            "account_receivable_turnover_ratio": null,
            "reinvestment_rate": null,
            "research_to_sale_ratio": null,
            "price_fair": 0,
            "eps_avg_yearly": 0,
            "eps_latest_yearly": 0,
            "eps_growth_yearly": 0
        },
        "20031": {
            "year_quarter": 20031,
            "year": 2003,
            "quarter": 1,
            "eps": null,
            "eps_growth_year": null,
            "eps_4q": null,
            "eps_4q_growth_year": null,
            "roe": null,
            "roe_4q": 0,
            "gross_profit": null,
            "gross_margin": null,
            "gross_margin_4q_avg": 0,
            "net_income": null,
            "net_income_4q": null,
            "revenue": null,
            "revenue_4q": null,
            "common_shares": null,
            "book_valuer_per_share": null,
            "book_valuer_per_share_4q_avg": 3.99,
            "equity": null,
            "current_ratio": null,
            "debt_ratio": null,
            "inventory_turnover_ratio": null,
            "account_receivable_turnover_ratio": null,
            "reinvestment_rate": null,
            "research_to_sale_ratio": null,
            "price_fair": 0,
            "eps_avg_yearly": 0,
            "eps_latest_yearly": 0,
            "eps_growth_yearly": 0
        },
        "20032": {
            "year_quarter": 20032,
            "year": 2003,
            "quarter": 2,
            "eps": null,
            "eps_growth_year": null,
            "eps_4q": null,
            "eps_4q_growth_year": null,
            "roe": null,
            "roe_4q": 0,
            "gross_profit": null,
            "gross_margin": null,
            "gross_margin_4q_avg": 0,
            "net_income": null,
            "net_income_4q": null,
            "revenue": null,
            "revenue_4q": null,
            "common_shares": null,
            "book_valuer_per_share": null,
            "book_valuer_per_share_4q_avg": 3.99,
            "equity": null,
            "current_ratio": null,
            "debt_ratio": null,
            "inventory_turnover_ratio": null,
            "account_receivable_turnover_ratio": null,
            "reinvestment_rate": null,
            "research_to_sale_ratio": null,
            "price_fair": 0,
            "eps_avg_yearly": 0,
            "eps_latest_yearly": 0,
            "eps_growth_yearly": 0
        },
        "20033": {
            "year_quarter": 20033,
            "year": 2003,
            "quarter": 3,
            "eps": null,
            "eps_growth_year": null,
            "eps_4q": null,
            "eps_4q_growth_year": null,
            "roe": null,
            "roe_4q": 0,
            "gross_profit": null,
            "gross_margin": null,
            "gross_margin_4q_avg": 0,
            "net_income": null,
            "net_income_4q": null,
            "revenue": null,
            "revenue_4q": null,
            "common_shares": null,
            "book_valuer_per_share": null,
            "book_valuer_per_share_4q_avg": 3.99,
            "equity": null,
            "current_ratio": null,
            "debt_ratio": null,
            "inventory_turnover_ratio": null,
            "account_receivable_turnover_ratio": null,
            "reinvestment_rate": null,
            "research_to_sale_ratio": null,
            "price_fair": 0,
            "eps_avg_yearly": 0,
            "eps_latest_yearly": 0,
            "eps_growth_yearly": 0
        },
        "20034": {
            "year_quarter": 20034,
            "year": 2003,
            "quarter": 4,
            "eps": null,
            "eps_growth_year": null,
            "eps_4q": null,
            "eps_4q_growth_year": null,
            "roe": null,
            "roe_4q": 0,
            "gross_profit": null,
            "gross_margin": null,
            "gross_margin_4q_avg": 0,
            "net_income": null,
            "net_income_4q": null,
            "revenue": null,
            "revenue_4q": null,
            "common_shares": 133073,
            "book_valuer_per_share": 12.39,
            "book_valuer_per_share_4q_avg": 3.1,
            "equity": 164827,
            "current_ratio": 174.08,
            "debt_ratio": 32.27,
            "inventory_turnover_ratio": null,
            "account_receivable_turnover_ratio": null,
            "reinvestment_rate": null,
            "research_to_sale_ratio": null,
            "price_fair": 0,
            "eps_avg_yearly": 0,
            "eps_latest_yearly": 0,
            "eps_growth_yearly": 0
        },
        "20041": {
            "year_quarter": 20041,
            "year": 2004,
            "quarter": 1,
            "eps": null,
            "eps_growth_year": null,
            "eps_4q": null,
            "eps_4q_growth_year": null,
            "roe": null,
            "roe_4q": 0,
            "gross_profit": null,
            "gross_margin": null,
            "gross_margin_4q_avg": 0,
            "net_income": null,
            "net_income_4q": null,
            "revenue": null,
            "revenue_4q": null,
            "common_shares": null,
            "book_valuer_per_share": null,
            "book_valuer_per_share_4q_avg": 3.1,
            "equity": null,
            "current_ratio": null,
            "debt_ratio": null,
            "inventory_turnover_ratio": null,
            "account_receivable_turnover_ratio": null,
            "reinvestment_rate": null,
            "research_to_sale_ratio": null,
            "price_fair": 0,
            "eps_avg_yearly": 0,
            "eps_latest_yearly": 0,
            "eps_growth_yearly": 0
        },
        "20042": {
            "year_quarter": 20042,
            "year": 2004,
            "quarter": 2,
            "eps": null,
            "eps_growth_year": null,
            "eps_4q": null,
            "eps_4q_growth_year": null,
            "roe": null,
            "roe_4q": 0,
            "gross_profit": null,
            "gross_margin": null,
            "gross_margin_4q_avg": 0,
            "net_income": null,
            "net_income_4q": null,
            "revenue": null,
            "revenue_4q": null,
            "common_shares": null,
            "book_valuer_per_share": null,
            "book_valuer_per_share_4q_avg": 3.1,
            "equity": null,
            "current_ratio": null,
            "debt_ratio": null,
            "inventory_turnover_ratio": null,
            "account_receivable_turnover_ratio": null,
            "reinvestment_rate": null,
            "research_to_sale_ratio": null,
            "price_fair": 0,
            "eps_avg_yearly": 0,
            "eps_latest_yearly": 0,
            "eps_growth_yearly": 0
        },
        "20043": {
            "year_quarter": 20043,
            "year": 2004,
            "quarter": 3,
            "eps": null,
            "eps_growth_year": null,
            "eps_4q": null,
            "eps_4q_growth_year": null,
            "roe": null,
            "roe_4q": 0,
            "gross_profit": null,
            "gross_margin": null,
            "gross_margin_4q_avg": 0,
            "net_income": null,
            "net_income_4q": null,
            "revenue": null,
            "revenue_4q": null,
            "common_shares": null,
            "book_valuer_per_share": null,
            "book_valuer_per_share_4q_avg": 3.1,
            "equity": null,
            "current_ratio": null,
            "debt_ratio": null,
            "inventory_turnover_ratio": null,
            "account_receivable_turnover_ratio": null,
            "reinvestment_rate": null,
            "research_to_sale_ratio": null,
            "price_fair": 0,
            "eps_avg_yearly": 0,
            "eps_latest_yearly": 0,
            "eps_growth_yearly": 0
        },
        "20044": {
            "year_quarter": 20044,
            "year": 2004,
            "quarter": 4,
            "eps": null,
            "eps_growth_year": null,
            "eps_4q": null,
            "eps_4q_growth_year": null,
            "roe": null,
            "roe_4q": 0,
            "gross_profit": null,
            "gross_margin": null,
            "gross_margin_4q_avg": 0,
            "net_income": null,
            "net_income_4q": null,
            "revenue": null,
            "revenue_4q": null,
            "common_shares": 133073,
            "book_valuer_per_share": 14.06,
            "book_valuer_per_share_4q_avg": 3.52,
            "equity": 187072,
            "current_ratio": 143.51,
            "debt_ratio": 43.29,
            "inventory_turnover_ratio": null,
            "account_receivable_turnover_ratio": null,
            "reinvestment_rate": null,
            "research_to_sale_ratio": null,
            "price_fair": 0,
            "eps_avg_yearly": 0,
            "eps_latest_yearly": 0,
            "eps_growth_yearly": 0
        },
        "20051": {
            "year_quarter": 20051,
            "year": 2005,
            "quarter": 1,
            "eps": null,
            "eps_growth_year": null,
            "eps_4q": null,
            "eps_4q_growth_year": null,
            "roe": null,
            "roe_4q": 0,
            "gross_profit": null,
            "gross_margin": null,
            "gross_margin_4q_avg": 0,
            "net_income": null,
            "net_income_4q": null,
            "revenue": null,
            "revenue_4q": null,
            "common_shares": null,
            "book_valuer_per_share": null,
            "book_valuer_per_share_4q_avg": 3.52,
            "equity": null,
            "current_ratio": null,
            "debt_ratio": null,
            "inventory_turnover_ratio": null,
            "account_receivable_turnover_ratio": null,
            "reinvestment_rate": null,
            "research_to_sale_ratio": null,
            "price_fair": 0,
            "eps_avg_yearly": 0,
            "eps_latest_yearly": 0,
            "eps_growth_yearly": 0
        },
        "20052": {
            "year_quarter": 20052,
            "year": 2005,
            "quarter": 2,
            "eps": null,
            "eps_growth_year": null,
            "eps_4q": null,
            "eps_4q_growth_year": null,
            "roe": null,
            "roe_4q": 0,
            "gross_profit": null,
            "gross_margin": null,
            "gross_margin_4q_avg": 0,
            "net_income": null,
            "net_income_4q": null,
            "revenue": null,
            "revenue_4q": null,
            "common_shares": null,
            "book_valuer_per_share": null,
            "book_valuer_per_share_4q_avg": 3.52,
            "equity": null,
            "current_ratio": null,
            "debt_ratio": null,
            "inventory_turnover_ratio": null,
            "account_receivable_turnover_ratio": null,
            "reinvestment_rate": null,
            "research_to_sale_ratio": null,
            "price_fair": 0,
            "eps_avg_yearly": 0,
            "eps_latest_yearly": 0,
            "eps_growth_yearly": 0
        },
        "20053": {
            "year_quarter": 20053,
            "year": 2005,
            "quarter": 3,
            "eps": null,
            "eps_growth_year": null,
            "eps_4q": null,
            "eps_4q_growth_year": null,
            "roe": null,
            "roe_4q": 0,
            "gross_profit": null,
            "gross_margin": null,
            "gross_margin_4q_avg": 0,
            "net_income": null,
            "net_income_4q": null,
            "revenue": null,
            "revenue_4q": null,
            "common_shares": null,
            "book_valuer_per_share": null,
            "book_valuer_per_share_4q_avg": 3.52,
            "equity": null,
            "current_ratio": null,
            "debt_ratio": null,
            "inventory_turnover_ratio": null,
            "account_receivable_turnover_ratio": null,
            "reinvestment_rate": null,
            "research_to_sale_ratio": null,
            "price_fair": 0,
            "eps_avg_yearly": 0,
            "eps_latest_yearly": 0,
            "eps_growth_yearly": 0
        },
        "20054": {
            "year_quarter": 20054,
            "year": 2005,
            "quarter": 4,
            "eps": null,
            "eps_growth_year": null,
            "eps_4q": null,
            "eps_4q_growth_year": null,
            "roe": null,
            "roe_4q": 0,
            "gross_profit": null,
            "gross_margin": null,
            "gross_margin_4q_avg": 0,
            "net_income": null,
            "net_income_4q": null,
            "revenue": null,
            "revenue_4q": null,
            "common_shares": 171324,
            "book_valuer_per_share": 16.24,
            "book_valuer_per_share_4q_avg": 4.06,
            "equity": 278199,
            "current_ratio": 164.51,
            "debt_ratio": 56.44,
            "inventory_turnover_ratio": null,
            "account_receivable_turnover_ratio": null,
            "reinvestment_rate": null,
            "research_to_sale_ratio": null,
            "price_fair": 0,
            "eps_avg_yearly": 0,
            "eps_latest_yearly": 0,
            "eps_growth_yearly": 0
        },
        "20061": {
            "year_quarter": 20061,
            "year": 2006,
            "quarter": 1,
            "eps": null,
            "eps_growth_year": null,
            "eps_4q": null,
            "eps_4q_growth_year": null,
            "roe": null,
            "roe_4q": 0,
            "gross_profit": null,
            "gross_margin": null,
            "gross_margin_4q_avg": 0,
            "net_income": null,
            "net_income_4q": null,
            "revenue": null,
            "revenue_4q": null,
            "common_shares": null,
            "book_valuer_per_share": null,
            "book_valuer_per_share_4q_avg": 4.06,
            "equity": null,
            "current_ratio": null,
            "debt_ratio": null,
            "inventory_turnover_ratio": null,
            "account_receivable_turnover_ratio": null,
            "reinvestment_rate": null,
            "research_to_sale_ratio": null,
            "price_fair": 0,
            "eps_avg_yearly": 0,
            "eps_latest_yearly": 0,
            "eps_growth_yearly": 0
        },
        "20062": {
            "year_quarter": 20062,
            "year": 2006,
            "quarter": 2,
            "eps": null,
            "eps_growth_year": null,
            "eps_4q": null,
            "eps_4q_growth_year": null,
            "roe": null,
            "roe_4q": 0,
            "gross_profit": null,
            "gross_margin": null,
            "gross_margin_4q_avg": 0,
            "net_income": null,
            "net_income_4q": null,
            "revenue": null,
            "revenue_4q": null,
            "common_shares": null,
            "book_valuer_per_share": null,
            "book_valuer_per_share_4q_avg": 4.06,
            "equity": null,
            "current_ratio": null,
            "debt_ratio": null,
            "inventory_turnover_ratio": null,
            "account_receivable_turnover_ratio": null,
            "reinvestment_rate": null,
            "research_to_sale_ratio": null,
            "price_fair": 0,
            "eps_avg_yearly": 0,
            "eps_latest_yearly": 0,
            "eps_growth_yearly": 0
        },
        "20063": {
            "year_quarter": 20063,
            "year": 2006,
            "quarter": 3,
            "eps": null,
            "eps_growth_year": null,
            "eps_4q": null,
            "eps_4q_growth_year": null,
            "roe": null,
            "roe_4q": 0,
            "gross_profit": null,
            "gross_margin": null,
            "gross_margin_4q_avg": 0,
            "net_income": null,
            "net_income_4q": null,
            "revenue": null,
            "revenue_4q": null,
            "common_shares": null,
            "book_valuer_per_share": null,
            "book_valuer_per_share_4q_avg": 4.06,
            "equity": null,
            "current_ratio": null,
            "debt_ratio": null,
            "inventory_turnover_ratio": null,
            "account_receivable_turnover_ratio": null,
            "reinvestment_rate": null,
            "research_to_sale_ratio": null,
            "price_fair": 0,
            "eps_avg_yearly": 0,
            "eps_latest_yearly": 0,
            "eps_growth_yearly": 0
        },
        "20064": {
            "year_quarter": 20064,
            "year": 2006,
            "quarter": 4,
            "eps": null,
            "eps_growth_year": null,
            "eps_4q": null,
            "eps_4q_growth_year": null,
            "roe": null,
            "roe_4q": 0,
            "gross_profit": null,
            "gross_margin": null,
            "gross_margin_4q_avg": 0,
            "net_income": null,
            "net_income_4q": null,
            "revenue": null,
            "revenue_4q": null,
            "common_shares": 245770,
            "book_valuer_per_share": 21.41,
            "book_valuer_per_share_4q_avg": 5.35,
            "equity": 526223,
            "current_ratio": 214.25,
            "debt_ratio": 42.33,
            "inventory_turnover_ratio": null,
            "account_receivable_turnover_ratio": null,
            "reinvestment_rate": null,
            "research_to_sale_ratio": null,
            "price_fair": 0,
            "eps_avg_yearly": 0,
            "eps_latest_yearly": 0,
            "eps_growth_yearly": 0
        },
        "20071": {
            "year_quarter": 20071,
            "year": 2007,
            "quarter": 1,
            "eps": 0.95,
            "eps_growth_year": null,
            "eps_4q": null,
            "eps_4q_growth_year": null,
            "roe": 4.34,
            "roe_4q": 4.34,
            "gross_profit": 38585,
            "gross_margin": 21.71,
            "gross_margin_4q_avg": 5.43,
            "net_income": 23347,
            "net_income_4q": null,
            "revenue": 177767,
            "revenue_4q": null,
            "common_shares": 245770,
            "book_valuer_per_share": 22.36,
            "book_valuer_per_share_4q_avg": 10.94,
            "equity": 549570,
            "current_ratio": 186.87,
            "debt_ratio": 32.88,
            "inventory_turnover_ratio": 1.97,
            "account_receivable_turnover_ratio": null,
            "reinvestment_rate": null,
            "research_to_sale_ratio": null,
            "price_fair": 0,
            "eps_avg_yearly": 0,
            "eps_latest_yearly": 0,
            "eps_growth_yearly": 0
        },
        "20072": {
            "year_quarter": 20072,
            "year": 2007,
            "quarter": 2,
            "eps": 0.85,
            "eps_growth_year": null,
            "eps_4q": null,
            "eps_4q_growth_year": null,
            "roe": 6.25,
            "roe_4q": 10.59,
            "gross_profit": 58469,
            "gross_margin": 19.62,
            "gross_margin_4q_avg": 10.33,
            "net_income": 34066,
            "net_income_4q": null,
            "revenue": 298020,
            "revenue_4q": null,
            "common_shares": 400000,
            "book_valuer_per_share": 13.51,
            "book_valuer_per_share_4q_avg": 14.32,
            "equity": 540318,
            "current_ratio": 159.55,
            "debt_ratio": 38.32,
            "inventory_turnover_ratio": 4.28,
            "account_receivable_turnover_ratio": null,
            "reinvestment_rate": null,
            "research_to_sale_ratio": null,
            "price_fair": 10.2,
            "eps_avg_yearly": 3.4,
            "eps_latest_yearly": 3.4,
            "eps_growth_yearly": -42.11
        },
        "20073": {
            "year_quarter": 20073,
            "year": 2007,
            "quarter": 3,
            "eps": 0.56,
            "eps_growth_year": null,
            "eps_4q": null,
            "eps_4q_growth_year": null,
            "roe": 4.07,
            "roe_4q": 14.66,
            "gross_profit": 41143,
            "gross_margin": 19.17,
            "gross_margin_4q_avg": 15.13,
            "net_income": 22470,
            "net_income_4q": null,
            "revenue": 214579,
            "revenue_4q": null,
            "common_shares": 400000,
            "book_valuer_per_share": 14.07,
            "book_valuer_per_share_4q_avg": 17.84,
            "equity": 562788,
            "current_ratio": 151.78,
            "debt_ratio": 37.96,
            "inventory_turnover_ratio": 3.15,
            "account_receivable_turnover_ratio": null,
            "reinvestment_rate": null,
            "research_to_sale_ratio": null,
            "price_fair": 8.46,
            "eps_avg_yearly": 2.82,
            "eps_latest_yearly": 2.24,
            "eps_growth_yearly": -89.29
        },
        "20074": {
            "year_quarter": 20074,
            "year": 2007,
            "quarter": 4,
            "eps": 0.99,
            "eps_growth_year": null,
            "eps_4q": 2.99,
            "eps_4q_growth_year": null,
            "roe": 6.73,
            "roe_4q": 21.39,
            "gross_profit": 70924,
            "gross_margin": 20.32,
            "gross_margin_4q_avg": 20.21,
            "net_income": 39499,
            "net_income_4q": null,
            "revenue": 349042,
            "revenue_4q": null,
            "common_shares": 400000,
            "book_valuer_per_share": 15.3,
            "book_valuer_per_share_4q_avg": 16.31,
            "equity": 611864,
            "current_ratio": 169.75,
            "debt_ratio": 47.96,
            "inventory_turnover_ratio": 2.44,
            "account_receivable_turnover_ratio": null,
            "reinvestment_rate": null,
            "research_to_sale_ratio": null,
            "price_fair": 112,
            "eps_avg_yearly": 3.2,
            "eps_latest_yearly": 3.96,
            "eps_growth_yearly": 42.86
        },
        "20081": {
            "year_quarter": 20081,
            "year": 2008,
            "quarter": 1,
            "eps": 0.79,
            "eps_growth_year": -16.84,
            "eps_4q": 3.19,
            "eps_4q_growth_year": null,
            "roe": 5.06,
            "roe_4q": 22.11,
            "gross_profit": 131703,
            "gross_margin": 18.93,
            "gross_margin_4q_avg": 19.51,
            "net_income": 31592,
            "net_income_4q": null,
            "revenue": 695777,
            "revenue_4q": null,
            "common_shares": 400000,
            "book_valuer_per_share": 15.92,
            "book_valuer_per_share_4q_avg": 14.7,
            "equity": 636945,
            "current_ratio": 146.18,
            "debt_ratio": 52.73,
            "inventory_turnover_ratio": 2.81,
            "account_receivable_turnover_ratio": null,
            "reinvestment_rate": null,
            "research_to_sale_ratio": null,
            "price_fair": 69.99,
            "eps_avg_yearly": 3.19,
            "eps_latest_yearly": 3.16,
            "eps_growth_yearly": 11.94
        },
        "20082": {
            "year_quarter": 20082,
            "year": 2008,
            "quarter": 2,
            "eps": 1.35,
            "eps_growth_year": 58.82,
            "eps_4q": 3.25,
            "eps_4q_growth_year": null,
            "roe": 9.95,
            "roe_4q": 25.81,
            "gross_profit": 184023,
            "gross_margin": 18.12,
            "gross_margin_4q_avg": 19.14,
            "net_income": 66366,
            "net_income_4q": null,
            "revenue": 1015476,
            "revenue_4q": null,
            "common_shares": 400000,
            "book_valuer_per_share": 17.43,
            "book_valuer_per_share_4q_avg": 15.68,
            "equity": 697376,
            "current_ratio": 136.53,
            "debt_ratio": 54.91,
            "inventory_turnover_ratio": 3.65,
            "account_receivable_turnover_ratio": null,
            "reinvestment_rate": null,
            "research_to_sale_ratio": null,
            "price_fair": 127.12,
            "eps_avg_yearly": 3.63,
            "eps_latest_yearly": 5.4,
            "eps_growth_yearly": 66.26
        },
        "20083": {
            "year_quarter": 20083,
            "year": 2008,
            "quarter": 3,
            "eps": 1.02,
            "eps_growth_year": 82.14,
            "eps_4q": 3.83,
            "eps_4q_growth_year": null,
            "roe": 6.83,
            "roe_4q": 28.57,
            "gross_profit": 128229,
            "gross_margin": 21.29,
            "gross_margin_4q_avg": 19.67,
            "net_income": 49856,
            "net_income_4q": null,
            "revenue": 602418,
            "revenue_4q": null,
            "common_shares": 490000,
            "book_valuer_per_share": 15.58,
            "book_valuer_per_share_4q_avg": 16.06,
            "equity": 763506,
            "current_ratio": 143.85,
            "debt_ratio": 49.27,
            "inventory_turnover_ratio": 2.13,
            "account_receivable_turnover_ratio": null,
            "reinvestment_rate": null,
            "research_to_sale_ratio": null,
            "price_fair": 129.73,
            "eps_avg_yearly": 3.71,
            "eps_latest_yearly": 4.08,
            "eps_growth_yearly": 38.92
        },
        "20084": {
            "year_quarter": 20084,
            "year": 2008,
            "quarter": 4,
            "eps": 2.12,
            "eps_growth_year": 114.14,
            "eps_4q": 5.13,
            "eps_4q_growth_year": 71.47,
            "roe": 12.68,
            "roe_4q": 34.519999999999996,
            "gross_profit": 222736,
            "gross_margin": 27.13,
            "gross_margin_4q_avg": 21.37,
            "net_income": 104083,
            "net_income_4q": null,
            "revenue": 820850,
            "revenue_4q": null,
            "common_shares": 490000,
            "book_valuer_per_share": 17.93,
            "book_valuer_per_share_4q_avg": 16.72,
            "equity": 878499,
            "current_ratio": 151.53,
            "debt_ratio": 46.33,
            "inventory_turnover_ratio": 3.08,
            "account_receivable_turnover_ratio": 2.82,
            "reinvestment_rate": null,
            "research_to_sale_ratio": null,
            "price_fair": 153.6,
            "eps_avg_yearly": 4.39,
            "eps_latest_yearly": 8.48,
            "eps_growth_yearly": 94.99
        },
        "20091": {
            "year_quarter": 20091,
            "year": 2009,
            "quarter": 1,
            "eps": 1.23,
            "eps_growth_year": 55.7,
            "eps_4q": 5.4,
            "eps_4q_growth_year": 69.15,
            "roe": 6.48,
            "roe_4q": 35.94,
            "gross_profit": 152817,
            "gross_margin": 29.6,
            "gross_margin_4q_avg": 24.04,
            "net_income": 65005,
            "net_income_4q": null,
            "revenue": 516298,
            "revenue_4q": null,
            "common_shares": 536300,
            "book_valuer_per_share": 21.04,
            "book_valuer_per_share_4q_avg": 18,
            "equity": 1128425,
            "current_ratio": 205.19,
            "debt_ratio": 33.01,
            "inventory_turnover_ratio": 2.23,
            "account_receivable_turnover_ratio": 0.96,
            "reinvestment_rate": null,
            "research_to_sale_ratio": null,
            "price_fair": 155.93,
            "eps_avg_yearly": 4.46,
            "eps_latest_yearly": 4.92,
            "eps_growth_yearly": 62.12
        },
        "20092": {
            "year_quarter": 20092,
            "year": 2009,
            "quarter": 2,
            "eps": 1.14,
            "eps_growth_year": -15.56,
            "eps_4q": 5.26,
            "eps_4q_growth_year": 61.58,
            "roe": 5.63,
            "roe_4q": 31.619999999999997,
            "gross_profit": 164749,
            "gross_margin": 24.98,
            "gross_margin_4q_avg": 25.75,
            "net_income": 60632,
            "net_income_4q": null,
            "revenue": 659565,
            "revenue_4q": null,
            "common_shares": 536300,
            "book_valuer_per_share": 19.13,
            "book_valuer_per_share_4q_avg": 18.42,
            "equity": 1025879,
            "current_ratio": 154.16,
            "debt_ratio": 44.5,
            "inventory_turnover_ratio": 2.73,
            "account_receivable_turnover_ratio": 1.18,
            "reinvestment_rate": null,
            "research_to_sale_ratio": null,
            "price_fair": 156.33,
            "eps_avg_yearly": 4.47,
            "eps_latest_yearly": 4.56,
            "eps_growth_yearly": 51.97
        },
        "20093": {
            "year_quarter": 20093,
            "year": 2009,
            "quarter": 3,
            "eps": 1.28,
            "eps_growth_year": 25.49,
            "eps_4q": 5.11,
            "eps_4q_growth_year": 33.36,
            "roe": 7.3,
            "roe_4q": 32.09,
            "gross_profit": 187149,
            "gross_margin": 24.31,
            "gross_margin_4q_avg": 26.51,
            "net_income": 76757,
            "net_income_4q": null,
            "revenue": 769973,
            "revenue_4q": null,
            "common_shares": 602590,
            "book_valuer_per_share": 17.9,
            "book_valuer_per_share_4q_avg": 19,
            "equity": 1078464,
            "current_ratio": 162.88,
            "debt_ratio": 42.56,
            "inventory_turnover_ratio": 2.49,
            "account_receivable_turnover_ratio": 1.15,
            "reinvestment_rate": null,
            "research_to_sale_ratio": null,
            "price_fair": 158.62,
            "eps_avg_yearly": 4.53,
            "eps_latest_yearly": 5.12,
            "eps_growth_yearly": 51.68
        },
        "20094": {
            "year_quarter": 20094,
            "year": 2009,
            "quarter": 4,
            "eps": 0.37,
            "eps_growth_year": -82.55,
            "eps_4q": 3.44,
            "eps_4q_growth_year": -32.94,
            "roe": 1.79,
            "roe_4q": 21.2,
            "gross_profit": 131399,
            "gross_margin": 25.31,
            "gross_margin_4q_avg": 26.05,
            "net_income": 22306,
            "net_income_4q": null,
            "revenue": 519065,
            "revenue_4q": null,
            "common_shares": 653094,
            "book_valuer_per_share": 21.6,
            "book_valuer_per_share_4q_avg": 19.92,
            "equity": 1410695,
            "current_ratio": 216.05,
            "debt_ratio": 33.5,
            "inventory_turnover_ratio": 1.63,
            "account_receivable_turnover_ratio": 1.56,
            "reinvestment_rate": null,
            "research_to_sale_ratio": null,
            "price_fair": 132.45,
            "eps_avg_yearly": 4.25,
            "eps_latest_yearly": 1.48,
            "eps_growth_yearly": 21.13
        },
        "20101": {
            "year_quarter": 20101,
            "year": 2010,
            "quarter": 1,
            "eps": 0.34,
            "eps_growth_year": -72.36,
            "eps_4q": 2.78,
            "eps_4q_growth_year": -48.45,
            "roe": 1.57,
            "roe_4q": 16.29,
            "gross_profit": 118356,
            "gross_margin": 16.22,
            "gross_margin_4q_avg": 22.71,
            "net_income": 22279,
            "net_income_4q": null,
            "revenue": 729674,
            "revenue_4q": null,
            "common_shares": 653886,
            "book_valuer_per_share": 21.89,
            "book_valuer_per_share_4q_avg": 20.13,
            "equity": 1431135,
            "current_ratio": 205.86,
            "debt_ratio": 35.81,
            "inventory_turnover_ratio": 2.34,
            "account_receivable_turnover_ratio": 1.06,
            "reinvestment_rate": null,
            "research_to_sale_ratio": 1.46,
            "price_fair": 107.03,
            "eps_avg_yearly": 4.01,
            "eps_latest_yearly": 1.36,
            "eps_growth_yearly": 16.67
        },
        "20102": {
            "year_quarter": 20102,
            "year": 2010,
            "quarter": 2,
            "eps": 0.78,
            "eps_growth_year": -31.77,
            "eps_4q": 2.63,
            "eps_4q_growth_year": -49.95,
            "roe": 3.74,
            "roe_4q": 14.4,
            "gross_profit": 165395,
            "gross_margin": 17.09,
            "gross_margin_4q_avg": 20.73,
            "net_income": 50932,
            "net_income_4q": null,
            "revenue": 967941,
            "revenue_4q": null,
            "common_shares": 654812,
            "book_valuer_per_share": 19.74,
            "book_valuer_per_share_4q_avg": 20.28,
            "equity": 1292637,
            "current_ratio": 157.76,
            "debt_ratio": 48.38,
            "inventory_turnover_ratio": 2.48,
            "account_receivable_turnover_ratio": 1.23,
            "reinvestment_rate": null,
            "research_to_sale_ratio": 1.33,
            "price_fair": 138.06,
            "eps_avg_yearly": 3.94,
            "eps_latest_yearly": 3.12,
            "eps_growth_yearly": 55.21
        },
        "20103": {
            "year_quarter": 20103,
            "year": 2010,
            "quarter": 3,
            "eps": 1,
            "eps_growth_year": -22,
            "eps_4q": 2.46,
            "eps_4q_growth_year": -51.93,
            "roe": 4.95,
            "roe_4q": 12.05,
            "gross_profit": 170027,
            "gross_margin": 18.89,
            "gross_margin_4q_avg": 19.38,
            "net_income": 65376,
            "net_income_4q": null,
            "revenue": 900244,
            "revenue_4q": null,
            "common_shares": 654848,
            "book_valuer_per_share": 20.57,
            "book_valuer_per_share_4q_avg": 20.95,
            "equity": 1347140,
            "current_ratio": 129.46,
            "debt_ratio": 51.91,
            "inventory_turnover_ratio": 2.05,
            "account_receivable_turnover_ratio": 1.04,
            "reinvestment_rate": null,
            "research_to_sale_ratio": 1.62,
            "price_fair": 138.2,
            "eps_avg_yearly": 3.95,
            "eps_latest_yearly": 4,
            "eps_growth_yearly": 59.32
        },
        "20104": {
            "year_quarter": 20104,
            "year": 2010,
            "quarter": 4,
            "eps": 0.3,
            "eps_growth_year": -19.88,
            "eps_4q": 2.41,
            "eps_4q_growth_year": -29.93,
            "roe": 1.45,
            "roe_4q": 11.71,
            "gross_profit": 150618,
            "gross_margin": 15.19,
            "gross_margin_4q_avg": 16.85,
            "net_income": 19431,
            "net_income_4q": null,
            "revenue": 991573,
            "revenue_4q": null,
            "common_shares": 655496,
            "book_valuer_per_share": 20.22,
            "book_valuer_per_share_4q_avg": 20.61,
            "equity": 1325511,
            "current_ratio": 169.5,
            "debt_ratio": 51.22,
            "inventory_turnover_ratio": 2.61,
            "account_receivable_turnover_ratio": 1.03,
            "reinvestment_rate": 195.69,
            "research_to_sale_ratio": 1.54,
            "price_fair": 131.79,
            "eps_avg_yearly": 3.77,
            "eps_latest_yearly": 1.2,
            "eps_growth_yearly": 36.7
        },
        "20111": {
            "year_quarter": 20111,
            "year": 2011,
            "quarter": 1,
            "eps": 0.62,
            "eps_growth_year": 82.35,
            "eps_4q": 2.69,
            "eps_4q_growth_year": -3.19,
            "roe": 3.03,
            "roe_4q": 13.17,
            "gross_profit": 141476,
            "gross_margin": 15.5,
            "gross_margin_4q_avg": 16.67,
            "net_income": 40936,
            "net_income_4q": null,
            "revenue": 912609,
            "revenue_4q": null,
            "common_shares": 655736,
            "book_valuer_per_share": 21.04,
            "book_valuer_per_share_4q_avg": 20.39,
            "equity": 1379936,
            "current_ratio": 170.36,
            "debt_ratio": 50.2,
            "inventory_turnover_ratio": 2.35,
            "account_receivable_turnover_ratio": 0.88,
            "reinvestment_rate": 211.56,
            "research_to_sale_ratio": 1.66,
            "price_fair": 128.98,
            "eps_avg_yearly": 3.69,
            "eps_latest_yearly": 2.48,
            "eps_growth_yearly": 61.07
        },
        "20112": {
            "year_quarter": 20112,
            "year": 2011,
            "quarter": 2,
            "eps": 0.69,
            "eps_growth_year": -11.06,
            "eps_4q": 2.43,
            "eps_4q_growth_year": -7.48,
            "roe": 3.57,
            "roe_4q": 13,
            "gross_profit": 157037,
            "gross_margin": 15.7,
            "gross_margin_4q_avg": 16.32,
            "net_income": 49926,
            "net_income_4q": null,
            "revenue": 1000209,
            "revenue_4q": null,
            "common_shares": 656106,
            "book_valuer_per_share": 21.55,
            "book_valuer_per_share_4q_avg": 20.85,
            "equity": 1413839,
            "current_ratio": 162.28,
            "debt_ratio": 52.38,
            "inventory_turnover_ratio": 2.23,
            "account_receivable_turnover_ratio": 0.92,
            "reinvestment_rate": 209.58,
            "research_to_sale_ratio": 0.7,
            "price_fair": 127.58,
            "eps_avg_yearly": 3.65,
            "eps_latest_yearly": 2.76,
            "eps_growth_yearly": 66.53
        },
        "20113": {
            "year_quarter": 20113,
            "year": 2011,
            "quarter": 3,
            "eps": 0.71,
            "eps_growth_year": -29.11,
            "eps_4q": 2.24,
            "eps_4q_growth_year": -8.99,
            "roe": 3.47,
            "roe_4q": 11.52,
            "gross_profit": 138959,
            "gross_margin": 15.91,
            "gross_margin_4q_avg": 15.58,
            "net_income": 51073,
            "net_income_4q": null,
            "revenue": 873276,
            "revenue_4q": null,
            "common_shares": 721679,
            "book_valuer_per_share": 21.15,
            "book_valuer_per_share_4q_avg": 20.99,
            "equity": 1526508,
            "current_ratio": 181.39,
            "debt_ratio": 47.13,
            "inventory_turnover_ratio": 1.94,
            "account_receivable_turnover_ratio": 0.72,
            "reinvestment_rate": 215.3,
            "research_to_sale_ratio": 2.67,
            "price_fair": 128.89,
            "eps_avg_yearly": 3.68,
            "eps_latest_yearly": 2.84,
            "eps_growth_yearly": 75.78
        },
        "20114": {
            "year_quarter": 20114,
            "year": 2011,
            "quarter": 4,
            "eps": 0.6,
            "eps_growth_year": 103.87,
            "eps_4q": 2.57,
            "eps_4q_growth_year": 6.54,
            "roe": 2.82,
            "roe_4q": 12.889999999999999,
            "gross_profit": 166704,
            "gross_margin": 20.59,
            "gross_margin_4q_avg": 16.93,
            "net_income": 43674,
            "net_income_4q": null,
            "revenue": 809749,
            "revenue_4q": null,
            "common_shares": 722693,
            "book_valuer_per_share": 21.75,
            "book_valuer_per_share_4q_avg": 21.37,
            "equity": 1571628,
            "current_ratio": 187.11,
            "debt_ratio": 45.36,
            "inventory_turnover_ratio": 1.91,
            "account_receivable_turnover_ratio": 0.66,
            "reinvestment_rate": 161.06,
            "research_to_sale_ratio": 1.84,
            "price_fair": 125.48,
            "eps_avg_yearly": 3.59,
            "eps_latest_yearly": 2.4,
            "eps_growth_yearly": 52.71
        },
        "20121": {
            "year_quarter": 20121,
            "year": 2012,
            "quarter": 1,
            "eps": 1.04,
            "eps_growth_year": 67.74,
            "eps_4q": 3.03,
            "eps_4q_growth_year": 12.63,
            "roe": 4.69,
            "roe_4q": 14.55,
            "gross_profit": 180546,
            "gross_margin": 21.92,
            "gross_margin_4q_avg": 18.53,
            "net_income": 74923,
            "net_income_4q": null,
            "revenue": 823737,
            "revenue_4q": null,
            "common_shares": 723633,
            "book_valuer_per_share": 22.48,
            "book_valuer_per_share_4q_avg": 21.73,
            "equity": 1626508,
            "current_ratio": 187.1,
            "debt_ratio": 44.9,
            "inventory_turnover_ratio": 2.08,
            "account_receivable_turnover_ratio": 0.67,
            "reinvestment_rate": 151,
            "research_to_sale_ratio": 2.08,
            "price_fair": 127.66,
            "eps_avg_yearly": 3.65,
            "eps_latest_yearly": 4.16,
            "eps_growth_yearly": 76.09
        },
        "20122": {
            "year_quarter": 20122,
            "year": 2012,
            "quarter": 2,
            "eps": 1.14,
            "eps_growth_year": 65.37,
            "eps_4q": 3.49,
            "eps_4q_growth_year": 43.32,
            "roe": 5.21,
            "roe_4q": 16.19,
            "gross_profit": 218841,
            "gross_margin": 23.18,
            "gross_margin_4q_avg": 20.4,
            "net_income": 82785,
            "net_income_4q": null,
            "revenue": 944220,
            "revenue_4q": null,
            "common_shares": 723633,
            "book_valuer_per_share": 21.41,
            "book_valuer_per_share_4q_avg": 21.7,
            "equity": 1549400,
            "current_ratio": 164.81,
            "debt_ratio": 49.32,
            "inventory_turnover_ratio": 2.32,
            "account_receivable_turnover_ratio": 0.73,
            "reinvestment_rate": 147.39,
            "research_to_sale_ratio": 2.27,
            "price_fair": 125.83,
            "eps_avg_yearly": 3.6,
            "eps_latest_yearly": 4.56,
            "eps_growth_yearly": 60.78
        },
        "20123": {
            "year_quarter": 20123,
            "year": 2012,
            "quarter": 3,
            "eps": 1,
            "eps_growth_year": 40.96,
            "eps_4q": 3.78,
            "eps_4q_growth_year": 69.08,
            "roe": 4.51,
            "roe_4q": 17.23,
            "gross_profit": 208614,
            "gross_margin": 24.49,
            "gross_margin_4q_avg": 22.55,
            "net_income": 71186,
            "net_income_4q": null,
            "revenue": 851719,
            "revenue_4q": null,
            "common_shares": 723633,
            "book_valuer_per_share": 22.12,
            "book_valuer_per_share_4q_avg": 21.94,
            "equity": 1608627,
            "current_ratio": 176.19,
            "debt_ratio": 45.61,
            "inventory_turnover_ratio": 2.26,
            "account_receivable_turnover_ratio": 0.65,
            "reinvestment_rate": 138.18,
            "research_to_sale_ratio": 2.73,
            "price_fair": 125.65,
            "eps_avg_yearly": 3.59,
            "eps_latest_yearly": 4,
            "eps_growth_yearly": 63.82
        },
        "20124": {
            "year_quarter": 20124,
            "year": 2012,
            "quarter": 4,
            "eps": 0.44,
            "eps_growth_year": -27.56,
            "eps_4q": 3.66,
            "eps_4q_growth_year": 42.61,
            "roe": 1.88,
            "roe_4q": 16.29,
            "gross_profit": 153282,
            "gross_margin": 21.37,
            "gross_margin_4q_avg": 22.74,
            "net_income": 30073,
            "net_income_4q": null,
            "revenue": 717248,
            "revenue_4q": null,
            "common_shares": 723633,
            "book_valuer_per_share": 22.24,
            "book_valuer_per_share_4q_avg": 22.06,
            "equity": 1592170,
            "current_ratio": 188.22,
            "debt_ratio": 46.72,
            "inventory_turnover_ratio": 2.39,
            "account_receivable_turnover_ratio": 0.55,
            "reinvestment_rate": 146.63,
            "research_to_sale_ratio": 1.91,
            "price_fair": 104.16,
            "eps_avg_yearly": 3.17,
            "eps_latest_yearly": 1.76,
            "eps_growth_yearly": 22.86
        },
        "20131": {
            "year_quarter": 20131,
            "year": 2013,
            "quarter": 1,
            "eps": 0.44,
            "eps_growth_year": -57.69,
            "eps_4q": 3.05,
            "eps_4q_growth_year": 0.54,
            "roe": 1.9,
            "roe_4q": 13.5,
            "gross_profit": 135903,
            "gross_margin": 19.14,
            "gross_margin_4q_avg": 22.05,
            "net_income": 30841,
            "net_income_4q": null,
            "revenue": 709996,
            "revenue_4q": null,
            "common_shares": 723633,
            "book_valuer_per_share": 23,
            "book_valuer_per_share_4q_avg": 22.19,
            "equity": 1648984,
            "current_ratio": 186.48,
            "debt_ratio": 47.26,
            "inventory_turnover_ratio": 2.31,
            "account_receivable_turnover_ratio": 0.56,
            "reinvestment_rate": 5.06,
            "research_to_sale_ratio": 2.34,
            "price_fair": 104.04,
            "eps_avg_yearly": 2.97,
            "eps_latest_yearly": 1.76,
            "eps_growth_yearly": 33.35
        },
        "20132": {
            "year_quarter": 20132,
            "year": 2013,
            "quarter": 2,
            "eps": 1,
            "eps_growth_year": -12.59,
            "eps_4q": 2.88,
            "eps_4q_growth_year": -17.36,
            "roe": 4.31,
            "roe_4q": 12.6,
            "gross_profit": 208511,
            "gross_margin": 21.55,
            "gross_margin_4q_avg": 21.64,
            "net_income": 69981,
            "net_income_4q": null,
            "revenue": 967707,
            "revenue_4q": null,
            "common_shares": 723633,
            "book_valuer_per_share": 22.27,
            "book_valuer_per_share_4q_avg": 22.41,
            "equity": 1595866,
            "current_ratio": 156.89,
            "debt_ratio": 55,
            "inventory_turnover_ratio": 2.59,
            "account_receivable_turnover_ratio": 0.7,
            "reinvestment_rate": 6.09,
            "research_to_sale_ratio": 2.23,
            "price_fair": 102.81,
            "eps_avg_yearly": 2.94,
            "eps_latest_yearly": 4,
            "eps_growth_yearly": 67
        },
        "20133": {
            "year_quarter": 20133,
            "year": 2013,
            "quarter": 3,
            "eps": 0.96,
            "eps_growth_year": -3.77,
            "eps_4q": 2.83,
            "eps_4q_growth_year": -25.07,
            "roe": 4.08,
            "roe_4q": 12.170000000000002,
            "gross_profit": 200117,
            "gross_margin": 20.56,
            "gross_margin_4q_avg": 20.66,
            "net_income": 67387,
            "net_income_4q": null,
            "revenue": 973202,
            "revenue_4q": null,
            "common_shares": 723633,
            "book_valuer_per_share": 23.82,
            "book_valuer_per_share_4q_avg": 22.83,
            "equity": 1705363,
            "current_ratio": 220.08,
            "debt_ratio": 57.91,
            "inventory_turnover_ratio": 2.76,
            "account_receivable_turnover_ratio": 0.62,
            "reinvestment_rate": 4.19,
            "research_to_sale_ratio": 2.07,
            "price_fair": 100.01,
            "eps_avg_yearly": 2.86,
            "eps_latest_yearly": 3.84,
            "eps_growth_yearly": 62.93
        },
        "20134": {
            "year_quarter": 20134,
            "year": 2013,
            "quarter": 4,
            "eps": 0.75,
            "eps_growth_year": 70.77,
            "eps_4q": 3,
            "eps_4q_growth_year": -18.1,
            "roe": 3.04,
            "roe_4q": 13.33,
            "gross_profit": 184377,
            "gross_margin": 20.94,
            "gross_margin_4q_avg": 20.55,
            "net_income": 55700,
            "net_income_4q": null,
            "revenue": 880520,
            "revenue_4q": null,
            "common_shares": 769260,
            "book_valuer_per_share": 25.71,
            "book_valuer_per_share_4q_avg": 23.7,
            "equity": 1956937,
            "current_ratio": 206.93,
            "debt_ratio": 52.39,
            "inventory_turnover_ratio": 2.44,
            "account_receivable_turnover_ratio": 0.54,
            "reinvestment_rate": -88.14,
            "research_to_sale_ratio": 2.07,
            "price_fair": 103.34,
            "eps_avg_yearly": 2.95,
            "eps_latest_yearly": 3,
            "eps_growth_yearly": 75.23
        },
        "20141": {
            "year_quarter": 20141,
            "year": 2014,
            "quarter": 1,
            "eps": 0.4,
            "eps_growth_year": -9.09,
            "eps_4q": 2.9,
            "eps_4q_growth_year": -5.09,
            "roe": 1.45,
            "roe_4q": 12.879999999999999,
            "gross_profit": 179495,
            "gross_margin": 19.69,
            "gross_margin_4q_avg": 20.69,
            "net_income": 29519,
            "net_income_4q": null,
            "revenue": 911381,
            "revenue_4q": null,
            "common_shares": 790469,
            "book_valuer_per_share": 26.81,
            "book_valuer_per_share_4q_avg": 24.65,
            "equity": 2107161,
            "current_ratio": 218.63,
            "debt_ratio": 51.13,
            "inventory_turnover_ratio": 2.26,
            "account_receivable_turnover_ratio": 0.54,
            "reinvestment_rate": -88.99,
            "research_to_sale_ratio": 2.04,
            "price_fair": 103.86,
            "eps_avg_yearly": 2.97,
            "eps_latest_yearly": 1.6,
            "eps_growth_yearly": 65.59
        },
        "20142": {
            "year_quarter": 20142,
            "year": 2014,
            "quarter": 2,
            "eps": 3.89,
            "eps_growth_year": 289,
            "eps_4q": 5.46,
            "eps_4q_growth_year": 89.34,
            "roe": 14.12,
            "roe_4q": 22.689999999999998,
            "gross_profit": 301881,
            "gross_margin": 22.32,
            "gross_margin_4q_avg": 20.88,
            "net_income": 301551,
            "net_income_4q": null,
            "revenue": 1352813,
            "revenue_4q": null,
            "common_shares": 847740,
            "book_valuer_per_share": 25.66,
            "book_valuer_per_share_4q_avg": 25.5,
            "equity": 2162882,
            "current_ratio": 198.26,
            "debt_ratio": 50.98,
            "inventory_turnover_ratio": 2.96,
            "account_receivable_turnover_ratio": 0.75,
            "reinvestment_rate": -74.51,
            "research_to_sale_ratio": 1.48,
            "price_fair": 131.08,
            "eps_avg_yearly": 3.75,
            "eps_latest_yearly": 15.56,
            "eps_growth_yearly": 251.37
        },
        "20143": {
            "year_quarter": 20143,
            "year": 2014,
            "quarter": 3,
            "eps": 2.83,
            "eps_growth_year": 194.79,
            "eps_4q": 7.47,
            "eps_4q_growth_year": 163.77,
            "roe": 10.32,
            "roe_4q": 28.929999999999996,
            "gross_profit": 364395,
            "gross_margin": 21.4,
            "gross_margin_4q_avg": 21.09,
            "net_income": 236658,
            "net_income_4q": null,
            "revenue": 1703137,
            "revenue_4q": null,
            "common_shares": 847842,
            "book_valuer_per_share": 28.77,
            "book_valuer_per_share_4q_avg": 26.74,
            "equity": 2422699,
            "current_ratio": 169.93,
            "debt_ratio": 52.44,
            "inventory_turnover_ratio": 3.37,
            "account_receivable_turnover_ratio": 0.8,
            "reinvestment_rate": -90.86,
            "research_to_sale_ratio": 1.36,
            "price_fair": 147.09,
            "eps_avg_yearly": 4.2,
            "eps_latest_yearly": 11.32,
            "eps_growth_yearly": 237.5
        },
        "20144": {
            "year_quarter": 20144,
            "year": 2014,
            "quarter": 4,
            "eps": 2,
            "eps_growth_year": 166.95,
            "eps_4q": 8.73,
            "eps_4q_growth_year": 190.91,
            "roe": 6.58,
            "roe_4q": 32.47,
            "gross_profit": 375338,
            "gross_margin": 18.64,
            "gross_margin_4q_avg": 20.51,
            "net_income": 168341,
            "net_income_4q": null,
            "revenue": 2013703,
            "revenue_4q": null,
            "common_shares": 855998,
            "book_valuer_per_share": 31.67,
            "book_valuer_per_share_4q_avg": 28.23,
            "equity": 2691327,
            "current_ratio": 157.22,
            "debt_ratio": 56.46,
            "inventory_turnover_ratio": 3.84,
            "account_receivable_turnover_ratio": 0.67,
            "reinvestment_rate": -79.93,
            "research_to_sale_ratio": 0.71,
            "price_fair": 161.96,
            "eps_avg_yearly": 4.63,
            "eps_latest_yearly": 8,
            "eps_growth_yearly": 247.67
        },
        "20151": {
            "year_quarter": 20151,
            "year": 2015,
            "quarter": 1,
            "eps": 2,
            "eps_growth_year": 400,
            "eps_4q": 10.25,
            "eps_4q_growth_year": 254,
            "roe": 6.1,
            "roe_4q": 37.12,
            "gross_profit": 450911,
            "gross_margin": 22.99,
            "gross_margin_4q_avg": 21.34,
            "net_income": 170543,
            "net_income_4q": null,
            "revenue": 1961022,
            "revenue_4q": null,
            "common_shares": 865064,
            "book_valuer_per_share": 33.68,
            "book_valuer_per_share_4q_avg": 29.95,
            "equity": 2899202,
            "current_ratio": 174.05,
            "debt_ratio": 56.15,
            "inventory_turnover_ratio": 3.06,
            "account_receivable_turnover_ratio": 0.52,
            "reinvestment_rate": -77.73,
            "research_to_sale_ratio": 1.22,
            "price_fair": 174.04,
            "eps_avg_yearly": 4.97,
            "eps_latest_yearly": 8,
            "eps_growth_yearly": 221
        },
        "20152": {
            "year_quarter": 20152,
            "year": 2015,
            "quarter": 2,
            "eps": 3.06,
            "eps_growth_year": -21.34,
            "eps_4q": 9.77,
            "eps_4q_growth_year": 79.03,
            "roe": 9.63,
            "roe_4q": 32.63,
            "gross_profit": 612867,
            "gross_margin": 21.87,
            "gross_margin_4q_avg": 21.23,
            "net_income": 262419,
            "net_income_4q": null,
            "revenue": 2802070,
            "revenue_4q": null,
            "common_shares": 866705,
            "book_valuer_per_share": 29.61,
            "book_valuer_per_share_4q_avg": 30.93,
            "equity": 2553364,
            "current_ratio": 146.85,
            "debt_ratio": 69.72,
            "inventory_turnover_ratio": 3.93,
            "account_receivable_turnover_ratio": 0.68,
            "reinvestment_rate": -61.4,
            "research_to_sale_ratio": 0.96,
            "price_fair": 194.78,
            "eps_avg_yearly": 5.57,
            "eps_latest_yearly": 12.24,
            "eps_growth_yearly": 231.43
        },
        "20153": {
            "year_quarter": 20153,
            "year": 2015,
            "quarter": 3,
            "eps": 4.65,
            "eps_growth_year": 64.31,
            "eps_4q": 11.63,
            "eps_4q_growth_year": 55.67,
            "roe": 14.26,
            "roe_4q": 36.57,
            "gross_profit": 801032,
            "gross_margin": 28.98,
            "gross_margin_4q_avg": 23.12,
            "net_income": 400621,
            "net_income_4q": null,
            "revenue": 2764018,
            "revenue_4q": null,
            "common_shares": 869632,
            "book_valuer_per_share": 35.45,
            "book_valuer_per_share_4q_avg": 32.6,
            "equity": 3065612,
            "current_ratio": 166.46,
            "debt_ratio": 64.27,
            "inventory_turnover_ratio": 3.82,
            "account_receivable_turnover_ratio": 0.56,
            "reinvestment_rate": -55.94,
            "research_to_sale_ratio": 1.29,
            "price_fair": 229.25,
            "eps_avg_yearly": 6.55,
            "eps_latest_yearly": 18.6,
            "eps_growth_yearly": 243.7
        },
        "20154": {
            "year_quarter": 20154,
            "year": 2015,
            "quarter": 4,
            "eps": 2.1,
            "eps_growth_year": 5.18,
            "eps_4q": 11.64,
            "eps_4q_growth_year": 33.34,
            "roe": 5.79,
            "roe_4q": 35.78,
            "gross_profit": 643364,
            "gross_margin": 30.23,
            "gross_margin_4q_avg": 26.02,
            "net_income": 185092,
            "net_income_4q": null,
            "revenue": 2128003,
            "revenue_4q": null,
            "common_shares": 876789,
            "book_valuer_per_share": 37.37,
            "book_valuer_per_share_4q_avg": 34.03,
            "equity": 3331719,
            "current_ratio": 168.33,
            "debt_ratio": 61.76,
            "inventory_turnover_ratio": 3.68,
            "account_receivable_turnover_ratio": 0.41,
            "reinvestment_rate": -5.26,
            "research_to_sale_ratio": 2.24,
            "price_fair": 242.38,
            "eps_avg_yearly": 6.93,
            "eps_latest_yearly": 8.4,
            "eps_growth_yearly": 233.86
        },
        "20161": {
            "year_quarter": 20161,
            "year": 2016,
            "quarter": 1,
            "eps": 0.39,
            "eps_growth_year": -80.5,
            "eps_4q": 9.96,
            "eps_4q_growth_year": -2.8,
            "roe": 0.99,
            "roe_4q": 30.67,
            "gross_profit": 359471,
            "gross_margin": 28.94,
            "gross_margin_4q_avg": 27.51,
            "net_income": 33297,
            "net_income_4q": null,
            "revenue": 1242224,
            "revenue_4q": null,
            "common_shares": 885857,
            "book_valuer_per_share": 37.55,
            "book_valuer_per_share_4q_avg": 35,
            "equity": 3421950,
            "current_ratio": 171.94,
            "debt_ratio": 57.78,
            "inventory_turnover_ratio": 2.29,
            "account_receivable_turnover_ratio": 0.29,
            "reinvestment_rate": 4.89,
            "research_to_sale_ratio": 3.6,
            "price_fair": 236.69,
            "eps_avg_yearly": 6.76,
            "eps_latest_yearly": 1.56,
            "eps_growth_yearly": 195.17
        },
        "20162": {
            "year_quarter": 20162,
            "year": 2016,
            "quarter": 2,
            "eps": 0.35,
            "eps_growth_year": -88.56,
            "eps_4q": 7.34,
            "eps_4q_growth_year": -24.86,
            "roe": 0.93,
            "roe_4q": 21.97,
            "gross_profit": 451239,
            "gross_margin": 28.85,
            "gross_margin_4q_avg": 29.25,
            "net_income": 37168,
            "net_income_4q": null,
            "revenue": 1563857,
            "revenue_4q": null,
            "common_shares": 885857,
            "book_valuer_per_share": 45.56,
            "book_valuer_per_share_4q_avg": 38.98,
            "equity": 4591717,
            "current_ratio": 168.36,
            "debt_ratio": 55.33,
            "inventory_turnover_ratio": 3.04,
            "account_receivable_turnover_ratio": 0.42,
            "reinvestment_rate": 46.65,
            "research_to_sale_ratio": 2.59,
            "price_fair": 229.78,
            "eps_avg_yearly": 6.57,
            "eps_latest_yearly": 1.4,
            "eps_growth_yearly": 190.2
        },
        "20163": {
            "year_quarter": 20163,
            "year": 2016,
            "quarter": 3,
            "eps": null,
            "eps_growth_year": null,
            "eps_4q": null,
            "eps_4q_growth_year": null,
            "roe": null,
            "roe_4q": 7.71,
            "gross_profit": null,
            "gross_margin": null,
            "gross_margin_4q_avg": 22.01,
            "net_income": null,
            "net_income_4q": null,
            "revenue": null,
            "revenue_4q": null,
            "common_shares": null,
            "book_valuer_per_share": null,
            "book_valuer_per_share_4q_avg": 30.12,
            "equity": null,
            "current_ratio": null,
            "debt_ratio": null,
            "inventory_turnover_ratio": null,
            "account_receivable_turnover_ratio": null,
            "reinvestment_rate": null,
            "research_to_sale_ratio": null,
            "price_fair": 235.76,
            "eps_avg_yearly": 6.74,
            "eps_latest_yearly": 1.4,
            "eps_growth_yearly": 206.16
        }
    },
    "months": {
        "2009-01": {
            "month": "2009-01",
            "price": "56.38",
            "revenue": 105615
        },
        "2009-02": {
            "month": "2009-02",
            "price": "54.94",
            "revenue": 82187
        },
        "2009-03": {
            "month": "2009-03",
            "price": "54.90",
            "revenue": 88117
        },
        "2009-04": {
            "month": "2009-04",
            "price": "61.96",
            "revenue": 57692
        },
        "2009-05": {
            "month": "2009-05",
            "price": "70.33",
            "revenue": 82953
        },
        "2009-06": {
            "month": "2009-06",
            "price": "65.55",
            "revenue": 66424
        },
        "2009-07": {
            "month": "2009-07",
            "price": "66.62",
            "revenue": 76384
        },
        "2009-08": {
            "month": "2009-08",
            "price": "84.34",
            "revenue": 69935
        },
        "2009-09": {
            "month": "2009-09",
            "price": "81.15",
            "revenue": 57642
        },
        "2009-10": {
            "month": "2009-10",
            "price": "75.93",
            "revenue": 58613
        },
        "2009-11": {
            "month": "2009-11",
            "price": "70.56",
            "revenue": 60952
        },
        "2009-12": {
            "month": "2009-12",
            "price": "71.48",
            "revenue": 72016
        },
        "2010-01": {
            "month": "2010-01",
            "price": "67.98",
            "revenue": 104132
        },
        "2010-02": {
            "month": "2010-02",
            "price": "59.34",
            "revenue": 67728
        },
        "2010-03": {
            "month": "2010-03",
            "price": "67.42",
            "revenue": 92034
        },
        "2010-04": {
            "month": "2010-04",
            "price": "70.79",
            "revenue": 95136
        },
        "2010-05": {
            "month": "2010-05",
            "price": "63.91",
            "revenue": 109801
        },
        "2010-06": {
            "month": "2010-06",
            "price": "60.00",
            "revenue": 90448
        },
        "2010-07": {
            "month": "2010-07",
            "price": "58.31",
            "revenue": 74581
        },
        "2010-08": {
            "month": "2010-08",
            "price": "63.10",
            "revenue": 93576
        },
        "2010-09": {
            "month": "2010-09",
            "price": "58.82",
            "revenue": 115372
        },
        "2010-10": {
            "month": "2010-10",
            "price": "58.99",
            "revenue": 136496
        },
        "2010-11": {
            "month": "2010-11",
            "price": "55.85",
            "revenue": 123635
        },
        "2010-12": {
            "month": "2010-12",
            "price": "57.00",
            "revenue": 140993
        },
        "2011-01": {
            "month": "2011-01",
            "price": "55.26",
            "revenue": 127857
        },
        "2011-02": {
            "month": "2011-02",
            "price": "51.21",
            "revenue": 121030
        },
        "2011-03": {
            "month": "2011-03",
            "price": "56.48",
            "revenue": 172527
        },
        "2011-04": {
            "month": "2011-04",
            "price": "63.63",
            "revenue": 160855
        },
        "2011-05": {
            "month": "2011-05",
            "price": "66.29",
            "revenue": 162174
        },
        "2011-06": {
            "month": "2011-06",
            "price": "57.97",
            "revenue": 153820
        },
        "2011-07": {
            "month": "2011-07",
            "price": "53.62",
            "revenue": 122817
        },
        "2011-08": {
            "month": "2011-08",
            "price": "47.19",
            "revenue": 134554
        },
        "2011-09": {
            "month": "2011-09",
            "price": "39.83",
            "revenue": 116614
        },
        "2011-10": {
            "month": "2011-10",
            "price": "35.77",
            "revenue": 129419
        },
        "2011-11": {
            "month": "2011-11",
            "price": "33.12",
            "revenue": 112395
        },
        "2011-12": {
            "month": "2011-12",
            "price": "28.12",
            "revenue": 122286
        },
        "2012-01": {
            "month": "2012-01",
            "price": "29.39",
            "revenue": 99440
        },
        "2012-02": {
            "month": "2012-02",
            "price": "34.48",
            "revenue": 151392
        },
        "2012-03": {
            "month": "2012-03",
            "price": "41.97",
            "revenue": 175967
        },
        "2012-04": {
            "month": "2012-04",
            "price": "45.55",
            "revenue": 215764
        },
        "2012-05": {
            "month": "2012-05",
            "price": "45.29",
            "revenue": 168565
        },
        "2012-06": {
            "month": "2012-06",
            "price": "42.61",
            "revenue": 106872
        },
        "2012-07": {
            "month": "2012-07",
            "price": "41.84",
            "revenue": 175311
        },
        "2012-08": {
            "month": "2012-08",
            "price": "44.34",
            "revenue": 120001
        },
        "2012-09": {
            "month": "2012-09",
            "price": "42.97",
            "revenue": 94520
        },
        "2012-10": {
            "month": "2012-10",
            "price": "40.37",
            "revenue": 104601
        },
        "2012-11": {
            "month": "2012-11",
            "price": "41.96",
            "revenue": 90518
        },
        "2012-12": {
            "month": "2012-12",
            "price": "44.04",
            "revenue": 96324
        },
        "2013-01": {
            "month": "2013-01",
            "price": "46.31",
            "revenue": 244401
        },
        "2013-02": {
            "month": "2013-02",
            "price": "46.96",
            "revenue": 144914
        },
        "2013-03": {
            "month": "2013-03",
            "price": "46.11",
            "revenue": 320680
        },
        "2013-04": {
            "month": "2013-04",
            "price": "45.88",
            "revenue": 337318
        },
        "2013-05": {
            "month": "2013-05",
            "price": "45.55",
            "revenue": 317665
        },
        "2013-06": {
            "month": "2013-06",
            "price": "44.44",
            "revenue": 312658
        },
        "2013-07": {
            "month": "2013-07",
            "price": "42.55",
            "revenue": 315230
        },
        "2013-08": {
            "month": "2013-08",
            "price": "45.14",
            "revenue": 325408
        },
        "2013-09": {
            "month": "2013-09",
            "price": "47.62",
            "revenue": 332565
        },
        "2013-10": {
            "month": "2013-10",
            "price": "50.63",
            "revenue": 314584
        },
        "2013-11": {
            "month": "2013-11",
            "price": "62.28",
            "revenue": 303463
        },
        "2013-12": {
            "month": "2013-12",
            "price": "70.94",
            "revenue": 262472
        },
        "2014-01": {
            "month": "2014-01",
            "price": "80.12",
            "revenue": 251490
        },
        "2014-02": {
            "month": "2014-02",
            "price": "76.75",
            "revenue": 266993
        },
        "2014-03": {
            "month": "2014-03",
            "price": "90.10",
            "revenue": 392898
        },
        "2014-04": {
            "month": "2014-04",
            "price": "109.62",
            "revenue": 440963
        },
        "2014-05": {
            "month": "2014-05",
            "price": "106.10",
            "revenue": 424913
        },
        "2014-06": {
            "month": "2014-06",
            "price": "108.92",
            "revenue": 486937
        },
        "2014-07": {
            "month": "2014-07",
            "price": "112.39",
            "revenue": 562160
        },
        "2014-08": {
            "month": "2014-08",
            "price": "107.38",
            "revenue": 532050
        },
        "2014-09": {
            "month": "2014-09",
            "price": "113.36",
            "revenue": 608927
        },
        "2014-10": {
            "month": "2014-10",
            "price": "120.73",
            "revenue": 638707
        },
        "2014-11": {
            "month": "2014-11",
            "price": "126.80",
            "revenue": 652846
        },
        "2014-12": {
            "month": "2014-12",
            "price": "140.71",
            "revenue": 722150
        },
        "2015-01": {
            "month": "2015-01",
            "price": "147.28",
            "revenue": 728328
        },
        "2015-02": {
            "month": "2015-02",
            "price": "156.58",
            "revenue": 385765
        },
        "2015-03": {
            "month": "2015-03",
            "price": "202.02",
            "revenue": 846924
        },
        "2015-04": {
            "month": "2015-04",
            "price": "243.40",
            "revenue": 994656
        },
        "2015-05": {
            "month": "2015-05",
            "price": "254.10",
            "revenue": 902181
        },
        "2015-06": {
            "month": "2015-06",
            "price": "287.95",
            "revenue": 905238
        },
        "2015-07": {
            "month": "2015-07",
            "price": "250.75",
            "revenue": 961264
        },
        "2015-08": {
            "month": "2015-08",
            "price": "195.55",
            "revenue": 900013
        },
        "2015-09": {
            "month": "2015-09",
            "price": "181.32",
            "revenue": 902739
        },
        "2015-10": {
            "month": "2015-10",
            "price": "226.40",
            "revenue": 803227
        },
        "2015-11": {
            "month": "2015-11",
            "price": "212.93",
            "revenue": 700521
        },
        "2015-12": {
            "month": "2015-12",
            "price": "178.91",
            "revenue": 636086
        },
        "2016-01": {
            "month": "2016-01",
            "price": "151.31",
            "revenue": 505384
        },
        "2016-02": {
            "month": "2016-02",
            "price": "141.00",
            "revenue": 311899
        },
        "2016-03": {
            "month": "2016-03",
            "price": "153.09",
            "revenue": 424942
        },
        "2016-04": {
            "month": "2016-04",
            "price": "129.63",
            "revenue": 561437
        },
        "2016-05": {
            "month": "2016-05",
            "price": "122.88",
            "revenue": 547883
        },
        "2016-06": {
            "month": "2016-06",
            "price": "126.29",
            "revenue": 454536
        },
        "2016-07": {
            "month": "2016-07",
            "price": "117.15",
            "revenue": 520001
        },
        "2016-08": {
            "month": "2016-08",
            "price": "125.75",
            "revenue": 420994
        }
    }
}
