{
    "summary": {
        "stock_name": "豪展",
        "stock_id": "4735",
        "category": "生技醫療",
        "main_business": "醫療器材設備製造業、醫療器材批發業、醫療器材零售業",
        "website_url": "http://www.avita.com.tw",
        "ceo": "紀強",
        "pe_ratio": 14,
        "report_year_from": 2007,
        "report_year_to": 2023,
        "age": 16,
        "eps_negative_percentage": 21,
        "eps_growth_avg": {
            "last_all": 8.75,
            "last_2y": -3.04,
            "last_4y": 5.14,
            "last_8y": 22.34,
            "last_12y": null,
            "last_16y": null,
            "last_20y": null,
            "at_2006_last_3y": null,
            "at_2007_last_3y": null,
            "at_2008_last_3y": null,
            "at_2009_last_3y": null,
            "at_2010_last_3y": null,
            "at_2011_last_3y": null,
            "at_2012_last_3y": null,
            "at_2013_last_3y": null,
            "at_2014_last_3y": -100,
            "at_2015_last_3y": 100,
            "at_2016_last_3y": 64.1,
            "at_2017_last_3y": 51,
            "at_2018_last_3y": 38.09,
            "at_2019_last_3y": 21.96,
            "at_2020_last_3y": 39.91,
            "at_2021_last_3y": 23.48,
            "at_2022_last_3y": 6.59,
            "at_2023_last_3y": 6.59,
            "at_2006_last_all": null,
            "at_2007_last_all": null,
            "at_2008_last_all": null,
            "at_2009_last_all": null,
            "at_2010_last_all": null,
            "at_2011_last_all": null,
            "at_2012_last_all": -100,
            "at_2013_last_all": -100,
            "at_2014_last_all": -100,
            "at_2015_last_all": 0,
            "at_2016_last_all": 9.4,
            "at_2017_last_all": 13.25,
            "at_2018_last_all": 10.47,
            "at_2019_last_all": 14.64,
            "at_2020_last_all": 26.84,
            "at_2021_last_all": 18.37,
            "at_2022_last_all": 8.75,
            "at_2023_last_all": 8.75
        },
        "latest_eps": 2.78,
        "latest_price": 38.05,
        "latest_roe": 10.69,
        "latest_gross_margin": 32.4,
        "latest_equity": 927138,
        "latest_revenue": 255792,
        "latest_gross_profit": 82886,
        "latest_net_income": 24563,
        "latest_debt_ratio": 28.39,
        "latest_current_ratio": 225.9,
        "latest_account_receivable_turnover_ratio": 3.08,
        "latest_inventory_turnover_ratio": 0.85,
        "latest_reinvestment_rate": 9.11,
        "latest_research_to_sale_ratio": 8.37
    },
    "eps_dividends": {
        "2001": {
            "cash": 0,
            "stock": 0,
            "eps": 0
        },
        "2002": {
            "cash": 0,
            "stock": 0,
            "eps": 0
        },
        "2003": {
            "cash": 0,
            "stock": 0,
            "eps": 0
        },
        "2004": {
            "cash": 0,
            "stock": 0,
            "eps": 0
        },
        "2005": {
            "cash": 0,
            "stock": 0,
            "eps": 0
        },
        "2006": {
            "cash": 0,
            "stock": 0,
            "eps": 0
        },
        "2007": {
            "cash": 0,
            "stock": 0,
            "eps": 0
        },
        "2008": {
            "cash": 0,
            "stock": 0,
            "eps": 0
        },
        "2009": {
            "cash": 0,
            "stock": 0,
            "eps": 0
        },
        "2010": {
            "cash": 1,
            "stock": 0,
            "eps": 0.69
        },
        "2011": {
            "cash": 0.5,
            "stock": 0,
            "eps": -0.99
        },
        "2012": {
            "cash": 0,
            "stock": 0,
            "eps": -0.88
        },
        "2013": {
            "cash": 0,
            "stock": 0,
            "eps": -1.1
        },
        "2014": {
            "cash": 0,
            "stock": 0,
            "eps": 0.9
        },
        "2015": {
            "cash": 0.4,
            "stock": 0,
            "eps": 1.95
        },
        "2016": {
            "cash": 1.2,
            "stock": 0,
            "eps": 2.5
        },
        "2017": {
            "cash": 1.91,
            "stock": 0,
            "eps": 3.12
        },
        "2018": {
            "cash": 2.14,
            "stock": 0,
            "eps": 3.1
        },
        "2019": {
            "cash": 2.3,
            "stock": 0,
            "eps": 4.2
        },
        "2020": {
            "cash": 8.7,
            "stock": 0,
            "eps": 14.64
        },
        "2021": {
            "cash": 8.2,
            "stock": 0,
            "eps": 8.65
        },
        "2022": {
            "cash": 2.5,
            "stock": 0,
            "eps": 2.75
        },
        "2023": {
            "cash": 1,
            "stock": 0,
            "eps": 0.67
        }
    },
    "dividends": {
        "2010-03-12": {
            "cash": 1,
            "stock": 0
        },
        "2011-03-25": {
            "cash": 0.5,
            "stock": 0
        },
        "2015-07-31": {
            "cash": 0.4,
            "stock": 0
        },
        "2016-07-22": {
            "cash": 1.2,
            "stock": 0
        },
        "2017-07-21": {
            "cash": 1.91,
            "stock": 0
        },
        "2018-07-31": {
            "cash": 2.14,
            "stock": 0
        },
        "2019-08-09": {
            "cash": 2.3,
            "stock": 0
        },
        "2020-07-31": {
            "cash": 2.7,
            "stock": 0
        },
        "2020-12-25": {
            "cash": 6,
            "stock": 0
        },
        "2021-04-29": {
            "cash": 3,
            "stock": 0
        },
        "2021-07-29": {
            "cash": 1.5,
            "stock": 0
        },
        "2021-10-13": {
            "cash": 2.5,
            "stock": 0
        },
        "2021-12-10": {
            "cash": 1.2,
            "stock": 0
        },
        "2022-05-06": {
            "cash": 1,
            "stock": 0
        },
        "2022-07-04": {
            "cash": 0.5,
            "stock": 0
        },
        "2022-09-30": {
            "cash": 0.5,
            "stock": 0
        },
        "2022-12-30": {
            "cash": 0.5,
            "stock": 0
        },
        "2023-04-28": {
            "cash": 0.5,
            "stock": 0
        },
        "2023-06-30": {
            "cash": 0.5,
            "stock": 0
        }
    },
    "prices": {
        "200101": "無",
        "200102": "無",
        "200103": "無",
        "200104": "無",
        "200105": "無",
        "200106": "無",
        "200107": "無",
        "200108": "無",
        "200109": "無",
        "200110": "無",
        "200111": "無",
        "200112": "無",
        "200201": "無",
        "200202": "無",
        "200203": "無",
        "200204": "無",
        "200205": "無",
        "200206": "無",
        "200207": "無",
        "200208": "無",
        "200209": "無",
        "200210": "無",
        "200211": "無",
        "200212": "無",
        "200301": "無",
        "200302": "無",
        "200303": "無",
        "200304": "無",
        "200305": "無",
        "200306": "無",
        "200307": "無",
        "200308": "無",
        "200309": "無",
        "200310": "無",
        "200311": "無",
        "200312": "無",
        "200401": "無",
        "200402": "無",
        "200403": "無",
        "200404": "無",
        "200405": "無",
        "200406": "無",
        "200407": "無",
        "200408": "無",
        "200409": "無",
        "200410": "無",
        "200411": "無",
        "200412": "無",
        "200501": "無",
        "200502": "無",
        "200503": "無",
        "200504": "無",
        "200505": "無",
        "200506": "無",
        "200507": "無",
        "200508": "無",
        "200509": "無",
        "200510": "無",
        "200511": "無",
        "200512": "無",
        "200601": "無",
        "200602": "無",
        "200603": "無",
        "200604": "無",
        "200605": "無",
        "200606": "無",
        "200607": "無",
        "200608": "無",
        "200609": "無",
        "200610": "無",
        "200611": "無",
        "200612": "無",
        "200701": "無",
        "200702": "無",
        "200703": "無",
        "200704": "無",
        "200705": "無",
        "200706": "無",
        "200707": "無",
        "200708": "無",
        "200709": "無",
        "200710": "無",
        "200711": "無",
        "200712": "無",
        "200801": "無",
        "200802": "無",
        "200803": "無",
        "200804": "無",
        "200805": "無",
        "200806": "無",
        "200807": "無",
        "200808": "無",
        "200809": "無",
        "200810": "無",
        "200811": "無",
        "200812": "無",
        "200901": "無",
        "200902": "無",
        "200903": "無",
        "200904": "無",
        "200905": "無",
        "200906": "無",
        "200907": "無",
        "200908": "無",
        "200909": "無",
        "200910": "無",
        "200911": "無",
        "200912": "無",
        "201001": "無",
        "201002": "無",
        "201003": "無",
        "201004": "28.78",
        "201005": "29.36",
        "201006": "27.48",
        "201007": "25.35",
        "201008": "24.95",
        "201009": "25.18",
        "201010": "25.46",
        "201011": "25.10",
        "201012": "24.83",
        "201101": "24.34",
        "201102": "23.96",
        "201103": "23.28",
        "201104": "22.34",
        "201105": "20.94",
        "201106": "21.94",
        "201107": "20.22",
        "201108": "15.25",
        "201109": "13.33",
        "201110": "12.88",
        "201111": "12.37",
        "201112": "10.62",
        "201201": "11.25",
        "201202": "13.43",
        "201203": "12.75",
        "201204": "11.37",
        "201205": "10.83",
        "201206": "10.92",
        "201207": "10.95",
        "201208": "10.74",
        "201209": "11.50",
        "201210": "12.81",
        "201211": "11.35",
        "201212": "13.33",
        "201301": "14.79",
        "201302": "23.59",
        "201303": "25.79",
        "201304": "23.80",
        "201305": "23.95",
        "201306": "22.88",
        "201307": "20.43",
        "201308": "19.00",
        "201309": "19.74",
        "201310": "19.67",
        "201311": "18.14",
        "201312": "17.27",
        "201401": "17.75",
        "201402": "17.65",
        "201403": "17.77",
        "201404": "16.94",
        "201405": "15.83",
        "201406": "17.32",
        "201407": "22.07",
        "201408": "19.22",
        "201409": "21.77",
        "201410": "21.30",
        "201411": "20.56",
        "201412": "22.47",
        "201501": "21.14",
        "201502": "20.89",
        "201503": "21.86",
        "201504": "24.02",
        "201505": "24.24",
        "201506": "25.51",
        "201507": "23.98",
        "201508": "20.43",
        "201509": "20.08",
        "201510": "22.45",
        "201511": "26.20",
        "201512": "36.73",
        "201601": "36.13",
        "201602": "35.73",
        "201603": "33.35",
        "201604": "28.35",
        "201605": "29.95",
        "201606": "30.94",
        "201607": "34.35",
        "201608": "34.05",
        "201609": "33.73",
        "201610": "33.92",
        "201611": "36.31",
        "201612": "36.15",
        "201701": "36.01",
        "201702": "37.47",
        "201703": "37.62",
        "201704": "41.92",
        "201705": "42.68",
        "201706": "50.85",
        "201707": "47.86",
        "201708": "44.23",
        "201709": "44.20",
        "201710": "48.43",
        "201711": "48.78",
        "201712": "48.80",
        "201801": "49.68",
        "201802": "43.62",
        "201803": "44.98",
        "201804": "45.12",
        "201805": "42.19",
        "201806": "43.12",
        "201807": "41.00",
        "201808": "39.88",
        "201809": "36.98",
        "201810": "33.11",
        "201811": "32.94",
        "201812": "38.63",
        "201901": "39.75",
        "201902": "39.87",
        "201903": "40.24",
        "201904": "40.10",
        "201905": "39.95",
        "201906": "41.16",
        "201907": "44.07",
        "201908": "43.08",
        "201909": "45.82",
        "201910": "45.24",
        "201911": "46.89",
        "201912": "47.05",
        "202001": "46.87",
        "202002": "54.96",
        "202003": "55.14",
        "202004": "66.25",
        "202005": "74.06",
        "202006": "82.42",
        "202007": "94.43",
        "202008": "105.40",
        "202009": "102.39",
        "202010": "123.53",
        "202011": "140.81",
        "202012": "108.45",
        "202101": "93.05",
        "202102": "91.38",
        "202103": "94.10",
        "202104": "94.29",
        "202105": "86.34",
        "202106": "77.91",
        "202107": "67.99",
        "202108": "59.75",
        "202109": "66.52",
        "202110": "55.96",
        "202111": "57.53",
        "202112": "57.06",
        "202201": "58.46",
        "202202": "56.49",
        "202203": "51.27",
        "202204": "48.94",
        "202205": "40.81",
        "202206": "37.30",
        "202207": "34.49",
        "202208": "38.91",
        "202209": "37.51",
        "202210": "33.15",
        "202211": "34.16",
        "202212": "37.70",
        "202301": "38.76",
        "202302": "38.85",
        "202303": "39.23",
        "202304": "38.44",
        "202305": "37.87"
    },
    "quarters": {
        "20011": {
            "year_quarter": 20011,
            "year": 2001,
            "quarter": 1,
            "eps": null,
            "eps_growth_year": null,
            "eps_4q": null,
            "eps_4q_growth_year": null,
            "roe": null,
            "roe_4q": 0,
            "gross_profit": null,
            "gross_margin": null,
            "gross_margin_4q_avg": 0,
            "net_income": null,
            "revenue": null,
            "common_shares": null,
            "book_valuer_per_share": null,
            "book_valuer_per_share_4q_avg": 0,
            "equity": null,
            "current_ratio": null,
            "debt_ratio": null,
            "inventory_turnover_ratio": null,
            "account_receivable_turnover_ratio": null,
            "reinvestment_rate": null,
            "research_to_sale_ratio": null,
            "price_fair": 0,
            "eps_avg_yearly": 0,
            "eps_latest_yearly": 0,
            "eps_growth_yearly": 0
        },
        "20012": {
            "year_quarter": 20012,
            "year": 2001,
            "quarter": 2,
            "eps": null,
            "eps_growth_year": null,
            "eps_4q": null,
            "eps_4q_growth_year": null,
            "roe": null,
            "roe_4q": 0,
            "gross_profit": null,
            "gross_margin": null,
            "gross_margin_4q_avg": 0,
            "net_income": null,
            "revenue": null,
            "common_shares": null,
            "book_valuer_per_share": null,
            "book_valuer_per_share_4q_avg": 0,
            "equity": null,
            "current_ratio": null,
            "debt_ratio": null,
            "inventory_turnover_ratio": null,
            "account_receivable_turnover_ratio": null,
            "reinvestment_rate": null,
            "research_to_sale_ratio": null,
            "price_fair": 0,
            "eps_avg_yearly": 0,
            "eps_latest_yearly": 0,
            "eps_growth_yearly": 0
        },
        "20013": {
            "year_quarter": 20013,
            "year": 2001,
            "quarter": 3,
            "eps": null,
            "eps_growth_year": null,
            "eps_4q": null,
            "eps_4q_growth_year": null,
            "roe": null,
            "roe_4q": 0,
            "gross_profit": null,
            "gross_margin": null,
            "gross_margin_4q_avg": 0,
            "net_income": null,
            "revenue": null,
            "common_shares": null,
            "book_valuer_per_share": null,
            "book_valuer_per_share_4q_avg": 0,
            "equity": null,
            "current_ratio": null,
            "debt_ratio": null,
            "inventory_turnover_ratio": null,
            "account_receivable_turnover_ratio": null,
            "reinvestment_rate": null,
            "research_to_sale_ratio": null,
            "price_fair": 0,
            "eps_avg_yearly": 0,
            "eps_latest_yearly": 0,
            "eps_growth_yearly": 0
        },
        "20014": {
            "year_quarter": 20014,
            "year": 2001,
            "quarter": 4,
            "eps": null,
            "eps_growth_year": null,
            "eps_4q": null,
            "eps_4q_growth_year": null,
            "roe": null,
            "roe_4q": 0,
            "gross_profit": null,
            "gross_margin": null,
            "gross_margin_4q_avg": 0,
            "net_income": null,
            "revenue": null,
            "common_shares": 120000,
            "book_valuer_per_share": 9.69,
            "book_valuer_per_share_4q_avg": 2.42,
            "equity": 116259,
            "current_ratio": 191.18,
            "debt_ratio": 45.06,
            "inventory_turnover_ratio": null,
            "account_receivable_turnover_ratio": null,
            "reinvestment_rate": null,
            "research_to_sale_ratio": null,
            "price_fair": 0,
            "eps_avg_yearly": 0,
            "eps_latest_yearly": 0,
            "eps_growth_yearly": 0
        },
        "20021": {
            "year_quarter": 20021,
            "year": 2002,
            "quarter": 1,
            "eps": null,
            "eps_growth_year": null,
            "eps_4q": null,
            "eps_4q_growth_year": null,
            "roe": null,
            "roe_4q": 0,
            "gross_profit": null,
            "gross_margin": null,
            "gross_margin_4q_avg": 0,
            "net_income": null,
            "revenue": null,
            "common_shares": null,
            "book_valuer_per_share": null,
            "book_valuer_per_share_4q_avg": 2.42,
            "equity": null,
            "current_ratio": null,
            "debt_ratio": null,
            "inventory_turnover_ratio": null,
            "account_receivable_turnover_ratio": null,
            "reinvestment_rate": null,
            "research_to_sale_ratio": null,
            "price_fair": 0,
            "eps_avg_yearly": 0,
            "eps_latest_yearly": 0,
            "eps_growth_yearly": 0
        },
        "20022": {
            "year_quarter": 20022,
            "year": 2002,
            "quarter": 2,
            "eps": null,
            "eps_growth_year": null,
            "eps_4q": null,
            "eps_4q_growth_year": null,
            "roe": null,
            "roe_4q": 0,
            "gross_profit": null,
            "gross_margin": null,
            "gross_margin_4q_avg": 0,
            "net_income": null,
            "revenue": null,
            "common_shares": null,
            "book_valuer_per_share": null,
            "book_valuer_per_share_4q_avg": 2.42,
            "equity": null,
            "current_ratio": null,
            "debt_ratio": null,
            "inventory_turnover_ratio": null,
            "account_receivable_turnover_ratio": null,
            "reinvestment_rate": null,
            "research_to_sale_ratio": null,
            "price_fair": 0,
            "eps_avg_yearly": 0,
            "eps_latest_yearly": 0,
            "eps_growth_yearly": 0
        },
        "20023": {
            "year_quarter": 20023,
            "year": 2002,
            "quarter": 3,
            "eps": null,
            "eps_growth_year": null,
            "eps_4q": null,
            "eps_4q_growth_year": null,
            "roe": null,
            "roe_4q": 0,
            "gross_profit": null,
            "gross_margin": null,
            "gross_margin_4q_avg": 0,
            "net_income": null,
            "revenue": null,
            "common_shares": null,
            "book_valuer_per_share": null,
            "book_valuer_per_share_4q_avg": 2.42,
            "equity": null,
            "current_ratio": null,
            "debt_ratio": null,
            "inventory_turnover_ratio": null,
            "account_receivable_turnover_ratio": null,
            "reinvestment_rate": null,
            "research_to_sale_ratio": null,
            "price_fair": 0,
            "eps_avg_yearly": 0,
            "eps_latest_yearly": 0,
            "eps_growth_yearly": 0
        },
        "20024": {
            "year_quarter": 20024,
            "year": 2002,
            "quarter": 4,
            "eps": null,
            "eps_growth_year": null,
            "eps_4q": null,
            "eps_4q_growth_year": null,
            "roe": null,
            "roe_4q": 0,
            "gross_profit": null,
            "gross_margin": null,
            "gross_margin_4q_avg": 0,
            "net_income": null,
            "revenue": null,
            "common_shares": 216200,
            "book_valuer_per_share": 12.45,
            "book_valuer_per_share_4q_avg": 3.11,
            "equity": 269083,
            "current_ratio": 411.97,
            "debt_ratio": 26.35,
            "inventory_turnover_ratio": null,
            "account_receivable_turnover_ratio": null,
            "reinvestment_rate": null,
            "research_to_sale_ratio": null,
            "price_fair": 0,
            "eps_avg_yearly": 0,
            "eps_latest_yearly": 0,
            "eps_growth_yearly": 0
        },
        "20031": {
            "year_quarter": 20031,
            "year": 2003,
            "quarter": 1,
            "eps": null,
            "eps_growth_year": null,
            "eps_4q": null,
            "eps_4q_growth_year": null,
            "roe": null,
            "roe_4q": 0,
            "gross_profit": null,
            "gross_margin": null,
            "gross_margin_4q_avg": 0,
            "net_income": null,
            "revenue": null,
            "common_shares": null,
            "book_valuer_per_share": null,
            "book_valuer_per_share_4q_avg": 3.11,
            "equity": null,
            "current_ratio": null,
            "debt_ratio": null,
            "inventory_turnover_ratio": null,
            "account_receivable_turnover_ratio": null,
            "reinvestment_rate": null,
            "research_to_sale_ratio": null,
            "price_fair": 0,
            "eps_avg_yearly": 0,
            "eps_latest_yearly": 0,
            "eps_growth_yearly": 0
        },
        "20032": {
            "year_quarter": 20032,
            "year": 2003,
            "quarter": 2,
            "eps": null,
            "eps_growth_year": null,
            "eps_4q": null,
            "eps_4q_growth_year": null,
            "roe": null,
            "roe_4q": 0,
            "gross_profit": null,
            "gross_margin": null,
            "gross_margin_4q_avg": 0,
            "net_income": null,
            "revenue": null,
            "common_shares": null,
            "book_valuer_per_share": null,
            "book_valuer_per_share_4q_avg": 3.11,
            "equity": null,
            "current_ratio": null,
            "debt_ratio": null,
            "inventory_turnover_ratio": null,
            "account_receivable_turnover_ratio": null,
            "reinvestment_rate": null,
            "research_to_sale_ratio": null,
            "price_fair": 0,
            "eps_avg_yearly": 0,
            "eps_latest_yearly": 0,
            "eps_growth_yearly": 0
        },
        "20033": {
            "year_quarter": 20033,
            "year": 2003,
            "quarter": 3,
            "eps": null,
            "eps_growth_year": null,
            "eps_4q": null,
            "eps_4q_growth_year": null,
            "roe": null,
            "roe_4q": 0,
            "gross_profit": null,
            "gross_margin": null,
            "gross_margin_4q_avg": 0,
            "net_income": null,
            "revenue": null,
            "common_shares": null,
            "book_valuer_per_share": null,
            "book_valuer_per_share_4q_avg": 3.11,
            "equity": null,
            "current_ratio": null,
            "debt_ratio": null,
            "inventory_turnover_ratio": null,
            "account_receivable_turnover_ratio": null,
            "reinvestment_rate": null,
            "research_to_sale_ratio": null,
            "price_fair": 0,
            "eps_avg_yearly": 0,
            "eps_latest_yearly": 0,
            "eps_growth_yearly": 0
        },
        "20034": {
            "year_quarter": 20034,
            "year": 2003,
            "quarter": 4,
            "eps": null,
            "eps_growth_year": null,
            "eps_4q": null,
            "eps_4q_growth_year": null,
            "roe": null,
            "roe_4q": 0,
            "gross_profit": null,
            "gross_margin": null,
            "gross_margin_4q_avg": 0,
            "net_income": null,
            "revenue": null,
            "common_shares": 160000,
            "book_valuer_per_share": 15.17,
            "book_valuer_per_share_4q_avg": 3.79,
            "equity": 242670,
            "current_ratio": 222.63,
            "debt_ratio": 26.52,
            "inventory_turnover_ratio": null,
            "account_receivable_turnover_ratio": null,
            "reinvestment_rate": null,
            "research_to_sale_ratio": null,
            "price_fair": 0,
            "eps_avg_yearly": 0,
            "eps_latest_yearly": 0,
            "eps_growth_yearly": 0
        },
        "20041": {
            "year_quarter": 20041,
            "year": 2004,
            "quarter": 1,
            "eps": null,
            "eps_growth_year": null,
            "eps_4q": null,
            "eps_4q_growth_year": null,
            "roe": null,
            "roe_4q": 0,
            "gross_profit": null,
            "gross_margin": null,
            "gross_margin_4q_avg": 0,
            "net_income": null,
            "revenue": null,
            "common_shares": null,
            "book_valuer_per_share": null,
            "book_valuer_per_share_4q_avg": 3.79,
            "equity": null,
            "current_ratio": null,
            "debt_ratio": null,
            "inventory_turnover_ratio": null,
            "account_receivable_turnover_ratio": null,
            "reinvestment_rate": null,
            "research_to_sale_ratio": null,
            "price_fair": 0,
            "eps_avg_yearly": 0,
            "eps_latest_yearly": 0,
            "eps_growth_yearly": 0
        },
        "20042": {
            "year_quarter": 20042,
            "year": 2004,
            "quarter": 2,
            "eps": null,
            "eps_growth_year": null,
            "eps_4q": null,
            "eps_4q_growth_year": null,
            "roe": null,
            "roe_4q": 0,
            "gross_profit": null,
            "gross_margin": null,
            "gross_margin_4q_avg": 0,
            "net_income": null,
            "revenue": null,
            "common_shares": null,
            "book_valuer_per_share": null,
            "book_valuer_per_share_4q_avg": 3.79,
            "equity": null,
            "current_ratio": null,
            "debt_ratio": null,
            "inventory_turnover_ratio": null,
            "account_receivable_turnover_ratio": null,
            "reinvestment_rate": null,
            "research_to_sale_ratio": null,
            "price_fair": 0,
            "eps_avg_yearly": 0,
            "eps_latest_yearly": 0,
            "eps_growth_yearly": 0
        },
        "20043": {
            "year_quarter": 20043,
            "year": 2004,
            "quarter": 3,
            "eps": null,
            "eps_growth_year": null,
            "eps_4q": null,
            "eps_4q_growth_year": null,
            "roe": null,
            "roe_4q": 0,
            "gross_profit": null,
            "gross_margin": null,
            "gross_margin_4q_avg": 0,
            "net_income": null,
            "revenue": null,
            "common_shares": null,
            "book_valuer_per_share": null,
            "book_valuer_per_share_4q_avg": 3.79,
            "equity": null,
            "current_ratio": null,
            "debt_ratio": null,
            "inventory_turnover_ratio": null,
            "account_receivable_turnover_ratio": null,
            "reinvestment_rate": null,
            "research_to_sale_ratio": null,
            "price_fair": 0,
            "eps_avg_yearly": 0,
            "eps_latest_yearly": 0,
            "eps_growth_yearly": 0
        },
        "20044": {
            "year_quarter": 20044,
            "year": 2004,
            "quarter": 4,
            "eps": null,
            "eps_growth_year": null,
            "eps_4q": null,
            "eps_4q_growth_year": null,
            "roe": null,
            "roe_4q": 0,
            "gross_profit": null,
            "gross_margin": null,
            "gross_margin_4q_avg": 0,
            "net_income": null,
            "revenue": null,
            "common_shares": 199840,
            "book_valuer_per_share": 13.85,
            "book_valuer_per_share_4q_avg": 3.46,
            "equity": 276738,
            "current_ratio": 164.38,
            "debt_ratio": 29.29,
            "inventory_turnover_ratio": null,
            "account_receivable_turnover_ratio": null,
            "reinvestment_rate": null,
            "research_to_sale_ratio": null,
            "price_fair": 0,
            "eps_avg_yearly": 0,
            "eps_latest_yearly": 0,
            "eps_growth_yearly": 0
        },
        "20051": {
            "year_quarter": 20051,
            "year": 2005,
            "quarter": 1,
            "eps": null,
            "eps_growth_year": null,
            "eps_4q": null,
            "eps_4q_growth_year": null,
            "roe": null,
            "roe_4q": 0,
            "gross_profit": null,
            "gross_margin": null,
            "gross_margin_4q_avg": 0,
            "net_income": null,
            "revenue": null,
            "common_shares": null,
            "book_valuer_per_share": null,
            "book_valuer_per_share_4q_avg": 3.46,
            "equity": null,
            "current_ratio": null,
            "debt_ratio": null,
            "inventory_turnover_ratio": null,
            "account_receivable_turnover_ratio": null,
            "reinvestment_rate": null,
            "research_to_sale_ratio": null,
            "price_fair": 0,
            "eps_avg_yearly": 0,
            "eps_latest_yearly": 0,
            "eps_growth_yearly": 0
        },
        "20052": {
            "year_quarter": 20052,
            "year": 2005,
            "quarter": 2,
            "eps": null,
            "eps_growth_year": null,
            "eps_4q": null,
            "eps_4q_growth_year": null,
            "roe": null,
            "roe_4q": 0,
            "gross_profit": null,
            "gross_margin": null,
            "gross_margin_4q_avg": 0,
            "net_income": null,
            "revenue": null,
            "common_shares": null,
            "book_valuer_per_share": null,
            "book_valuer_per_share_4q_avg": 3.46,
            "equity": null,
            "current_ratio": null,
            "debt_ratio": null,
            "inventory_turnover_ratio": null,
            "account_receivable_turnover_ratio": null,
            "reinvestment_rate": null,
            "research_to_sale_ratio": null,
            "price_fair": 0,
            "eps_avg_yearly": 0,
            "eps_latest_yearly": 0,
            "eps_growth_yearly": 0
        },
        "20053": {
            "year_quarter": 20053,
            "year": 2005,
            "quarter": 3,
            "eps": null,
            "eps_growth_year": null,
            "eps_4q": null,
            "eps_4q_growth_year": null,
            "roe": null,
            "roe_4q": 0,
            "gross_profit": null,
            "gross_margin": null,
            "gross_margin_4q_avg": 0,
            "net_income": null,
            "revenue": null,
            "common_shares": null,
            "book_valuer_per_share": null,
            "book_valuer_per_share_4q_avg": 3.46,
            "equity": null,
            "current_ratio": null,
            "debt_ratio": null,
            "inventory_turnover_ratio": null,
            "account_receivable_turnover_ratio": null,
            "reinvestment_rate": null,
            "research_to_sale_ratio": null,
            "price_fair": 0,
            "eps_avg_yearly": 0,
            "eps_latest_yearly": 0,
            "eps_growth_yearly": 0
        },
        "20054": {
            "year_quarter": 20054,
            "year": 2005,
            "quarter": 4,
            "eps": null,
            "eps_growth_year": null,
            "eps_4q": null,
            "eps_4q_growth_year": null,
            "roe": null,
            "roe_4q": 0,
            "gross_profit": null,
            "gross_margin": null,
            "gross_margin_4q_avg": 0,
            "net_income": null,
            "revenue": null,
            "common_shares": 211432,
            "book_valuer_per_share": 14.68,
            "book_valuer_per_share_4q_avg": 3.67,
            "equity": 310329,
            "current_ratio": 224.65,
            "debt_ratio": 22.47,
            "inventory_turnover_ratio": null,
            "account_receivable_turnover_ratio": null,
            "reinvestment_rate": null,
            "research_to_sale_ratio": null,
            "price_fair": 0,
            "eps_avg_yearly": 0,
            "eps_latest_yearly": 0,
            "eps_growth_yearly": 0
        },
        "20061": {
            "year_quarter": 20061,
            "year": 2006,
            "quarter": 1,
            "eps": null,
            "eps_growth_year": null,
            "eps_4q": null,
            "eps_4q_growth_year": null,
            "roe": null,
            "roe_4q": 0,
            "gross_profit": null,
            "gross_margin": null,
            "gross_margin_4q_avg": 0,
            "net_income": null,
            "revenue": null,
            "common_shares": null,
            "book_valuer_per_share": null,
            "book_valuer_per_share_4q_avg": 3.67,
            "equity": null,
            "current_ratio": null,
            "debt_ratio": null,
            "inventory_turnover_ratio": null,
            "account_receivable_turnover_ratio": null,
            "reinvestment_rate": null,
            "research_to_sale_ratio": null,
            "price_fair": 0,
            "eps_avg_yearly": 0,
            "eps_latest_yearly": 0,
            "eps_growth_yearly": 0
        },
        "20062": {
            "year_quarter": 20062,
            "year": 2006,
            "quarter": 2,
            "eps": null,
            "eps_growth_year": null,
            "eps_4q": null,
            "eps_4q_growth_year": null,
            "roe": null,
            "roe_4q": 0,
            "gross_profit": null,
            "gross_margin": null,
            "gross_margin_4q_avg": 0,
            "net_income": null,
            "revenue": null,
            "common_shares": null,
            "book_valuer_per_share": null,
            "book_valuer_per_share_4q_avg": 3.67,
            "equity": null,
            "current_ratio": null,
            "debt_ratio": null,
            "inventory_turnover_ratio": null,
            "account_receivable_turnover_ratio": null,
            "reinvestment_rate": null,
            "research_to_sale_ratio": null,
            "price_fair": 0,
            "eps_avg_yearly": 0,
            "eps_latest_yearly": 0,
            "eps_growth_yearly": 0
        },
        "20063": {
            "year_quarter": 20063,
            "year": 2006,
            "quarter": 3,
            "eps": null,
            "eps_growth_year": null,
            "eps_4q": null,
            "eps_4q_growth_year": null,
            "roe": null,
            "roe_4q": 0,
            "gross_profit": null,
            "gross_margin": null,
            "gross_margin_4q_avg": 0,
            "net_income": null,
            "revenue": null,
            "common_shares": null,
            "book_valuer_per_share": null,
            "book_valuer_per_share_4q_avg": 3.67,
            "equity": null,
            "current_ratio": null,
            "debt_ratio": null,
            "inventory_turnover_ratio": null,
            "account_receivable_turnover_ratio": null,
            "reinvestment_rate": null,
            "research_to_sale_ratio": null,
            "price_fair": 0,
            "eps_avg_yearly": 0,
            "eps_latest_yearly": 0,
            "eps_growth_yearly": 0
        },
        "20064": {
            "year_quarter": 20064,
            "year": 2006,
            "quarter": 4,
            "eps": null,
            "eps_growth_year": null,
            "eps_4q": null,
            "eps_4q_growth_year": null,
            "roe": null,
            "roe_4q": 0,
            "gross_profit": null,
            "gross_margin": null,
            "gross_margin_4q_avg": 0,
            "net_income": null,
            "revenue": null,
            "common_shares": 221770,
            "book_valuer_per_share": 13.85,
            "book_valuer_per_share_4q_avg": 3.46,
            "equity": 309017,
            "current_ratio": 241.85,
            "debt_ratio": 22.84,
            "inventory_turnover_ratio": null,
            "account_receivable_turnover_ratio": null,
            "reinvestment_rate": null,
            "research_to_sale_ratio": null,
            "price_fair": 0,
            "eps_avg_yearly": 0,
            "eps_latest_yearly": 0,
            "eps_growth_yearly": 0
        },
        "20071": {
            "year_quarter": 20071,
            "year": 2007,
            "quarter": 1,
            "eps": null,
            "eps_growth_year": null,
            "eps_4q": null,
            "eps_4q_growth_year": null,
            "roe": null,
            "roe_4q": 0,
            "gross_profit": null,
            "gross_margin": null,
            "gross_margin_4q_avg": 0,
            "net_income": null,
            "revenue": null,
            "common_shares": null,
            "book_valuer_per_share": null,
            "book_valuer_per_share_4q_avg": 3.46,
            "equity": null,
            "current_ratio": null,
            "debt_ratio": null,
            "inventory_turnover_ratio": null,
            "account_receivable_turnover_ratio": null,
            "reinvestment_rate": null,
            "research_to_sale_ratio": null,
            "price_fair": 0,
            "eps_avg_yearly": 0,
            "eps_latest_yearly": 0,
            "eps_growth_yearly": 0
        },
        "20072": {
            "year_quarter": 20072,
            "year": 2007,
            "quarter": 2,
            "eps": null,
            "eps_growth_year": null,
            "eps_4q": null,
            "eps_4q_growth_year": null,
            "roe": null,
            "roe_4q": 0,
            "gross_profit": null,
            "gross_margin": null,
            "gross_margin_4q_avg": 0,
            "net_income": null,
            "revenue": null,
            "common_shares": null,
            "book_valuer_per_share": null,
            "book_valuer_per_share_4q_avg": 3.46,
            "equity": null,
            "current_ratio": null,
            "debt_ratio": null,
            "inventory_turnover_ratio": null,
            "account_receivable_turnover_ratio": null,
            "reinvestment_rate": null,
            "research_to_sale_ratio": null,
            "price_fair": 0,
            "eps_avg_yearly": 0,
            "eps_latest_yearly": 0,
            "eps_growth_yearly": 0
        },
        "20073": {
            "year_quarter": 20073,
            "year": 2007,
            "quarter": 3,
            "eps": null,
            "eps_growth_year": null,
            "eps_4q": null,
            "eps_4q_growth_year": null,
            "roe": null,
            "roe_4q": 0,
            "gross_profit": null,
            "gross_margin": null,
            "gross_margin_4q_avg": 0,
            "net_income": null,
            "revenue": null,
            "common_shares": null,
            "book_valuer_per_share": null,
            "book_valuer_per_share_4q_avg": 3.46,
            "equity": null,
            "current_ratio": null,
            "debt_ratio": null,
            "inventory_turnover_ratio": null,
            "account_receivable_turnover_ratio": null,
            "reinvestment_rate": null,
            "research_to_sale_ratio": null,
            "price_fair": 0,
            "eps_avg_yearly": 0,
            "eps_latest_yearly": 0,
            "eps_growth_yearly": 0
        },
        "20074": {
            "year_quarter": 20074,
            "year": 2007,
            "quarter": 4,
            "eps": null,
            "eps_growth_year": null,
            "eps_4q": null,
            "eps_4q_growth_year": null,
            "roe": null,
            "roe_4q": 0,
            "gross_profit": null,
            "gross_margin": null,
            "gross_margin_4q_avg": 0,
            "net_income": null,
            "revenue": null,
            "common_shares": 258720,
            "book_valuer_per_share": 12.53,
            "book_valuer_per_share_4q_avg": 3.13,
            "equity": 325301,
            "current_ratio": 245.34,
            "debt_ratio": 23.34,
            "inventory_turnover_ratio": null,
            "account_receivable_turnover_ratio": null,
            "reinvestment_rate": null,
            "research_to_sale_ratio": null,
            "price_fair": 0,
            "eps_avg_yearly": 0,
            "eps_latest_yearly": 0,
            "eps_growth_yearly": 0
        },
        "20081": {
            "year_quarter": 20081,
            "year": 2008,
            "quarter": 1,
            "eps": null,
            "eps_growth_year": null,
            "eps_4q": null,
            "eps_4q_growth_year": null,
            "roe": null,
            "roe_4q": 0,
            "gross_profit": null,
            "gross_margin": null,
            "gross_margin_4q_avg": 0,
            "net_income": null,
            "revenue": null,
            "common_shares": null,
            "book_valuer_per_share": null,
            "book_valuer_per_share_4q_avg": 3.13,
            "equity": null,
            "current_ratio": null,
            "debt_ratio": null,
            "inventory_turnover_ratio": null,
            "account_receivable_turnover_ratio": null,
            "reinvestment_rate": null,
            "research_to_sale_ratio": null,
            "price_fair": 0,
            "eps_avg_yearly": 0,
            "eps_latest_yearly": 0,
            "eps_growth_yearly": 0
        },
        "20082": {
            "year_quarter": 20082,
            "year": 2008,
            "quarter": 2,
            "eps": null,
            "eps_growth_year": null,
            "eps_4q": null,
            "eps_4q_growth_year": null,
            "roe": null,
            "roe_4q": 0,
            "gross_profit": null,
            "gross_margin": null,
            "gross_margin_4q_avg": 0,
            "net_income": null,
            "revenue": null,
            "common_shares": null,
            "book_valuer_per_share": null,
            "book_valuer_per_share_4q_avg": 3.13,
            "equity": null,
            "current_ratio": null,
            "debt_ratio": null,
            "inventory_turnover_ratio": null,
            "account_receivable_turnover_ratio": null,
            "reinvestment_rate": null,
            "research_to_sale_ratio": null,
            "price_fair": 0,
            "eps_avg_yearly": 0,
            "eps_latest_yearly": 0,
            "eps_growth_yearly": 0
        },
        "20083": {
            "year_quarter": 20083,
            "year": 2008,
            "quarter": 3,
            "eps": null,
            "eps_growth_year": null,
            "eps_4q": null,
            "eps_4q_growth_year": null,
            "roe": null,
            "roe_4q": 0,
            "gross_profit": null,
            "gross_margin": null,
            "gross_margin_4q_avg": 0,
            "net_income": null,
            "revenue": null,
            "common_shares": null,
            "book_valuer_per_share": null,
            "book_valuer_per_share_4q_avg": 3.13,
            "equity": null,
            "current_ratio": null,
            "debt_ratio": null,
            "inventory_turnover_ratio": null,
            "account_receivable_turnover_ratio": null,
            "reinvestment_rate": null,
            "research_to_sale_ratio": null,
            "price_fair": 0,
            "eps_avg_yearly": 0,
            "eps_latest_yearly": 0,
            "eps_growth_yearly": 0
        },
        "20084": {
            "year_quarter": 20084,
            "year": 2008,
            "quarter": 4,
            "eps": null,
            "eps_growth_year": null,
            "eps_4q": null,
            "eps_4q_growth_year": null,
            "roe": null,
            "roe_4q": 0,
            "gross_profit": null,
            "gross_margin": null,
            "gross_margin_4q_avg": 0,
            "net_income": null,
            "revenue": null,
            "common_shares": 258720,
            "book_valuer_per_share": 11.23,
            "book_valuer_per_share_4q_avg": 2.81,
            "equity": 290994,
            "current_ratio": 151.15,
            "debt_ratio": 36.47,
            "inventory_turnover_ratio": null,
            "account_receivable_turnover_ratio": null,
            "reinvestment_rate": null,
            "research_to_sale_ratio": null,
            "price_fair": 0,
            "eps_avg_yearly": 0,
            "eps_latest_yearly": 0,
            "eps_growth_yearly": 0
        },
        "20091": {
            "year_quarter": 20091,
            "year": 2009,
            "quarter": 1,
            "eps": null,
            "eps_growth_year": null,
            "eps_4q": null,
            "eps_4q_growth_year": null,
            "roe": null,
            "roe_4q": 0,
            "gross_profit": null,
            "gross_margin": null,
            "gross_margin_4q_avg": 0,
            "net_income": null,
            "revenue": null,
            "common_shares": null,
            "book_valuer_per_share": null,
            "book_valuer_per_share_4q_avg": 2.81,
            "equity": null,
            "current_ratio": null,
            "debt_ratio": null,
            "inventory_turnover_ratio": null,
            "account_receivable_turnover_ratio": null,
            "reinvestment_rate": null,
            "research_to_sale_ratio": null,
            "price_fair": 0,
            "eps_avg_yearly": 0,
            "eps_latest_yearly": 0,
            "eps_growth_yearly": 0
        },
        "20092": {
            "year_quarter": 20092,
            "year": 2009,
            "quarter": 2,
            "eps": null,
            "eps_growth_year": null,
            "eps_4q": null,
            "eps_4q_growth_year": null,
            "roe": null,
            "roe_4q": 0,
            "gross_profit": null,
            "gross_margin": null,
            "gross_margin_4q_avg": 0,
            "net_income": null,
            "revenue": null,
            "common_shares": 258720,
            "book_valuer_per_share": null,
            "book_valuer_per_share_4q_avg": 2.81,
            "equity": 294561,
            "current_ratio": null,
            "debt_ratio": null,
            "inventory_turnover_ratio": null,
            "account_receivable_turnover_ratio": null,
            "reinvestment_rate": null,
            "research_to_sale_ratio": null,
            "price_fair": 0,
            "eps_avg_yearly": 0,
            "eps_latest_yearly": 0,
            "eps_growth_yearly": 0
        },
        "20093": {
            "year_quarter": 20093,
            "year": 2009,
            "quarter": 3,
            "eps": null,
            "eps_growth_year": null,
            "eps_4q": null,
            "eps_4q_growth_year": null,
            "roe": null,
            "roe_4q": 0,
            "gross_profit": null,
            "gross_margin": null,
            "gross_margin_4q_avg": 0,
            "net_income": null,
            "revenue": null,
            "common_shares": null,
            "book_valuer_per_share": null,
            "book_valuer_per_share_4q_avg": 2.81,
            "equity": null,
            "current_ratio": null,
            "debt_ratio": null,
            "inventory_turnover_ratio": null,
            "account_receivable_turnover_ratio": null,
            "reinvestment_rate": null,
            "research_to_sale_ratio": null,
            "price_fair": 0,
            "eps_avg_yearly": 0,
            "eps_latest_yearly": 0,
            "eps_growth_yearly": 0
        },
        "20094": {
            "year_quarter": 20094,
            "year": 2009,
            "quarter": 4,
            "eps": null,
            "eps_growth_year": null,
            "eps_4q": null,
            "eps_4q_growth_year": null,
            "roe": null,
            "roe_4q": 0,
            "gross_profit": null,
            "gross_margin": null,
            "gross_margin_4q_avg": 0,
            "net_income": null,
            "revenue": null,
            "common_shares": 258720,
            "book_valuer_per_share": 13.83,
            "book_valuer_per_share_4q_avg": 3.46,
            "equity": 360591,
            "current_ratio": 219.35,
            "debt_ratio": 37.92,
            "inventory_turnover_ratio": null,
            "account_receivable_turnover_ratio": null,
            "reinvestment_rate": null,
            "research_to_sale_ratio": null,
            "price_fair": 0,
            "eps_avg_yearly": 0,
            "eps_latest_yearly": 0,
            "eps_growth_yearly": 0
        },
        "20101": {
            "year_quarter": 20101,
            "year": 2010,
            "quarter": 1,
            "eps": null,
            "eps_growth_year": null,
            "eps_4q": null,
            "eps_4q_growth_year": null,
            "roe": null,
            "roe_4q": 0,
            "gross_profit": 46346,
            "gross_margin": null,
            "gross_margin_4q_avg": 0,
            "net_income": 14276,
            "revenue": 154667,
            "common_shares": 260800,
            "book_valuer_per_share": 14.3,
            "book_valuer_per_share_4q_avg": 7.03,
            "equity": 372992,
            "current_ratio": 194.08,
            "debt_ratio": 30.26,
            "inventory_turnover_ratio": null,
            "account_receivable_turnover_ratio": null,
            "reinvestment_rate": null,
            "research_to_sale_ratio": null,
            "price_fair": 0,
            "eps_avg_yearly": 0,
            "eps_latest_yearly": 0,
            "eps_growth_yearly": 0
        },
        "20102": {
            "year_quarter": 20102,
            "year": 2010,
            "quarter": 2,
            "eps": 0.69,
            "eps_growth_year": null,
            "eps_4q": null,
            "eps_4q_growth_year": null,
            "roe": 4.81,
            "roe_4q": 4.81,
            "gross_profit": 76865,
            "gross_margin": 51.51,
            "gross_margin_4q_avg": 12.88,
            "net_income": 17793,
            "revenue": 149227,
            "common_shares": 258720,
            "book_valuer_per_share": 14.16,
            "book_valuer_per_share_4q_avg": 10.57,
            "equity": 366781,
            "current_ratio": 252.31,
            "debt_ratio": 38.17,
            "inventory_turnover_ratio": 1.96,
            "account_receivable_turnover_ratio": 2.05,
            "reinvestment_rate": null,
            "research_to_sale_ratio": null,
            "price_fair": 0,
            "eps_avg_yearly": 0,
            "eps_latest_yearly": 0,
            "eps_growth_yearly": 0
        },
        "20103": {
            "year_quarter": 20103,
            "year": 2010,
            "quarter": 3,
            "eps": null,
            "eps_growth_year": null,
            "eps_4q": null,
            "eps_4q_growth_year": null,
            "roe": null,
            "roe_4q": 4.81,
            "gross_profit": 35217,
            "gross_margin": null,
            "gross_margin_4q_avg": 12.88,
            "net_income": -655,
            "revenue": 103426,
            "common_shares": 261200,
            "book_valuer_per_share": 13.98,
            "book_valuer_per_share_4q_avg": 14.07,
            "equity": 365198,
            "current_ratio": 263.25,
            "debt_ratio": 28.54,
            "inventory_turnover_ratio": null,
            "account_receivable_turnover_ratio": null,
            "reinvestment_rate": null,
            "research_to_sale_ratio": null,
            "price_fair": 0,
            "eps_avg_yearly": 0,
            "eps_latest_yearly": 0,
            "eps_growth_yearly": 0
        },
        "20104": {
            "year_quarter": 20104,
            "year": 2010,
            "quarter": 4,
            "eps": null,
            "eps_growth_year": null,
            "eps_4q": null,
            "eps_4q_growth_year": null,
            "roe": null,
            "roe_4q": 4.81,
            "gross_profit": 186848,
            "gross_margin": null,
            "gross_margin_4q_avg": 12.88,
            "net_income": 17660,
            "revenue": 518926,
            "common_shares": 261200,
            "book_valuer_per_share": 13.08,
            "book_valuer_per_share_4q_avg": 13.88,
            "equity": 341712,
            "current_ratio": 243.35,
            "debt_ratio": 34.37,
            "inventory_turnover_ratio": null,
            "account_receivable_turnover_ratio": null,
            "reinvestment_rate": null,
            "research_to_sale_ratio": null,
            "price_fair": 0,
            "eps_avg_yearly": 0,
            "eps_latest_yearly": 0,
            "eps_growth_yearly": 0
        },
        "20111": {
            "year_quarter": 20111,
            "year": 2011,
            "quarter": 1,
            "eps": 0.12,
            "eps_growth_year": null,
            "eps_4q": 0.8,
            "eps_4q_growth_year": null,
            "roe": 0.91,
            "roe_4q": 5.72,
            "gross_profit": 33207,
            "gross_margin": 30.65,
            "gross_margin_4q_avg": 20.54,
            "net_income": 3131,
            "revenue": 108353,
            "common_shares": 261200,
            "book_valuer_per_share": 13.27,
            "book_valuer_per_share_4q_avg": 13.62,
            "equity": 346534,
            "current_ratio": 258.63,
            "debt_ratio": 31.45,
            "inventory_turnover_ratio": 1.21,
            "account_receivable_turnover_ratio": 1.65,
            "reinvestment_rate": null,
            "research_to_sale_ratio": 8.23,
            "price_fair": 0,
            "eps_avg_yearly": 0,
            "eps_latest_yearly": 0,
            "eps_growth_yearly": 0
        },
        "20112": {
            "year_quarter": 20112,
            "year": 2011,
            "quarter": 2,
            "eps": -0.09,
            "eps_growth_year": -113.74,
            "eps_4q": 0.03,
            "eps_4q_growth_year": null,
            "roe": -0.73,
            "roe_4q": 0.18000000000000005,
            "gross_profit": 26336,
            "gross_margin": 26.26,
            "gross_margin_4q_avg": 14.23,
            "net_income": -2469,
            "revenue": 100308,
            "common_shares": 261200,
            "book_valuer_per_share": 12.68,
            "book_valuer_per_share_4q_avg": 13.25,
            "equity": 331073,
            "current_ratio": 220.7,
            "debt_ratio": 35.04,
            "inventory_turnover_ratio": 1.36,
            "account_receivable_turnover_ratio": 1.39,
            "reinvestment_rate": null,
            "research_to_sale_ratio": 9.05,
            "price_fair": 0,
            "eps_avg_yearly": 0,
            "eps_latest_yearly": 0,
            "eps_growth_yearly": 0
        },
        "20113": {
            "year_quarter": 20113,
            "year": 2011,
            "quarter": 3,
            "eps": -0.27,
            "eps_growth_year": null,
            "eps_4q": -0.25,
            "eps_4q_growth_year": null,
            "roe": -2.19,
            "roe_4q": -2.01,
            "gross_profit": 29425,
            "gross_margin": 26.64,
            "gross_margin_4q_avg": 20.89,
            "net_income": -7698,
            "revenue": 110444,
            "common_shares": 287200,
            "book_valuer_per_share": 12.96,
            "book_valuer_per_share_4q_avg": 13,
            "equity": 372307,
            "current_ratio": 233.48,
            "debt_ratio": 29.73,
            "inventory_turnover_ratio": 1.38,
            "account_receivable_turnover_ratio": 1.25,
            "reinvestment_rate": null,
            "research_to_sale_ratio": 8.57,
            "price_fair": 0,
            "eps_avg_yearly": 0,
            "eps_latest_yearly": 0,
            "eps_growth_yearly": 0
        },
        "20114": {
            "year_quarter": 20114,
            "year": 2011,
            "quarter": 4,
            "eps": -0.75,
            "eps_growth_year": null,
            "eps_4q": -1,
            "eps_4q_growth_year": null,
            "roe": -5.97,
            "roe_4q": -7.98,
            "gross_profit": 26042,
            "gross_margin": 23.77,
            "gross_margin_4q_avg": 26.83,
            "net_income": -21462,
            "revenue": 109577,
            "common_shares": 287200,
            "book_valuer_per_share": 12.2,
            "book_valuer_per_share_4q_avg": 12.78,
            "equity": 346690,
            "current_ratio": 203.53,
            "debt_ratio": 34.13,
            "inventory_turnover_ratio": 1.36,
            "account_receivable_turnover_ratio": 1.17,
            "reinvestment_rate": null,
            "research_to_sale_ratio": 8.9,
            "price_fair": 0,
            "eps_avg_yearly": 0,
            "eps_latest_yearly": 0,
            "eps_growth_yearly": 0
        },
        "20121": {
            "year_quarter": 20121,
            "year": 2012,
            "quarter": 1,
            "eps": -0.17,
            "eps_growth_year": -241.67,
            "eps_4q": -1.28,
            "eps_4q_growth_year": -259.8,
            "roe": -1.48,
            "roe_4q": -10.37,
            "gross_profit": 24860,
            "gross_margin": 22.29,
            "gross_margin_4q_avg": 24.74,
            "net_income": -5083,
            "revenue": 111519,
            "common_shares": 287200,
            "book_valuer_per_share": 11.92,
            "book_valuer_per_share_4q_avg": 12.44,
            "equity": 338783,
            "current_ratio": 232.4,
            "debt_ratio": 29.72,
            "inventory_turnover_ratio": 1.7,
            "account_receivable_turnover_ratio": 1.46,
            "reinvestment_rate": null,
            "research_to_sale_ratio": 7.02,
            "price_fair": 0,
            "eps_avg_yearly": 0,
            "eps_latest_yearly": 0,
            "eps_growth_yearly": 0
        },
        "20122": {
            "year_quarter": 20122,
            "year": 2012,
            "quarter": 2,
            "eps": -0.39,
            "eps_growth_year": null,
            "eps_4q": -1.57,
            "eps_4q_growth_year": -6290.79,
            "roe": -3.31,
            "roe_4q": -12.95,
            "gross_profit": 26186,
            "gross_margin": 25.38,
            "gross_margin_4q_avg": 24.52,
            "net_income": -11023,
            "revenue": 103190,
            "common_shares": 287200,
            "book_valuer_per_share": 11.43,
            "book_valuer_per_share_4q_avg": 12.13,
            "equity": 327807,
            "current_ratio": 165.52,
            "debt_ratio": 42.49,
            "inventory_turnover_ratio": 1.35,
            "account_receivable_turnover_ratio": 1.58,
            "reinvestment_rate": null,
            "research_to_sale_ratio": 8.89,
            "price_fair": 0,
            "eps_avg_yearly": 0,
            "eps_latest_yearly": 0,
            "eps_growth_yearly": 0
        },
        "20123": {
            "year_quarter": 20123,
            "year": 2012,
            "quarter": 3,
            "eps": 0.01,
            "eps_growth_year": null,
            "eps_4q": -1.3,
            "eps_4q_growth_year": null,
            "roe": 0.11,
            "roe_4q": -10.649999999999999,
            "gross_profit": 34588,
            "gross_margin": 20.96,
            "gross_margin_4q_avg": 23.1,
            "net_income": 353,
            "revenue": 165029,
            "common_shares": 287200,
            "book_valuer_per_share": 11.45,
            "book_valuer_per_share_4q_avg": 11.75,
            "equity": 325374,
            "current_ratio": 151.13,
            "debt_ratio": 46.98,
            "inventory_turnover_ratio": 2,
            "account_receivable_turnover_ratio": 2,
            "reinvestment_rate": null,
            "research_to_sale_ratio": 5.7,
            "price_fair": 0,
            "eps_avg_yearly": 0,
            "eps_latest_yearly": 0,
            "eps_growth_yearly": 0
        },
        "20124": {
            "year_quarter": 20124,
            "year": 2012,
            "quarter": 4,
            "eps": -0.33,
            "eps_growth_year": null,
            "eps_4q": -0.89,
            "eps_4q_growth_year": null,
            "roe": -2.95,
            "roe_4q": -7.630000000000001,
            "gross_profit": 29605,
            "gross_margin": 24.8,
            "gross_margin_4q_avg": 23.36,
            "net_income": -9449,
            "revenue": 119397,
            "common_shares": 287200,
            "book_valuer_per_share": 11.14,
            "book_valuer_per_share_4q_avg": 11.49,
            "equity": 314235,
            "current_ratio": 178.67,
            "debt_ratio": 45.88,
            "inventory_turnover_ratio": 1.29,
            "account_receivable_turnover_ratio": 1.31,
            "reinvestment_rate": null,
            "research_to_sale_ratio": 8.64,
            "price_fair": 0,
            "eps_avg_yearly": 0,
            "eps_latest_yearly": 0,
            "eps_growth_yearly": 0
        },
        "20131": {
            "year_quarter": 20131,
            "year": 2013,
            "quarter": 1,
            "eps": -0.31,
            "eps_growth_year": null,
            "eps_4q": -1.01,
            "eps_4q_growth_year": null,
            "roe": -2.56,
            "roe_4q": -8.709999999999999,
            "gross_profit": 24183,
            "gross_margin": 22.77,
            "gross_margin_4q_avg": 23.48,
            "net_income": -8902,
            "revenue": 106189,
            "common_shares": 287200,
            "book_valuer_per_share": 13.27,
            "book_valuer_per_share_4q_avg": 11.82,
            "equity": 381210,
            "current_ratio": 153.62,
            "debt_ratio": 44.2,
            "inventory_turnover_ratio": 0.91,
            "account_receivable_turnover_ratio": 1.2,
            "reinvestment_rate": null,
            "research_to_sale_ratio": 10.05,
            "price_fair": 0,
            "eps_avg_yearly": 0,
            "eps_latest_yearly": 0,
            "eps_growth_yearly": 0
        },
        "20132": {
            "year_quarter": 20132,
            "year": 2013,
            "quarter": 2,
            "eps": 0.38,
            "eps_growth_year": null,
            "eps_4q": -0.24,
            "eps_4q_growth_year": null,
            "roe": 2.89,
            "roe_4q": -2.5100000000000002,
            "gross_profit": 24982,
            "gross_margin": 18.62,
            "gross_margin_4q_avg": 21.79,
            "net_income": 10968,
            "revenue": 134132,
            "common_shares": 287200,
            "book_valuer_per_share": 13.16,
            "book_valuer_per_share_4q_avg": 12.26,
            "equity": 377966,
            "current_ratio": 155.36,
            "debt_ratio": 44.34,
            "inventory_turnover_ratio": 0.91,
            "account_receivable_turnover_ratio": 1.38,
            "reinvestment_rate": null,
            "research_to_sale_ratio": 7.03,
            "price_fair": 0,
            "eps_avg_yearly": 0,
            "eps_latest_yearly": 0,
            "eps_growth_yearly": 0
        },
        "20133": {
            "year_quarter": 20133,
            "year": 2013,
            "quarter": 3,
            "eps": -0.56,
            "eps_growth_year": -4234.98,
            "eps_4q": -0.81,
            "eps_4q_growth_year": null,
            "roe": -4.4,
            "roe_4q": -7.0200000000000005,
            "gross_profit": 27807,
            "gross_margin": 15.96,
            "gross_margin_4q_avg": 20.54,
            "net_income": -16043,
            "revenue": 174214,
            "common_shares": 287200,
            "book_valuer_per_share": 12.23,
            "book_valuer_per_share_4q_avg": 12.45,
            "equity": 351243,
            "current_ratio": 150.18,
            "debt_ratio": 45.85,
            "inventory_turnover_ratio": 1.16,
            "account_receivable_turnover_ratio": 1.74,
            "reinvestment_rate": null,
            "research_to_sale_ratio": 5.48,
            "price_fair": 0,
            "eps_avg_yearly": 0,
            "eps_latest_yearly": 0,
            "eps_growth_yearly": 0
        },
        "20134": {
            "year_quarter": 20134,
            "year": 2013,
            "quarter": 4,
            "eps": -0.61,
            "eps_growth_year": null,
            "eps_4q": -1.09,
            "eps_4q_growth_year": null,
            "roe": -5.21,
            "roe_4q": -9.28,
            "gross_profit": 26010,
            "gross_margin": 15.15,
            "gross_margin_4q_avg": 18.13,
            "net_income": -17455,
            "revenue": 171657,
            "common_shares": 287200,
            "book_valuer_per_share": 11.09,
            "book_valuer_per_share_4q_avg": 12.44,
            "equity": 318606,
            "current_ratio": 202.73,
            "debt_ratio": 51.76,
            "inventory_turnover_ratio": 1.42,
            "account_receivable_turnover_ratio": 1.69,
            "reinvestment_rate": null,
            "research_to_sale_ratio": 7.84,
            "price_fair": 0,
            "eps_avg_yearly": 0,
            "eps_latest_yearly": 0,
            "eps_growth_yearly": 0
        },
        "20141": {
            "year_quarter": 20141,
            "year": 2014,
            "quarter": 1,
            "eps": 0.03,
            "eps_growth_year": null,
            "eps_4q": -0.75,
            "eps_4q_growth_year": null,
            "roe": 0.26,
            "roe_4q": -6.460000000000001,
            "gross_profit": 28482,
            "gross_margin": 23.49,
            "gross_margin_4q_avg": 18.31,
            "net_income": 858,
            "revenue": 121257,
            "common_shares": 287200,
            "book_valuer_per_share": 11.69,
            "book_valuer_per_share_4q_avg": 12.04,
            "equity": 335766,
            "current_ratio": 207.47,
            "debt_ratio": 49.79,
            "inventory_turnover_ratio": 0.9,
            "account_receivable_turnover_ratio": 1.3,
            "reinvestment_rate": null,
            "research_to_sale_ratio": 7.63,
            "price_fair": 0,
            "eps_avg_yearly": 0,
            "eps_latest_yearly": 0,
            "eps_growth_yearly": 0
        },
        "20142": {
            "year_quarter": 20142,
            "year": 2014,
            "quarter": 2,
            "eps": 0.21,
            "eps_growth_year": -44.74,
            "eps_4q": -0.92,
            "eps_4q_growth_year": null,
            "roe": 1.88,
            "roe_4q": -7.470000000000001,
            "gross_profit": 33369,
            "gross_margin": 22.24,
            "gross_margin_4q_avg": 19.21,
            "net_income": 6124,
            "revenue": 150056,
            "common_shares": 287200,
            "book_valuer_per_share": 10.99,
            "book_valuer_per_share_4q_avg": 11.5,
            "equity": 315659,
            "current_ratio": 185.72,
            "debt_ratio": 55.05,
            "inventory_turnover_ratio": 0.94,
            "account_receivable_turnover_ratio": 1.56,
            "reinvestment_rate": null,
            "research_to_sale_ratio": 6.43,
            "price_fair": 29.4,
            "eps_avg_yearly": 0.84,
            "eps_latest_yearly": 0.84,
            "eps_growth_yearly": 2400
        },
        "20143": {
            "year_quarter": 20143,
            "year": 2014,
            "quarter": 3,
            "eps": 0.32,
            "eps_growth_year": null,
            "eps_4q": -0.04,
            "eps_4q_growth_year": null,
            "roe": 2.88,
            "roe_4q": -0.1900000000000004,
            "gross_profit": 47370,
            "gross_margin": 19.45,
            "gross_margin_4q_avg": 20.08,
            "net_income": 9402,
            "revenue": 243560,
            "common_shares": 287200,
            "book_valuer_per_share": 11.22,
            "book_valuer_per_share_4q_avg": 11.25,
            "equity": 337467,
            "current_ratio": 178.6,
            "debt_ratio": 54.77,
            "inventory_turnover_ratio": 1.35,
            "account_receivable_turnover_ratio": 1.7,
            "reinvestment_rate": null,
            "research_to_sale_ratio": 3.15,
            "price_fair": 37.1,
            "eps_avg_yearly": 1.06,
            "eps_latest_yearly": 1.28,
            "eps_growth_yearly": 1304.76
        },
        "20144": {
            "year_quarter": 20144,
            "year": 2014,
            "quarter": 4,
            "eps": 0.34,
            "eps_growth_year": null,
            "eps_4q": 0.87,
            "eps_4q_growth_year": null,
            "roe": 3.03,
            "roe_4q": 8.05,
            "gross_profit": 53458,
            "gross_margin": 20.02,
            "gross_margin_4q_avg": 21.3,
            "net_income": 10272,
            "revenue": 266972,
            "common_shares": 300676,
            "book_valuer_per_share": 11.17,
            "book_valuer_per_share_4q_avg": 11.27,
            "equity": 341082,
            "current_ratio": 172.83,
            "debt_ratio": 55.8,
            "inventory_turnover_ratio": 1.32,
            "account_receivable_turnover_ratio": 1.39,
            "reinvestment_rate": null,
            "research_to_sale_ratio": 3.35,
            "price_fair": 40.6,
            "eps_avg_yearly": 1.16,
            "eps_latest_yearly": 1.36,
            "eps_growth_yearly": 878.17
        },
        "20151": {
            "year_quarter": 20151,
            "year": 2015,
            "quarter": 1,
            "eps": 0.25,
            "eps_growth_year": 733.33,
            "eps_4q": 1.11,
            "eps_4q_growth_year": null,
            "roe": 2.24,
            "roe_4q": 10.029999999999998,
            "gross_profit": 47125,
            "gross_margin": 21.72,
            "gross_margin_4q_avg": 20.86,
            "net_income": 7597,
            "revenue": 217008,
            "common_shares": 305221,
            "book_valuer_per_share": 11.24,
            "book_valuer_per_share_4q_avg": 11.16,
            "equity": 338556,
            "current_ratio": 172.04,
            "debt_ratio": 55.42,
            "inventory_turnover_ratio": 0.91,
            "account_receivable_turnover_ratio": 1.18,
            "reinvestment_rate": null,
            "research_to_sale_ratio": 3.14,
            "price_fair": 39.2,
            "eps_avg_yearly": 1.12,
            "eps_latest_yearly": 1,
            "eps_growth_yearly": 632.16
        },
        "20152": {
            "year_quarter": 20152,
            "year": 2015,
            "quarter": 2,
            "eps": 0.35,
            "eps_growth_year": 66.67,
            "eps_4q": 1.22,
            "eps_4q_growth_year": null,
            "roe": 3.09,
            "roe_4q": 11.239999999999998,
            "gross_profit": 62802,
            "gross_margin": 23.86,
            "gross_margin_4q_avg": 21.26,
            "net_income": 10823,
            "revenue": 263201,
            "common_shares": 305488,
            "book_valuer_per_share": 11.58,
            "book_valuer_per_share_4q_avg": 11.3,
            "equity": 362266,
            "current_ratio": 187.29,
            "debt_ratio": 50.5,
            "inventory_turnover_ratio": 1.09,
            "account_receivable_turnover_ratio": 1.69,
            "reinvestment_rate": null,
            "research_to_sale_ratio": 2.76,
            "price_fair": 41.16,
            "eps_avg_yearly": 1.18,
            "eps_latest_yearly": 1.4,
            "eps_growth_yearly": 537.73
        },
        "20153": {
            "year_quarter": 20153,
            "year": 2015,
            "quarter": 3,
            "eps": 0.76,
            "eps_growth_year": 137.5,
            "eps_4q": 1.7,
            "eps_4q_growth_year": null,
            "roe": 6.5,
            "roe_4q": 14.86,
            "gross_profit": 49255,
            "gross_margin": 18.83,
            "gross_margin_4q_avg": 21.11,
            "net_income": 23670,
            "revenue": 261513,
            "common_shares": 305488,
            "book_valuer_per_share": 11.87,
            "book_valuer_per_share_4q_avg": 11.47,
            "equity": 365695,
            "current_ratio": 172.63,
            "debt_ratio": 53.98,
            "inventory_turnover_ratio": 1.2,
            "account_receivable_turnover_ratio": 1.65,
            "reinvestment_rate": null,
            "research_to_sale_ratio": 2.3,
            "price_fair": 52.03,
            "eps_avg_yearly": 1.49,
            "eps_latest_yearly": 3.04,
            "eps_growth_yearly": 526.2
        },
        "20154": {
            "year_quarter": 20154,
            "year": 2015,
            "quarter": 4,
            "eps": 0.59,
            "eps_growth_year": 74.57,
            "eps_4q": 1.86,
            "eps_4q_growth_year": 113.54,
            "roe": 4.9,
            "roe_4q": 16.73,
            "gross_profit": 87575,
            "gross_margin": 27.76,
            "gross_margin_4q_avg": 23.04,
            "net_income": 19357,
            "revenue": 315494,
            "common_shares": 314321,
            "book_valuer_per_share": 12.88,
            "book_valuer_per_share_4q_avg": 11.89,
            "equity": 424423,
            "current_ratio": 180.73,
            "debt_ratio": 45.73,
            "inventory_turnover_ratio": 1.35,
            "account_receivable_turnover_ratio": 1.51,
            "reinvestment_rate": -364,
            "research_to_sale_ratio": 2.91,
            "price_fair": 56.4,
            "eps_avg_yearly": 1.61,
            "eps_latest_yearly": 2.36,
            "eps_growth_yearly": 438.25
        },
        "20161": {
            "year_quarter": 20161,
            "year": 2016,
            "quarter": 1,
            "eps": 0.45,
            "eps_growth_year": 80,
            "eps_4q": 2.09,
            "eps_4q_growth_year": 88.49,
            "roe": 3.55,
            "roe_4q": 18.04,
            "gross_profit": 51457,
            "gross_margin": 23.85,
            "gross_margin_4q_avg": 23.58,
            "net_income": 15349,
            "revenue": 215737,
            "common_shares": 314321,
            "book_valuer_per_share": 13.29,
            "book_valuer_per_share_4q_avg": 12.41,
            "equity": 439932,
            "current_ratio": 210.69,
            "debt_ratio": 38.6,
            "inventory_turnover_ratio": 1.23,
            "account_receivable_turnover_ratio": 1.09,
            "reinvestment_rate": -186.22,
            "research_to_sale_ratio": 3.72,
            "price_fair": 57.23,
            "eps_avg_yearly": 1.64,
            "eps_latest_yearly": 1.8,
            "eps_growth_yearly": 371.6
        },
        "20162": {
            "year_quarter": 20162,
            "year": 2016,
            "quarter": 2,
            "eps": 0.2,
            "eps_growth_year": -42.86,
            "eps_4q": 2.01,
            "eps_4q_growth_year": 64.69,
            "roe": 1.61,
            "roe_4q": 16.560000000000002,
            "gross_profit": 55734,
            "gross_margin": 25.3,
            "gross_margin_4q_avg": 23.94,
            "net_income": 6653,
            "revenue": 220286,
            "common_shares": 341114,
            "book_valuer_per_share": 11.94,
            "book_valuer_per_share_4q_avg": 12.5,
            "equity": 387203,
            "current_ratio": 160.34,
            "debt_ratio": 49.34,
            "inventory_turnover_ratio": 1.21,
            "account_receivable_turnover_ratio": 1.54,
            "reinvestment_rate": -132.9,
            "research_to_sale_ratio": 2.53,
            "price_fair": 53.98,
            "eps_avg_yearly": 1.54,
            "eps_latest_yearly": 0.8,
            "eps_growth_yearly": 305.62
        },
        "20163": {
            "year_quarter": 20163,
            "year": 2016,
            "quarter": 3,
            "eps": 0.8,
            "eps_growth_year": 5.26,
            "eps_4q": 2.05,
            "eps_4q_growth_year": 20.53,
            "roe": 6.63,
            "roe_4q": 16.689999999999998,
            "gross_profit": 80932,
            "gross_margin": 26.83,
            "gross_margin_4q_avg": 25.94,
            "net_income": 27124,
            "revenue": 301640,
            "common_shares": 341114,
            "book_valuer_per_share": 12.91,
            "book_valuer_per_share_4q_avg": 12.76,
            "equity": 431531,
            "current_ratio": 171.47,
            "debt_ratio": 50.47,
            "inventory_turnover_ratio": 1.17,
            "account_receivable_turnover_ratio": 1.98,
            "reinvestment_rate": 55.54,
            "research_to_sale_ratio": 3.04,
            "price_fair": 59.78,
            "eps_avg_yearly": 1.71,
            "eps_latest_yearly": 3.2,
            "eps_growth_yearly": 395.06
        },
        "20164": {
            "year_quarter": 20164,
            "year": 2016,
            "quarter": 4,
            "eps": 1.05,
            "eps_growth_year": 79.49,
            "eps_4q": 2.55,
            "eps_4q_growth_year": 36.84,
            "roe": 7.86,
            "roe_4q": 19.650000000000002,
            "gross_profit": 97855,
            "gross_margin": 26.94,
            "gross_margin_4q_avg": 25.73,
            "net_income": 34590,
            "revenue": 363185,
            "common_shares": 341114,
            "book_valuer_per_share": 13.69,
            "book_valuer_per_share_4q_avg": 12.96,
            "equity": 448960,
            "current_ratio": 186.7,
            "debt_ratio": 45.6,
            "inventory_turnover_ratio": 1.4,
            "account_receivable_turnover_ratio": 2.1,
            "reinvestment_rate": -41.7,
            "research_to_sale_ratio": 3.02,
            "price_fair": 67.71,
            "eps_avg_yearly": 1.93,
            "eps_latest_yearly": 4.2,
            "eps_growth_yearly": 370.51
        },
        "20171": {
            "year_quarter": 20171,
            "year": 2017,
            "quarter": 1,
            "eps": 0.65,
            "eps_growth_year": 44.44,
            "eps_4q": 2.78,
            "eps_4q_growth_year": 33.23,
            "roe": 4.88,
            "roe_4q": 20.98,
            "gross_profit": 76358,
            "gross_margin": 29.43,
            "gross_margin_4q_avg": 27.13,
            "net_income": 21900,
            "revenue": 259433,
            "common_shares": 341114,
            "book_valuer_per_share": 13.86,
            "book_valuer_per_share_4q_avg": 13.1,
            "equity": 449235,
            "current_ratio": 183.77,
            "debt_ratio": 44.04,
            "inventory_turnover_ratio": 1.3,
            "account_receivable_turnover_ratio": 1.63,
            "reinvestment_rate": -14.5,
            "research_to_sale_ratio": 4.12,
            "price_fair": 69.65,
            "eps_avg_yearly": 1.99,
            "eps_latest_yearly": 2.6,
            "eps_growth_yearly": 326.94
        },
        "20172": {
            "year_quarter": 20172,
            "year": 2017,
            "quarter": 2,
            "eps": 0.75,
            "eps_growth_year": 275,
            "eps_4q": 3.37,
            "eps_4q_growth_year": 68.03,
            "roe": 5.97,
            "roe_4q": 25.34,
            "gross_profit": 70640,
            "gross_margin": 28.41,
            "gross_margin_4q_avg": 27.9,
            "net_income": 25656,
            "revenue": 248672,
            "common_shares": 341114,
            "book_valuer_per_share": 12.66,
            "book_valuer_per_share_4q_avg": 13.28,
            "equity": 410350,
            "current_ratio": 123.1,
            "debt_ratio": 56.21,
            "inventory_turnover_ratio": 1.19,
            "account_receivable_turnover_ratio": 1.72,
            "reinvestment_rate": -7.39,
            "research_to_sale_ratio": 3.85,
            "price_fair": 72.37,
            "eps_avg_yearly": 2.07,
            "eps_latest_yearly": 3,
            "eps_growth_yearly": 306.52
        },
        "20173": {
            "year_quarter": 20173,
            "year": 2017,
            "quarter": 3,
            "eps": 1.03,
            "eps_growth_year": 28.75,
            "eps_4q": 3.56,
            "eps_4q_growth_year": 73.92,
            "roe": 7.82,
            "roe_4q": 26.529999999999998,
            "gross_profit": 82783,
            "gross_margin": 27.46,
            "gross_margin_4q_avg": 28.06,
            "net_income": 33395,
            "revenue": 301440,
            "common_shares": 341114,
            "book_valuer_per_share": 13.68,
            "book_valuer_per_share_4q_avg": 13.47,
            "equity": 443623,
            "current_ratio": 141.58,
            "debt_ratio": 56.08,
            "inventory_turnover_ratio": 1.24,
            "account_receivable_turnover_ratio": 1.87,
            "reinvestment_rate": 4.1,
            "research_to_sale_ratio": 3.77,
            "price_fair": 77.5,
            "eps_avg_yearly": 2.21,
            "eps_latest_yearly": 4.12,
            "eps_growth_yearly": 295.29
        },
        "20174": {
            "year_quarter": 20174,
            "year": 2017,
            "quarter": 4,
            "eps": 0.69,
            "eps_growth_year": -34.96,
            "eps_4q": 3.18,
            "eps_4q_growth_year": 24.72,
            "roe": 5,
            "roe_4q": 23.669999999999998,
            "gross_profit": 69229,
            "gross_margin": 21.3,
            "gross_margin_4q_avg": 26.65,
            "net_income": 22234,
            "revenue": 324975,
            "common_shares": 341114,
            "book_valuer_per_share": 13.73,
            "book_valuer_per_share_4q_avg": 13.48,
            "equity": 445111,
            "current_ratio": 127.17,
            "debt_ratio": 54.69,
            "inventory_turnover_ratio": 1.61,
            "account_receivable_turnover_ratio": 1.92,
            "reinvestment_rate": 28.79,
            "research_to_sale_ratio": 2.84,
            "price_fair": 78.77,
            "eps_avg_yearly": 2.25,
            "eps_latest_yearly": 2.76,
            "eps_growth_yearly": 266.8
        },
        "20181": {
            "year_quarter": 20181,
            "year": 2018,
            "quarter": 1,
            "eps": 0.33,
            "eps_growth_year": -49.23,
            "eps_4q": 2.84,
            "eps_4q_growth_year": 2.07,
            "roe": 2.39,
            "roe_4q": 21.18,
            "gross_profit": 57986,
            "gross_margin": 21.88,
            "gross_margin_4q_avg": 24.76,
            "net_income": 10853,
            "revenue": 264984,
            "common_shares": 341114,
            "book_valuer_per_share": 14.26,
            "book_valuer_per_share_4q_avg": 13.58,
            "equity": 462232,
            "current_ratio": 199.74,
            "debt_ratio": 54.93,
            "inventory_turnover_ratio": 1.46,
            "account_receivable_turnover_ratio": 1.74,
            "reinvestment_rate": 4.04,
            "research_to_sale_ratio": 4.15,
            "price_fair": 76.74,
            "eps_avg_yearly": 2.19,
            "eps_latest_yearly": 1.32,
            "eps_growth_yearly": 237.08
        },
        "20182": {
            "year_quarter": 20182,
            "year": 2018,
            "quarter": 2,
            "eps": 0.6,
            "eps_growth_year": -20,
            "eps_4q": 2.67,
            "eps_4q_growth_year": -20.68,
            "roe": 4.59,
            "roe_4q": 19.8,
            "gross_profit": 60302,
            "gross_margin": 23.48,
            "gross_margin_4q_avg": 23.53,
            "net_income": 19529,
            "revenue": 256831,
            "common_shares": 341114,
            "book_valuer_per_share": 12.06,
            "book_valuer_per_share_4q_avg": 13.43,
            "equity": 387851,
            "current_ratio": 168.4,
            "debt_ratio": 62.28,
            "inventory_turnover_ratio": 1.18,
            "account_receivable_turnover_ratio": 1.69,
            "reinvestment_rate": 13.83,
            "research_to_sale_ratio": 4.61,
            "price_fair": 80.15,
            "eps_avg_yearly": 2.29,
            "eps_latest_yearly": 2.4,
            "eps_growth_yearly": 107.54
        },
        "20183": {
            "year_quarter": 20183,
            "year": 2018,
            "quarter": 3,
            "eps": 0.6,
            "eps_growth_year": -41.75,
            "eps_4q": 2.19,
            "eps_4q_growth_year": -38.67,
            "roe": 4.87,
            "roe_4q": 16.85,
            "gross_profit": 93540,
            "gross_margin": 23.8,
            "gross_margin_4q_avg": 22.62,
            "net_income": 19375,
            "revenue": 393058,
            "common_shares": 341114,
            "book_valuer_per_share": 12.36,
            "book_valuer_per_share_4q_avg": 13.1,
            "equity": 407107,
            "current_ratio": 162.13,
            "debt_ratio": 63.73,
            "inventory_turnover_ratio": 1.44,
            "account_receivable_turnover_ratio": 1.68,
            "reinvestment_rate": 16.65,
            "research_to_sale_ratio": 2.67,
            "price_fair": 82.6,
            "eps_avg_yearly": 2.36,
            "eps_latest_yearly": 2.4,
            "eps_growth_yearly": 94.44
        },
        "20184": {
            "year_quarter": 20184,
            "year": 2018,
            "quarter": 4,
            "eps": 1.57,
            "eps_growth_year": 128.99,
            "eps_4q": 3.16,
            "eps_4q_growth_year": -0.62,
            "roe": 11.82,
            "roe_4q": 23.67,
            "gross_profit": 121683,
            "gross_margin": 29.54,
            "gross_margin_4q_avg": 24.68,
            "net_income": 49064,
            "revenue": 411957,
            "common_shares": 341114,
            "book_valuer_per_share": 13.54,
            "book_valuer_per_share_4q_avg": 13.06,
            "equity": 422849,
            "current_ratio": 168.38,
            "debt_ratio": 60.81,
            "inventory_turnover_ratio": 1.44,
            "account_receivable_turnover_ratio": 1.56,
            "reinvestment_rate": 22.16,
            "research_to_sale_ratio": 3.27,
            "price_fair": 93.36,
            "eps_avg_yearly": 2.67,
            "eps_latest_yearly": 6.28,
            "eps_growth_yearly": 133.3
        },
        "20191": {
            "year_quarter": 20191,
            "year": 2019,
            "quarter": 1,
            "eps": 0.82,
            "eps_growth_year": 148.48,
            "eps_4q": 3.65,
            "eps_4q_growth_year": 28.36,
            "roe": 5.87,
            "roe_4q": 27.150000000000002,
            "gross_profit": 76328,
            "gross_margin": 27.8,
            "gross_margin_4q_avg": 26.16,
            "net_income": 25552,
            "revenue": 274588,
            "common_shares": 341114,
            "book_valuer_per_share": 14.38,
            "book_valuer_per_share_4q_avg": 13.09,
            "equity": 447523,
            "current_ratio": 182.06,
            "debt_ratio": 56.7,
            "inventory_turnover_ratio": 1.23,
            "account_receivable_turnover_ratio": 1.49,
            "reinvestment_rate": 24.56,
            "research_to_sale_ratio": 4.59,
            "price_fair": 98.35,
            "eps_avg_yearly": 2.81,
            "eps_latest_yearly": 3.28,
            "eps_growth_yearly": 127.97
        },
        "20192": {
            "year_quarter": 20192,
            "year": 2019,
            "quarter": 2,
            "eps": 0.9,
            "eps_growth_year": 50,
            "eps_4q": 3.92,
            "eps_4q_growth_year": 46.56,
            "roe": 6.57,
            "roe_4q": 29.130000000000003,
            "gross_profit": 91168,
            "gross_margin": 30.35,
            "gross_margin_4q_avg": 27.87,
            "net_income": 27941,
            "revenue": 300413,
            "common_shares": 334184,
            "book_valuer_per_share": 12.94,
            "book_valuer_per_share_4q_avg": 13.31,
            "equity": 402575,
            "current_ratio": 160.65,
            "debt_ratio": 61.48,
            "inventory_turnover_ratio": 1.32,
            "account_receivable_turnover_ratio": 1.81,
            "reinvestment_rate": 23.61,
            "research_to_sale_ratio": 4.63,
            "price_fair": 103.16,
            "eps_avg_yearly": 2.95,
            "eps_latest_yearly": 3.6,
            "eps_growth_yearly": 120.41
        },
        "20193": {
            "year_quarter": 20193,
            "year": 2019,
            "quarter": 3,
            "eps": 1.52,
            "eps_growth_year": 153.33,
            "eps_4q": 4.81,
            "eps_4q_growth_year": 120.14,
            "roe": 11.07,
            "roe_4q": 35.33,
            "gross_profit": 111082,
            "gross_margin": 33.84,
            "gross_margin_4q_avg": 30.38,
            "net_income": 47179,
            "revenue": 328230,
            "common_shares": 334184,
            "book_valuer_per_share": 14.45,
            "book_valuer_per_share_4q_avg": 13.83,
            "equity": 449737,
            "current_ratio": 174.82,
            "debt_ratio": 57.67,
            "inventory_turnover_ratio": 1.26,
            "account_receivable_turnover_ratio": 1.65,
            "reinvestment_rate": 21.18,
            "research_to_sale_ratio": 4.1,
            "price_fair": 109.81,
            "eps_avg_yearly": 3.14,
            "eps_latest_yearly": 6.08,
            "eps_growth_yearly": 108.35
        },
        "20194": {
            "year_quarter": 20194,
            "year": 2019,
            "quarter": 4,
            "eps": 0.96,
            "eps_growth_year": -39.14,
            "eps_4q": 4.13,
            "eps_4q_growth_year": 30.71,
            "roe": 6.21,
            "roe_4q": 29.720000000000002,
            "gross_profit": 112361,
            "gross_margin": 32.63,
            "gross_margin_4q_avg": 31.16,
            "net_income": 30274,
            "revenue": 344359,
            "common_shares": 334184,
            "book_valuer_per_share": 16.59,
            "book_valuer_per_share_4q_avg": 14.59,
            "equity": 525494,
            "current_ratio": 203.4,
            "debt_ratio": 49.53,
            "inventory_turnover_ratio": 1.45,
            "account_receivable_turnover_ratio": 1.79,
            "reinvestment_rate": 20.85,
            "research_to_sale_ratio": 3.39,
            "price_fair": 113.05,
            "eps_avg_yearly": 3.23,
            "eps_latest_yearly": 3.84,
            "eps_growth_yearly": 104.73
        },
        "20201": {
            "year_quarter": 20201,
            "year": 2020,
            "quarter": 1,
            "eps": 0.91,
            "eps_growth_year": 10.98,
            "eps_4q": 3.77,
            "eps_4q_growth_year": 3.43,
            "roe": 4.86,
            "roe_4q": 28.71,
            "gross_profit": 94082,
            "gross_margin": 36.64,
            "gross_margin_4q_avg": 33.37,
            "net_income": 30063,
            "revenue": 256808,
            "common_shares": 330056,
            "book_valuer_per_share": 19.82,
            "book_valuer_per_share_4q_avg": 15.95,
            "equity": 711618,
            "current_ratio": 202.34,
            "debt_ratio": 34.99,
            "inventory_turnover_ratio": 1.05,
            "account_receivable_turnover_ratio": 1.66,
            "reinvestment_rate": 19.67,
            "research_to_sale_ratio": 4.71,
            "price_fair": 117.08,
            "eps_avg_yearly": 3.35,
            "eps_latest_yearly": 3.64,
            "eps_growth_yearly": 109.36
        },
        "20202": {
            "year_quarter": 20202,
            "year": 2020,
            "quarter": 2,
            "eps": 2.41,
            "eps_growth_year": 167.78,
            "eps_4q": 5.09,
            "eps_4q_growth_year": 29.86,
            "roe": 10.88,
            "roe_4q": 33.02,
            "gross_profit": 142647,
            "gross_margin": 39.79,
            "gross_margin_4q_avg": 35.73,
            "net_income": 77779,
            "revenue": 358521,
            "common_shares": 330056,
            "book_valuer_per_share": 19.72,
            "book_valuer_per_share_4q_avg": 17.65,
            "equity": 718054,
            "current_ratio": 147.27,
            "debt_ratio": 50.16,
            "inventory_turnover_ratio": 0.75,
            "account_receivable_turnover_ratio": 1.94,
            "reinvestment_rate": 15.07,
            "research_to_sale_ratio": 3.3,
            "price_fair": 136.41,
            "eps_avg_yearly": 3.9,
            "eps_latest_yearly": 9.64,
            "eps_growth_yearly": 164.46
        },
        "20203": {
            "year_quarter": 20203,
            "year": 2020,
            "quarter": 3,
            "eps": 6.2,
            "eps_growth_year": 307.89,
            "eps_4q": 9.98,
            "eps_4q_growth_year": 107.42,
            "roe": 27.17,
            "roe_4q": 49.120000000000005,
            "gross_profit": 373557,
            "gross_margin": 40.03,
            "gross_margin_4q_avg": 37.27,
            "net_income": 225636,
            "revenue": 933093,
            "common_shares": 377513,
            "book_valuer_per_share": 25.87,
            "book_valuer_per_share_4q_avg": 20.5,
            "equity": 942816,
            "current_ratio": 142.77,
            "debt_ratio": 54.44,
            "inventory_turnover_ratio": 1.23,
            "account_receivable_turnover_ratio": 2.07,
            "reinvestment_rate": 10.73,
            "research_to_sale_ratio": 2.04,
            "price_fair": 183.66,
            "eps_avg_yearly": 5.25,
            "eps_latest_yearly": 24.8,
            "eps_growth_yearly": 128.77
        },
        "20204": {
            "year_quarter": 20204,
            "year": 2020,
            "quarter": 4,
            "eps": 5.12,
            "eps_growth_year": 435.62,
            "eps_4q": 14.27,
            "eps_4q_growth_year": 245.15,
            "roe": 20.15,
            "roe_4q": 63.06,
            "gross_profit": 330141,
            "gross_margin": 31.39,
            "gross_margin_4q_avg": 36.96,
            "net_income": 186592,
            "revenue": 1051702,
            "common_shares": 377787,
            "book_valuer_per_share": 24.95,
            "book_valuer_per_share_4q_avg": 22.59,
            "equity": 909427,
            "current_ratio": 122.45,
            "debt_ratio": 64.1,
            "inventory_turnover_ratio": 1.25,
            "account_receivable_turnover_ratio": 1.67,
            "reinvestment_rate": 17.03,
            "research_to_sale_ratio": 1.53,
            "price_fair": 219.28,
            "eps_avg_yearly": 6.27,
            "eps_latest_yearly": 20.48,
            "eps_growth_yearly": 116.61
        },
        "20211": {
            "year_quarter": 20211,
            "year": 2021,
            "quarter": 1,
            "eps": 4.89,
            "eps_growth_year": 437.36,
            "eps_4q": 18.34,
            "eps_4q_growth_year": 386,
            "roe": 17.69,
            "roe_4q": 75.89,
            "gross_profit": 294705,
            "gross_margin": 30.23,
            "gross_margin_4q_avg": 35.36,
            "net_income": 178319,
            "revenue": 974881,
            "common_shares": 377787,
            "book_valuer_per_share": 30.35,
            "book_valuer_per_share_4q_avg": 25.22,
            "equity": 1106056,
            "current_ratio": 143.18,
            "debt_ratio": 55.11,
            "inventory_turnover_ratio": 1.12,
            "account_receivable_turnover_ratio": 1.64,
            "reinvestment_rate": 14.09,
            "research_to_sale_ratio": 1.85,
            "price_fair": 256.38,
            "eps_avg_yearly": 7.33,
            "eps_latest_yearly": 19.56,
            "eps_growth_yearly": 125.01
        },
        "20212": {
            "year_quarter": 20212,
            "year": 2021,
            "quarter": 2,
            "eps": 2.04,
            "eps_growth_year": -15.35,
            "eps_4q": 18.24,
            "eps_4q_growth_year": 258.51,
            "roe": 6.98,
            "roe_4q": 71.99000000000001,
            "gross_profit": 185007,
            "gross_margin": 30.92,
            "gross_margin_4q_avg": 33.14,
            "net_income": 74304,
            "revenue": 598296,
            "common_shares": 377787,
            "book_valuer_per_share": 28.03,
            "book_valuer_per_share_4q_avg": 27.3,
            "equity": 1021603,
            "current_ratio": 147.48,
            "debt_ratio": 50.16,
            "inventory_turnover_ratio": 0.85,
            "account_receivable_turnover_ratio": 1.36,
            "reinvestment_rate": 13.08,
            "research_to_sale_ratio": 3.55,
            "price_fair": 267.66,
            "eps_avg_yearly": 7.65,
            "eps_latest_yearly": 8.16,
            "eps_growth_yearly": 106.59
        },
        "20213": {
            "year_quarter": 20213,
            "year": 2021,
            "quarter": 3,
            "eps": 1.02,
            "eps_growth_year": -83.55,
            "eps_4q": 13.07,
            "eps_4q_growth_year": 30.94,
            "roe": 3.81,
            "roe_4q": 48.63,
            "gross_profit": 109972,
            "gross_margin": 28.59,
            "gross_margin_4q_avg": 30.28,
            "net_income": 37076,
            "revenue": 384594,
            "common_shares": 369318,
            "book_valuer_per_share": 25.38,
            "book_valuer_per_share_4q_avg": 27.18,
            "equity": 925056,
            "current_ratio": 153.38,
            "debt_ratio": 44.75,
            "inventory_turnover_ratio": 0.7,
            "account_receivable_turnover_ratio": 1.74,
            "reinvestment_rate": 11.37,
            "research_to_sale_ratio": 4.79,
            "price_fair": 267.58,
            "eps_avg_yearly": 7.65,
            "eps_latest_yearly": 4.08,
            "eps_growth_yearly": 84.76
        },
        "20214": {
            "year_quarter": 20214,
            "year": 2021,
            "quarter": 4,
            "eps": 0.7,
            "eps_growth_year": -86.31,
            "eps_4q": 8.58,
            "eps_4q_growth_year": -39.88,
            "roe": 2.75,
            "roe_4q": 31.230000000000004,
            "gross_profit": 84820,
            "gross_margin": 23.09,
            "gross_margin_4q_avg": 28.21,
            "net_income": 25774,
            "revenue": 367391,
            "common_shares": 369318,
            "book_valuer_per_share": 25.89,
            "book_valuer_per_share_4q_avg": 27.41,
            "equity": 952035,
            "current_ratio": 156.2,
            "debt_ratio": 43.83,
            "inventory_turnover_ratio": 0.77,
            "account_receivable_turnover_ratio": 2.19,
            "reinvestment_rate": 4.41,
            "research_to_sale_ratio": 3.54,
            "price_fair": 267.66,
            "eps_avg_yearly": 7.65,
            "eps_latest_yearly": 2.8,
            "eps_growth_yearly": 85.17
        },
        "20221": {
            "year_quarter": 20221,
            "year": 2022,
            "quarter": 1,
            "eps": 0.65,
            "eps_growth_year": -86.71,
            "eps_4q": 4.38,
            "eps_4q_growth_year": -76.1,
            "roe": 2.49,
            "roe_4q": 16.03,
            "gross_profit": 73652,
            "gross_margin": 25.66,
            "gross_margin_4q_avg": 27.07,
            "net_income": 23980,
            "revenue": 287060,
            "common_shares": 367688,
            "book_valuer_per_share": 26.55,
            "book_valuer_per_share_4q_avg": 26.46,
            "equity": 976085,
            "current_ratio": 176.95,
            "debt_ratio": 37.33,
            "inventory_turnover_ratio": 0.6,
            "account_receivable_turnover_ratio": 1.84,
            "reinvestment_rate": 10.3,
            "research_to_sale_ratio": 4.91,
            "price_fair": 270.46,
            "eps_avg_yearly": 7.73,
            "eps_latest_yearly": 2.6,
            "eps_growth_yearly": 96.42
        },
        "20222": {
            "year_quarter": 20222,
            "year": 2022,
            "quarter": 2,
            "eps": 0.62,
            "eps_growth_year": -69.61,
            "eps_4q": 2.98,
            "eps_4q_growth_year": -83.66,
            "roe": 2.39,
            "roe_4q": 11.440000000000001,
            "gross_profit": 93922,
            "gross_margin": 28.65,
            "gross_margin_4q_avg": 26.5,
            "net_income": 22799,
            "revenue": 327769,
            "common_shares": 367688,
            "book_valuer_per_share": 25.24,
            "book_valuer_per_share_4q_avg": 25.77,
            "equity": 927949,
            "current_ratio": 178.4,
            "debt_ratio": 35.83,
            "inventory_turnover_ratio": 0.69,
            "account_receivable_turnover_ratio": 2.22,
            "reinvestment_rate": 10.28,
            "research_to_sale_ratio": 5.68,
            "price_fair": 270.64,
            "eps_avg_yearly": 7.73,
            "eps_latest_yearly": 2.48,
            "eps_growth_yearly": 74.82
        },
        "20223": {
            "year_quarter": 20223,
            "year": 2022,
            "quarter": 3,
            "eps": 0.96,
            "eps_growth_year": -5.88,
            "eps_4q": 2.94,
            "eps_4q_growth_year": -77.54,
            "roe": 3.8,
            "roe_4q": 11.43,
            "gross_profit": 90731,
            "gross_margin": 30.3,
            "gross_margin_4q_avg": 26.93,
            "net_income": 35395,
            "revenue": 299411,
            "common_shares": 367688,
            "book_valuer_per_share": 25.46,
            "book_valuer_per_share_4q_avg": 25.79,
            "equity": 936129,
            "current_ratio": 189.83,
            "debt_ratio": 34.47,
            "inventory_turnover_ratio": 0.73,
            "account_receivable_turnover_ratio": 1.96,
            "reinvestment_rate": 10.49,
            "research_to_sale_ratio": 7.17,
            "price_fair": 273.79,
            "eps_avg_yearly": 7.82,
            "eps_latest_yearly": 3.84,
            "eps_growth_yearly": 88.53
        },
        "20224": {
            "year_quarter": 20224,
            "year": 2022,
            "quarter": 4,
            "eps": 0.52,
            "eps_growth_year": -26.42,
            "eps_4q": 2.75,
            "eps_4q_growth_year": -67.93,
            "roe": 2.05,
            "roe_4q": 10.73,
            "gross_profit": 98510,
            "gross_margin": 34.36,
            "gross_margin_4q_avg": 29.74,
            "net_income": 18954,
            "revenue": 286677,
            "common_shares": 367688,
            "book_valuer_per_share": 24.79,
            "book_valuer_per_share_4q_avg": 25.51,
            "equity": 911177,
            "current_ratio": 200.61,
            "debt_ratio": 31.89,
            "inventory_turnover_ratio": 0.81,
            "account_receivable_turnover_ratio": 2.72,
            "reinvestment_rate": 11.3,
            "research_to_sale_ratio": 6.71,
            "price_fair": 264.6,
            "eps_avg_yearly": 7.56,
            "eps_latest_yearly": 2.08,
            "eps_growth_yearly": 36.65
        },
        "20231": {
            "year_quarter": 20231,
            "year": 2023,
            "quarter": 1,
            "eps": 0.67,
            "eps_growth_year": 3.08,
            "eps_4q": 2.78,
            "eps_4q_growth_year": -36.59,
            "roe": 2.67,
            "roe_4q": 10.91,
            "gross_profit": 82886,
            "gross_margin": 32.4,
            "gross_margin_4q_avg": 31.43,
            "net_income": 24563,
            "revenue": 255792,
            "common_shares": 367688,
            "book_valuer_per_share": 25.33,
            "book_valuer_per_share_4q_avg": 25.21,
            "equity": 927138,
            "current_ratio": 225.9,
            "debt_ratio": 28.39,
            "inventory_turnover_ratio": 0.85,
            "account_receivable_turnover_ratio": 3.08,
            "reinvestment_rate": 9.11,
            "research_to_sale_ratio": 8.37,
            "price_fair": 263.29,
            "eps_avg_yearly": 7.52,
            "eps_latest_yearly": 2.68,
            "eps_growth_yearly": 55.8
        }
    },
    "months": {
        "2010-04": {
            "month": "2010-04",
            "price": "28.78",
            "revenue": 46302
        },
        "2010-05": {
            "month": "2010-05",
            "price": "29.36",
            "revenue": 31064
        },
        "2010-06": {
            "month": "2010-06",
            "price": "27.48",
            "revenue": 42892
        },
        "2010-07": {
            "month": "2010-07",
            "price": "25.35",
            "revenue": 34777
        },
        "2010-08": {
            "month": "2010-08",
            "price": "24.95",
            "revenue": 34854
        },
        "2010-09": {
            "month": "2010-09",
            "price": "25.18",
            "revenue": 33795
        },
        "2010-10": {
            "month": "2010-10",
            "price": "25.46",
            "revenue": 27798
        },
        "2010-11": {
            "month": "2010-11",
            "price": "25.10",
            "revenue": 32702
        },
        "2010-12": {
            "month": "2010-12",
            "price": "24.83",
            "revenue": 23740
        },
        "2011-01": {
            "month": "2011-01",
            "price": "24.34",
            "revenue": 27475
        },
        "2011-02": {
            "month": "2011-02",
            "price": "23.96",
            "revenue": 37015
        },
        "2011-03": {
            "month": "2011-03",
            "price": "23.28",
            "revenue": 30004
        },
        "2011-04": {
            "month": "2011-04",
            "price": "22.34",
            "revenue": 28243
        },
        "2011-05": {
            "month": "2011-05",
            "price": "20.94",
            "revenue": 22397
        },
        "2011-06": {
            "month": "2011-06",
            "price": "21.94",
            "revenue": 35888
        },
        "2011-07": {
            "month": "2011-07",
            "price": "20.22",
            "revenue": 32584
        },
        "2011-08": {
            "month": "2011-08",
            "price": "15.25",
            "revenue": 36103
        },
        "2011-09": {
            "month": "2011-09",
            "price": "13.33",
            "revenue": 30603
        },
        "2011-10": {
            "month": "2011-10",
            "price": "12.88",
            "revenue": 34163
        },
        "2011-11": {
            "month": "2011-11",
            "price": "12.37",
            "revenue": 30773
        },
        "2011-12": {
            "month": "2011-12",
            "price": "10.62",
            "revenue": 29803
        },
        "2012-01": {
            "month": "2012-01",
            "price": "11.25",
            "revenue": 35054
        },
        "2012-02": {
            "month": "2012-02",
            "price": "13.43",
            "revenue": 36016
        },
        "2012-03": {
            "month": "2012-03",
            "price": "12.75",
            "revenue": 40200
        },
        "2012-04": {
            "month": "2012-04",
            "price": "11.37",
            "revenue": 32548
        },
        "2012-05": {
            "month": "2012-05",
            "price": "10.83",
            "revenue": 39476
        },
        "2012-06": {
            "month": "2012-06",
            "price": "10.92",
            "revenue": 33226
        },
        "2012-07": {
            "month": "2012-07",
            "price": "10.95",
            "revenue": 28657
        },
        "2012-08": {
            "month": "2012-08",
            "price": "10.74",
            "revenue": 71053
        },
        "2012-09": {
            "month": "2012-09",
            "price": "11.50",
            "revenue": 62445
        },
        "2012-10": {
            "month": "2012-10",
            "price": "12.81",
            "revenue": 35339
        },
        "2012-11": {
            "month": "2012-11",
            "price": "11.35",
            "revenue": 48865
        },
        "2012-12": {
            "month": "2012-12",
            "price": "13.33",
            "revenue": 34741
        },
        "2013-01": {
            "month": "2013-01",
            "price": "14.79",
            "revenue": 46846
        },
        "2013-02": {
            "month": "2013-02",
            "price": "23.59",
            "revenue": 22517
        },
        "2013-03": {
            "month": "2013-03",
            "price": "25.79",
            "revenue": 37869
        },
        "2013-04": {
            "month": "2013-04",
            "price": "23.80",
            "revenue": 40540
        },
        "2013-05": {
            "month": "2013-05",
            "price": "23.95",
            "revenue": 55084
        },
        "2013-06": {
            "month": "2013-06",
            "price": "22.88",
            "revenue": 35423
        },
        "2013-07": {
            "month": "2013-07",
            "price": "20.43",
            "revenue": 61060
        },
        "2013-08": {
            "month": "2013-08",
            "price": "19.00",
            "revenue": 69540
        },
        "2013-09": {
            "month": "2013-09",
            "price": "19.74",
            "revenue": 42711
        },
        "2013-10": {
            "month": "2013-10",
            "price": "19.67",
            "revenue": 56251
        },
        "2013-11": {
            "month": "2013-11",
            "price": "18.14",
            "revenue": 60184
        },
        "2013-12": {
            "month": "2013-12",
            "price": "17.27",
            "revenue": 54740
        },
        "2014-01": {
            "month": "2014-01",
            "price": "17.75",
            "revenue": 42082
        },
        "2014-02": {
            "month": "2014-02",
            "price": "17.65",
            "revenue": 36168
        },
        "2014-03": {
            "month": "2014-03",
            "price": "17.77",
            "revenue": 47807
        },
        "2014-04": {
            "month": "2014-04",
            "price": "16.94",
            "revenue": 37180
        },
        "2014-05": {
            "month": "2014-05",
            "price": "15.83",
            "revenue": 42468
        },
        "2014-06": {
            "month": "2014-06",
            "price": "17.32",
            "revenue": 74612
        },
        "2014-07": {
            "month": "2014-07",
            "price": "22.07",
            "revenue": 67837
        },
        "2014-08": {
            "month": "2014-08",
            "price": "19.22",
            "revenue": 88125
        },
        "2014-09": {
            "month": "2014-09",
            "price": "21.77",
            "revenue": 75838
        },
        "2014-10": {
            "month": "2014-10",
            "price": "21.30",
            "revenue": 60049
        },
        "2014-11": {
            "month": "2014-11",
            "price": "20.56",
            "revenue": 112724
        },
        "2014-12": {
            "month": "2014-12",
            "price": "22.47",
            "revenue": 97568
        },
        "2015-01": {
            "month": "2015-01",
            "price": "21.14",
            "revenue": 86522
        },
        "2015-02": {
            "month": "2015-02",
            "price": "20.89",
            "revenue": 42933
        },
        "2015-03": {
            "month": "2015-03",
            "price": "21.86",
            "revenue": 82896
        },
        "2015-04": {
            "month": "2015-04",
            "price": "24.02",
            "revenue": 107920
        },
        "2015-05": {
            "month": "2015-05",
            "price": "24.24",
            "revenue": 89919
        },
        "2015-06": {
            "month": "2015-06",
            "price": "25.51",
            "revenue": 61533
        },
        "2015-07": {
            "month": "2015-07",
            "price": "23.98",
            "revenue": 69081
        },
        "2015-08": {
            "month": "2015-08",
            "price": "20.43",
            "revenue": 88719
        },
        "2015-09": {
            "month": "2015-09",
            "price": "20.08",
            "revenue": 90902
        },
        "2015-10": {
            "month": "2015-10",
            "price": "22.45",
            "revenue": 91629
        },
        "2015-11": {
            "month": "2015-11",
            "price": "26.20",
            "revenue": 103804
        },
        "2015-12": {
            "month": "2015-12",
            "price": "36.73",
            "revenue": 129926
        },
        "2016-01": {
            "month": "2016-01",
            "price": "36.13",
            "revenue": 93908
        },
        "2016-02": {
            "month": "2016-02",
            "price": "35.73",
            "revenue": 49141
        },
        "2016-03": {
            "month": "2016-03",
            "price": "33.35",
            "revenue": 72429
        },
        "2016-04": {
            "month": "2016-04",
            "price": "28.35",
            "revenue": 73489
        },
        "2016-05": {
            "month": "2016-05",
            "price": "29.95",
            "revenue": 60936
        },
        "2016-06": {
            "month": "2016-06",
            "price": "30.94",
            "revenue": 83412
        },
        "2016-07": {
            "month": "2016-07",
            "price": "34.35",
            "revenue": 85166
        },
        "2016-08": {
            "month": "2016-08",
            "price": "34.05",
            "revenue": 114957
        },
        "2016-09": {
            "month": "2016-09",
            "price": "33.73",
            "revenue": 96162
        },
        "2016-10": {
            "month": "2016-10",
            "price": "33.92",
            "revenue": 150769
        },
        "2016-11": {
            "month": "2016-11",
            "price": "36.31",
            "revenue": 122179
        },
        "2016-12": {
            "month": "2016-12",
            "price": "36.15",
            "revenue": 94204
        },
        "2017-01": {
            "month": "2017-01",
            "price": "36.01",
            "revenue": 115456
        },
        "2017-02": {
            "month": "2017-02",
            "price": "37.47",
            "revenue": 53104
        },
        "2017-03": {
            "month": "2017-03",
            "price": "37.62",
            "revenue": 90721
        },
        "2017-04": {
            "month": "2017-04",
            "price": "41.92",
            "revenue": 77585
        },
        "2017-05": {
            "month": "2017-05",
            "price": "42.68",
            "revenue": 83906
        },
        "2017-06": {
            "month": "2017-06",
            "price": "50.85",
            "revenue": 86835
        },
        "2017-07": {
            "month": "2017-07",
            "price": "47.86",
            "revenue": 88278
        },
        "2017-08": {
            "month": "2017-08",
            "price": "44.23",
            "revenue": 97793
        },
        "2017-09": {
            "month": "2017-09",
            "price": "44.20",
            "revenue": 115823
        },
        "2017-10": {
            "month": "2017-10",
            "price": "48.43",
            "revenue": 127032
        },
        "2017-11": {
            "month": "2017-11",
            "price": "48.78",
            "revenue": 83532
        },
        "2017-12": {
            "month": "2017-12",
            "price": "48.80",
            "revenue": 114701
        },
        "2018-01": {
            "month": "2018-01",
            "price": "49.68",
            "revenue": 99872
        },
        "2018-02": {
            "month": "2018-02",
            "price": "43.62",
            "revenue": 60231
        },
        "2018-03": {
            "month": "2018-03",
            "price": "44.98",
            "revenue": 104844
        },
        "2018-04": {
            "month": "2018-04",
            "price": "45.12",
            "revenue": 79062
        },
        "2018-05": {
            "month": "2018-05",
            "price": "42.19",
            "revenue": 87071
        },
        "2018-06": {
            "month": "2018-06",
            "price": "43.12",
            "revenue": 90379
        },
        "2018-07": {
            "month": "2018-07",
            "price": "41.00",
            "revenue": 93173
        },
        "2018-08": {
            "month": "2018-08",
            "price": "39.88",
            "revenue": 98169
        },
        "2018-09": {
            "month": "2018-09",
            "price": "36.98",
            "revenue": 199990
        },
        "2018-10": {
            "month": "2018-10",
            "price": "33.11",
            "revenue": 159180
        },
        "2018-11": {
            "month": "2018-11",
            "price": "32.94",
            "revenue": 100508
        },
        "2018-12": {
            "month": "2018-12",
            "price": "38.63",
            "revenue": 153607
        },
        "2019-01": {
            "month": "2019-01",
            "price": "39.75",
            "revenue": 114931
        },
        "2019-02": {
            "month": "2019-02",
            "price": "39.87",
            "revenue": 64627
        },
        "2019-03": {
            "month": "2019-03",
            "price": "40.24",
            "revenue": 95407
        },
        "2019-04": {
            "month": "2019-04",
            "price": "40.10",
            "revenue": 80327
        },
        "2019-05": {
            "month": "2019-05",
            "price": "39.95",
            "revenue": 114529
        },
        "2019-06": {
            "month": "2019-06",
            "price": "41.16",
            "revenue": 105229
        },
        "2019-07": {
            "month": "2019-07",
            "price": "44.07",
            "revenue": 115493
        },
        "2019-08": {
            "month": "2019-08",
            "price": "43.08",
            "revenue": 104566
        },
        "2019-09": {
            "month": "2019-09",
            "price": "45.82",
            "revenue": 108062
        },
        "2019-10": {
            "month": "2019-10",
            "price": "45.24",
            "revenue": 133889
        },
        "2019-11": {
            "month": "2019-11",
            "price": "46.89",
            "revenue": 104006
        },
        "2019-12": {
            "month": "2019-12",
            "price": "47.05",
            "revenue": 106388
        },
        "2020-01": {
            "month": "2020-01",
            "price": "46.87",
            "revenue": 104608
        },
        "2020-02": {
            "month": "2020-02",
            "price": "54.96",
            "revenue": 41267
        },
        "2020-03": {
            "month": "2020-03",
            "price": "55.14",
            "revenue": 110462
        },
        "2020-04": {
            "month": "2020-04",
            "price": "66.25",
            "revenue": 71343
        },
        "2020-05": {
            "month": "2020-05",
            "price": "74.06",
            "revenue": 84029
        },
        "2020-06": {
            "month": "2020-06",
            "price": "82.42",
            "revenue": 202549
        },
        "2020-07": {
            "month": "2020-07",
            "price": "94.43",
            "revenue": 300330
        },
        "2020-08": {
            "month": "2020-08",
            "price": "105.40",
            "revenue": 315790
        },
        "2020-09": {
            "month": "2020-09",
            "price": "102.39",
            "revenue": 317400
        },
        "2020-10": {
            "month": "2020-10",
            "price": "123.53",
            "revenue": 349209
        },
        "2020-11": {
            "month": "2020-11",
            "price": "140.81",
            "revenue": 364899
        },
        "2020-12": {
            "month": "2020-12",
            "price": "108.45",
            "revenue": 337697
        },
        "2021-01": {
            "month": "2021-01",
            "price": "93.05",
            "revenue": 405185
        },
        "2021-02": {
            "month": "2021-02",
            "price": "91.38",
            "revenue": 226800
        },
        "2021-03": {
            "month": "2021-03",
            "price": "94.10",
            "revenue": 337931
        },
        "2021-04": {
            "month": "2021-04",
            "price": "94.29",
            "revenue": 314605
        },
        "2021-05": {
            "month": "2021-05",
            "price": "86.34",
            "revenue": 151541
        },
        "2021-06": {
            "month": "2021-06",
            "price": "77.91",
            "revenue": 137207
        },
        "2021-07": {
            "month": "2021-07",
            "price": "67.99",
            "revenue": 144047
        },
        "2021-08": {
            "month": "2021-08",
            "price": "59.75",
            "revenue": 114015
        },
        "2021-09": {
            "month": "2021-09",
            "price": "66.52",
            "revenue": 126329
        },
        "2021-10": {
            "month": "2021-10",
            "price": "55.96",
            "revenue": 101380
        },
        "2021-11": {
            "month": "2021-11",
            "price": "57.53",
            "revenue": 147300
        },
        "2021-12": {
            "month": "2021-12",
            "price": "57.06",
            "revenue": 116967
        },
        "2022-01": {
            "month": "2022-01",
            "price": "58.46",
            "revenue": 108714
        },
        "2022-02": {
            "month": "2022-02",
            "price": "56.49",
            "revenue": 83336
        },
        "2022-03": {
            "month": "2022-03",
            "price": "51.27",
            "revenue": 95018
        },
        "2022-04": {
            "month": "2022-04",
            "price": "48.94",
            "revenue": 90954
        },
        "2022-05": {
            "month": "2022-05",
            "price": "40.81",
            "revenue": 107577
        },
        "2022-06": {
            "month": "2022-06",
            "price": "37.30",
            "revenue": 129247
        },
        "2022-07": {
            "month": "2022-07",
            "price": "34.49",
            "revenue": 102986
        },
        "2022-08": {
            "month": "2022-08",
            "price": "38.91",
            "revenue": 90843
        },
        "2022-09": {
            "month": "2022-09",
            "price": "37.51",
            "revenue": 105621
        },
        "2022-10": {
            "month": "2022-10",
            "price": "33.15",
            "revenue": 100527
        },
        "2022-11": {
            "month": "2022-11",
            "price": "34.16",
            "revenue": 103677
        },
        "2022-12": {
            "month": "2022-12",
            "price": "37.70",
            "revenue": 82397
        },
        "2023-01": {
            "month": "2023-01",
            "price": "38.76",
            "revenue": 92323
        },
        "2023-02": {
            "month": "2023-02",
            "price": "38.85",
            "revenue": 60034
        },
        "2023-03": {
            "month": "2023-03",
            "price": "39.23",
            "revenue": 103409
        },
        "2023-04": {
            "month": "2023-04",
            "price": "38.44",
            "revenue": 97320
        }
    }
}
