{
    "summary": {
        "stock_name": "泰博",
        "stock_id": "4736",
        "category": "生技醫療",
        "main_business": "醫療器材設備製造",
        "website_url": "http://www.taidoc.com.tw",
        "ceo": "陳朝旺",
        "pe_ratio": 5,
        "report_year_from": 2008,
        "report_year_to": 2023,
        "age": 15,
        "eps_negative_percentage": 0,
        "eps_growth_avg": {
            "last_all": 26.42,
            "last_2y": 64.58,
            "last_4y": 53.27,
            "last_8y": 30.16,
            "last_12y": 26.42,
            "last_16y": null,
            "last_20y": null,
            "at_2006_last_3y": null,
            "at_2007_last_3y": null,
            "at_2008_last_3y": null,
            "at_2009_last_3y": null,
            "at_2010_last_3y": null,
            "at_2011_last_3y": null,
            "at_2012_last_3y": null,
            "at_2013_last_3y": 18.01,
            "at_2014_last_3y": 22.46,
            "at_2015_last_3y": 23.71,
            "at_2016_last_3y": 31.11,
            "at_2017_last_3y": 1.26,
            "at_2018_last_3y": 20.68,
            "at_2019_last_3y": 14.55,
            "at_2020_last_3y": 38.31,
            "at_2021_last_3y": 49.34,
            "at_2022_last_3y": 41.59,
            "at_2023_last_3y": 41.59,
            "at_2006_last_all": null,
            "at_2007_last_all": null,
            "at_2008_last_all": null,
            "at_2009_last_all": null,
            "at_2010_last_all": null,
            "at_2011_last_all": -1.66,
            "at_2012_last_all": -9.32,
            "at_2013_last_all": 18.01,
            "at_2014_last_all": 18.87,
            "at_2015_last_all": 15.25,
            "at_2016_last_all": 13.78,
            "at_2017_last_all": 9.64,
            "at_2018_last_all": 19.68,
            "at_2019_last_all": 14.97,
            "at_2020_last_all": 22.7,
            "at_2021_last_all": 22.87,
            "at_2022_last_all": 26.42,
            "at_2023_last_all": 26.42
        },
        "latest_eps": 33.14,
        "latest_price": 182,
        "latest_roe": 42.07,
        "latest_gross_margin": 47.25,
        "latest_equity": 8492297,
        "latest_revenue": 1539544,
        "latest_gross_profit": 727458,
        "latest_net_income": 401456,
        "latest_debt_ratio": 35.45,
        "latest_current_ratio": 193.12,
        "latest_account_receivable_turnover_ratio": 1.21,
        "latest_inventory_turnover_ratio": 0.52,
        "latest_reinvestment_rate": 12.6,
        "latest_research_to_sale_ratio": 6.38
    },
    "eps_dividends": {
        "2001": {
            "cash": 0,
            "stock": 0,
            "eps": 0
        },
        "2002": {
            "cash": 0,
            "stock": 0,
            "eps": 0
        },
        "2003": {
            "cash": 0,
            "stock": 0,
            "eps": 0
        },
        "2004": {
            "cash": 0,
            "stock": 0,
            "eps": 0
        },
        "2005": {
            "cash": 0,
            "stock": 0,
            "eps": 0
        },
        "2006": {
            "cash": 0,
            "stock": 0,
            "eps": 0
        },
        "2007": {
            "cash": 0,
            "stock": 0,
            "eps": 0
        },
        "2008": {
            "cash": 3,
            "stock": 4,
            "eps": 0
        },
        "2009": {
            "cash": 5,
            "stock": 1,
            "eps": 3.54
        },
        "2010": {
            "cash": 5,
            "stock": 2,
            "eps": 3.7
        },
        "2011": {
            "cash": 4,
            "stock": 0,
            "eps": 3.41
        },
        "2012": {
            "cash": 4,
            "stock": 0,
            "eps": 2.57
        },
        "2013": {
            "cash": 3,
            "stock": 0,
            "eps": 5.42
        },
        "2014": {
            "cash": 5,
            "stock": 0,
            "eps": 6.63
        },
        "2015": {
            "cash": 5,
            "stock": 0,
            "eps": 6.44
        },
        "2016": {
            "cash": 5,
            "stock": 1,
            "eps": 6.76
        },
        "2017": {
            "cash": 5,
            "stock": 1,
            "eps": 5.45
        },
        "2018": {
            "cash": 5,
            "stock": 0,
            "eps": 11.03
        },
        "2019": {
            "cash": 8,
            "stock": 0,
            "eps": 8.01
        },
        "2020": {
            "cash": 7,
            "stock": 0,
            "eps": 17.13
        },
        "2021": {
            "cash": 12,
            "stock": 0,
            "eps": 21.37
        },
        "2022": {
            "cash": 15,
            "stock": 0,
            "eps": 36.11
        },
        "2023": {
            "cash": 20,
            "stock": 0,
            "eps": 4.17
        }
    },
    "dividends": {
        "2008-05-16": {
            "cash": 3,
            "stock": 3.5
        },
        "2009-04-03": {
            "cash": 4.96,
            "stock": 0.99
        },
        "2010-03-17": {
            "cash": 5,
            "stock": 2
        },
        "2011-03-23": {
            "cash": 4,
            "stock": 0
        },
        "2012-05-18": {
            "cash": 4,
            "stock": 0
        },
        "2013-05-22": {
            "cash": 3,
            "stock": 0
        },
        "2014-08-19": {
            "cash": 4.8,
            "stock": 0
        },
        "2015-08-07": {
            "cash": 5.2,
            "stock": 0
        },
        "2016-09-02": {
            "cash": 5,
            "stock": 0.5
        },
        "2017-09-13": {
            "cash": 5,
            "stock": 0.5
        },
        "2018-08-30": {
            "cash": 5,
            "stock": 0
        },
        "2019-07-31": {
            "cash": 8,
            "stock": 0
        },
        "2020-08-28": {
            "cash": 7,
            "stock": 0
        },
        "2021-10-08": {
            "cash": 11.5,
            "stock": 0
        },
        "2022-08-31": {
            "cash": 15,
            "stock": 0
        },
        "2023-03-07": {
            "cash": 20,
            "stock": 0
        }
    },
    "prices": {
        "200101": "無",
        "200102": "無",
        "200103": "無",
        "200104": "無",
        "200105": "無",
        "200106": "無",
        "200107": "無",
        "200108": "無",
        "200109": "無",
        "200110": "無",
        "200111": "無",
        "200112": "無",
        "200201": "無",
        "200202": "無",
        "200203": "無",
        "200204": "無",
        "200205": "無",
        "200206": "無",
        "200207": "無",
        "200208": "無",
        "200209": "無",
        "200210": "無",
        "200211": "無",
        "200212": "無",
        "200301": "無",
        "200302": "無",
        "200303": "無",
        "200304": "無",
        "200305": "無",
        "200306": "無",
        "200307": "無",
        "200308": "無",
        "200309": "無",
        "200310": "無",
        "200311": "無",
        "200312": "無",
        "200401": "無",
        "200402": "無",
        "200403": "無",
        "200404": "無",
        "200405": "無",
        "200406": "無",
        "200407": "無",
        "200408": "無",
        "200409": "無",
        "200410": "無",
        "200411": "無",
        "200412": "無",
        "200501": "無",
        "200502": "無",
        "200503": "無",
        "200504": "無",
        "200505": "無",
        "200506": "無",
        "200507": "無",
        "200508": "無",
        "200509": "無",
        "200510": "無",
        "200511": "無",
        "200512": "無",
        "200601": "無",
        "200602": "無",
        "200603": "無",
        "200604": "無",
        "200605": "無",
        "200606": "無",
        "200607": "無",
        "200608": "無",
        "200609": "無",
        "200610": "無",
        "200611": "無",
        "200612": "無",
        "200701": "無",
        "200702": "無",
        "200703": "無",
        "200704": "無",
        "200705": "無",
        "200706": "無",
        "200707": "無",
        "200708": "無",
        "200709": "無",
        "200710": "無",
        "200711": "無",
        "200712": "無",
        "200801": "無",
        "200802": "無",
        "200803": "無",
        "200804": "無",
        "200805": "無",
        "200806": "無",
        "200807": "無",
        "200808": "無",
        "200809": "89.10",
        "200810": "77.14",
        "200811": "60.68",
        "200812": "58.27",
        "200901": "57.47",
        "200902": "62.27",
        "200903": "79.87",
        "200904": "115.50",
        "200905": "159.67",
        "200906": "144.84",
        "200907": "139.04",
        "200908": "138.62",
        "200909": "130.12",
        "200910": "131.61",
        "200911": "131.26",
        "200912": "132.74",
        "201001": "140.14",
        "201002": "135.23",
        "201003": "138.04",
        "201004": "136.61",
        "201005": "110.11",
        "201006": "96.04",
        "201007": "83.07",
        "201008": "75.70",
        "201009": "78.92",
        "201010": "84.97",
        "201011": "84.84",
        "201012": "77.96",
        "201101": "71.30",
        "201102": "67.76",
        "201103": "63.01",
        "201104": "67.64",
        "201105": "66.39",
        "201106": "59.65",
        "201107": "52.61",
        "201108": "44.89",
        "201109": "37.85",
        "201110": "37.84",
        "201111": "40.21",
        "201112": "37.95",
        "201201": "44.24",
        "201202": "50.39",
        "201203": "51.16",
        "201204": "56.53",
        "201205": "56.29",
        "201206": "53.38",
        "201207": "49.67",
        "201208": "51.62",
        "201209": "48.50",
        "201210": "48.27",
        "201211": "41.72",
        "201212": "44.37",
        "201301": "45.72",
        "201302": "46.42",
        "201303": "46.57",
        "201304": "45.68",
        "201305": "49.81",
        "201306": "59.06",
        "201307": "65.83",
        "201308": "75.70",
        "201309": "80.26",
        "201310": "81.03",
        "201311": "73.82",
        "201312": "75.00",
        "201401": "75.47",
        "201402": "81.46",
        "201403": "90.97",
        "201404": "89.90",
        "201405": "111.58",
        "201406": "123.30",
        "201407": "106.66",
        "201408": "98.95",
        "201409": "97.80",
        "201410": "96.68",
        "201411": "93.66",
        "201412": "105.95",
        "201501": "118.50",
        "201502": "113.38",
        "201503": "115.89",
        "201504": "106.36",
        "201505": "88.56",
        "201506": "80.30",
        "201507": "76.65",
        "201508": "70.64",
        "201509": "83.50",
        "201510": "92.32",
        "201511": "101.35",
        "201512": "108.15",
        "201601": "98.35",
        "201602": "106.94",
        "201603": "110.85",
        "201604": "116.74",
        "201605": "147.36",
        "201606": "147.52",
        "201607": "148.18",
        "201608": "124.20",
        "201609": "122.21",
        "201610": "113.60",
        "201611": "105.27",
        "201612": "107.59",
        "201701": "109.94",
        "201702": "110.17",
        "201703": "108.74",
        "201704": "102.23",
        "201705": "96.81",
        "201706": "99.66",
        "201707": "103.67",
        "201708": "91.72",
        "201709": "85.52",
        "201710": "86.89",
        "201711": "94.84",
        "201712": "100.76",
        "201801": "98.11",
        "201802": "96.13",
        "201803": "103.23",
        "201804": "134.28",
        "201805": "151.77",
        "201806": "148.25",
        "201807": "153.09",
        "201808": "168.20",
        "201809": "150.84",
        "201810": "134.75",
        "201811": "144.64",
        "201812": "161.50",
        "201901": "183.90",
        "201902": "187.15",
        "201903": "175.00",
        "201904": "164.18",
        "201905": "142.18",
        "201906": "140.34",
        "201907": "141.70",
        "201908": "129.05",
        "201909": "138.42",
        "201910": "128.90",
        "201911": "125.36",
        "201912": "123.95",
        "202001": "136.70",
        "202002": "149.05",
        "202003": "158.82",
        "202004": "175.78",
        "202005": "248.50",
        "202006": "279.25",
        "202007": "253.41",
        "202008": "225.02",
        "202009": "195.84",
        "202010": "209.74",
        "202011": "217.29",
        "202012": "191.46",
        "202101": "180.82",
        "202102": "188.12",
        "202103": "184.64",
        "202104": "180.92",
        "202105": "186.00",
        "202106": "225.60",
        "202107": "220.23",
        "202108": "212.50",
        "202109": "201.98",
        "202110": "171.20",
        "202111": "171.52",
        "202112": "176.45",
        "202201": "188.03",
        "202202": "189.03",
        "202203": "183.87",
        "202204": "270.74",
        "202205": "231.52",
        "202206": "207.21",
        "202207": "199.17",
        "202208": "200.78",
        "202209": "183.50",
        "202210": "166.68",
        "202211": "181.59",
        "202212": "182.14",
        "202301": "179.08",
        "202302": "185.33",
        "202303": "189.28",
        "202304": "184.79",
        "202305": "181.63"
    },
    "quarters": {
        "20011": {
            "year_quarter": 20011,
            "year": 2001,
            "quarter": 1,
            "eps": null,
            "eps_growth_year": null,
            "eps_4q": null,
            "eps_4q_growth_year": null,
            "roe": null,
            "roe_4q": 0,
            "gross_profit": null,
            "gross_margin": null,
            "gross_margin_4q_avg": 0,
            "net_income": null,
            "revenue": null,
            "common_shares": null,
            "book_valuer_per_share": null,
            "book_valuer_per_share_4q_avg": 0,
            "equity": null,
            "current_ratio": null,
            "debt_ratio": null,
            "inventory_turnover_ratio": null,
            "account_receivable_turnover_ratio": null,
            "reinvestment_rate": null,
            "research_to_sale_ratio": null,
            "price_fair": 0,
            "eps_avg_yearly": 0,
            "eps_latest_yearly": 0,
            "eps_growth_yearly": 0
        },
        "20012": {
            "year_quarter": 20012,
            "year": 2001,
            "quarter": 2,
            "eps": null,
            "eps_growth_year": null,
            "eps_4q": null,
            "eps_4q_growth_year": null,
            "roe": null,
            "roe_4q": 0,
            "gross_profit": null,
            "gross_margin": null,
            "gross_margin_4q_avg": 0,
            "net_income": null,
            "revenue": null,
            "common_shares": null,
            "book_valuer_per_share": null,
            "book_valuer_per_share_4q_avg": 0,
            "equity": null,
            "current_ratio": null,
            "debt_ratio": null,
            "inventory_turnover_ratio": null,
            "account_receivable_turnover_ratio": null,
            "reinvestment_rate": null,
            "research_to_sale_ratio": null,
            "price_fair": 0,
            "eps_avg_yearly": 0,
            "eps_latest_yearly": 0,
            "eps_growth_yearly": 0
        },
        "20013": {
            "year_quarter": 20013,
            "year": 2001,
            "quarter": 3,
            "eps": null,
            "eps_growth_year": null,
            "eps_4q": null,
            "eps_4q_growth_year": null,
            "roe": null,
            "roe_4q": 0,
            "gross_profit": null,
            "gross_margin": null,
            "gross_margin_4q_avg": 0,
            "net_income": null,
            "revenue": null,
            "common_shares": null,
            "book_valuer_per_share": null,
            "book_valuer_per_share_4q_avg": 0,
            "equity": null,
            "current_ratio": null,
            "debt_ratio": null,
            "inventory_turnover_ratio": null,
            "account_receivable_turnover_ratio": null,
            "reinvestment_rate": null,
            "research_to_sale_ratio": null,
            "price_fair": 0,
            "eps_avg_yearly": 0,
            "eps_latest_yearly": 0,
            "eps_growth_yearly": 0
        },
        "20014": {
            "year_quarter": 20014,
            "year": 2001,
            "quarter": 4,
            "eps": null,
            "eps_growth_year": null,
            "eps_4q": null,
            "eps_4q_growth_year": null,
            "roe": null,
            "roe_4q": 0,
            "gross_profit": null,
            "gross_margin": null,
            "gross_margin_4q_avg": 0,
            "net_income": null,
            "revenue": null,
            "common_shares": null,
            "book_valuer_per_share": null,
            "book_valuer_per_share_4q_avg": 0,
            "equity": null,
            "current_ratio": null,
            "debt_ratio": null,
            "inventory_turnover_ratio": null,
            "account_receivable_turnover_ratio": null,
            "reinvestment_rate": null,
            "research_to_sale_ratio": null,
            "price_fair": 0,
            "eps_avg_yearly": 0,
            "eps_latest_yearly": 0,
            "eps_growth_yearly": 0
        },
        "20021": {
            "year_quarter": 20021,
            "year": 2002,
            "quarter": 1,
            "eps": null,
            "eps_growth_year": null,
            "eps_4q": null,
            "eps_4q_growth_year": null,
            "roe": null,
            "roe_4q": 0,
            "gross_profit": null,
            "gross_margin": null,
            "gross_margin_4q_avg": 0,
            "net_income": null,
            "revenue": null,
            "common_shares": null,
            "book_valuer_per_share": null,
            "book_valuer_per_share_4q_avg": 0,
            "equity": null,
            "current_ratio": null,
            "debt_ratio": null,
            "inventory_turnover_ratio": null,
            "account_receivable_turnover_ratio": null,
            "reinvestment_rate": null,
            "research_to_sale_ratio": null,
            "price_fair": 0,
            "eps_avg_yearly": 0,
            "eps_latest_yearly": 0,
            "eps_growth_yearly": 0
        },
        "20022": {
            "year_quarter": 20022,
            "year": 2002,
            "quarter": 2,
            "eps": null,
            "eps_growth_year": null,
            "eps_4q": null,
            "eps_4q_growth_year": null,
            "roe": null,
            "roe_4q": 0,
            "gross_profit": null,
            "gross_margin": null,
            "gross_margin_4q_avg": 0,
            "net_income": null,
            "revenue": null,
            "common_shares": null,
            "book_valuer_per_share": null,
            "book_valuer_per_share_4q_avg": 0,
            "equity": null,
            "current_ratio": null,
            "debt_ratio": null,
            "inventory_turnover_ratio": null,
            "account_receivable_turnover_ratio": null,
            "reinvestment_rate": null,
            "research_to_sale_ratio": null,
            "price_fair": 0,
            "eps_avg_yearly": 0,
            "eps_latest_yearly": 0,
            "eps_growth_yearly": 0
        },
        "20023": {
            "year_quarter": 20023,
            "year": 2002,
            "quarter": 3,
            "eps": null,
            "eps_growth_year": null,
            "eps_4q": null,
            "eps_4q_growth_year": null,
            "roe": null,
            "roe_4q": 0,
            "gross_profit": null,
            "gross_margin": null,
            "gross_margin_4q_avg": 0,
            "net_income": null,
            "revenue": null,
            "common_shares": null,
            "book_valuer_per_share": null,
            "book_valuer_per_share_4q_avg": 0,
            "equity": null,
            "current_ratio": null,
            "debt_ratio": null,
            "inventory_turnover_ratio": null,
            "account_receivable_turnover_ratio": null,
            "reinvestment_rate": null,
            "research_to_sale_ratio": null,
            "price_fair": 0,
            "eps_avg_yearly": 0,
            "eps_latest_yearly": 0,
            "eps_growth_yearly": 0
        },
        "20024": {
            "year_quarter": 20024,
            "year": 2002,
            "quarter": 4,
            "eps": null,
            "eps_growth_year": null,
            "eps_4q": null,
            "eps_4q_growth_year": null,
            "roe": null,
            "roe_4q": 0,
            "gross_profit": null,
            "gross_margin": null,
            "gross_margin_4q_avg": 0,
            "net_income": null,
            "revenue": null,
            "common_shares": null,
            "book_valuer_per_share": null,
            "book_valuer_per_share_4q_avg": 0,
            "equity": null,
            "current_ratio": null,
            "debt_ratio": null,
            "inventory_turnover_ratio": null,
            "account_receivable_turnover_ratio": null,
            "reinvestment_rate": null,
            "research_to_sale_ratio": null,
            "price_fair": 0,
            "eps_avg_yearly": 0,
            "eps_latest_yearly": 0,
            "eps_growth_yearly": 0
        },
        "20031": {
            "year_quarter": 20031,
            "year": 2003,
            "quarter": 1,
            "eps": null,
            "eps_growth_year": null,
            "eps_4q": null,
            "eps_4q_growth_year": null,
            "roe": null,
            "roe_4q": 0,
            "gross_profit": null,
            "gross_margin": null,
            "gross_margin_4q_avg": 0,
            "net_income": null,
            "revenue": null,
            "common_shares": null,
            "book_valuer_per_share": null,
            "book_valuer_per_share_4q_avg": 0,
            "equity": null,
            "current_ratio": null,
            "debt_ratio": null,
            "inventory_turnover_ratio": null,
            "account_receivable_turnover_ratio": null,
            "reinvestment_rate": null,
            "research_to_sale_ratio": null,
            "price_fair": 0,
            "eps_avg_yearly": 0,
            "eps_latest_yearly": 0,
            "eps_growth_yearly": 0
        },
        "20032": {
            "year_quarter": 20032,
            "year": 2003,
            "quarter": 2,
            "eps": null,
            "eps_growth_year": null,
            "eps_4q": null,
            "eps_4q_growth_year": null,
            "roe": null,
            "roe_4q": 0,
            "gross_profit": null,
            "gross_margin": null,
            "gross_margin_4q_avg": 0,
            "net_income": null,
            "revenue": null,
            "common_shares": null,
            "book_valuer_per_share": null,
            "book_valuer_per_share_4q_avg": 0,
            "equity": null,
            "current_ratio": null,
            "debt_ratio": null,
            "inventory_turnover_ratio": null,
            "account_receivable_turnover_ratio": null,
            "reinvestment_rate": null,
            "research_to_sale_ratio": null,
            "price_fair": 0,
            "eps_avg_yearly": 0,
            "eps_latest_yearly": 0,
            "eps_growth_yearly": 0
        },
        "20033": {
            "year_quarter": 20033,
            "year": 2003,
            "quarter": 3,
            "eps": null,
            "eps_growth_year": null,
            "eps_4q": null,
            "eps_4q_growth_year": null,
            "roe": null,
            "roe_4q": 0,
            "gross_profit": null,
            "gross_margin": null,
            "gross_margin_4q_avg": 0,
            "net_income": null,
            "revenue": null,
            "common_shares": null,
            "book_valuer_per_share": null,
            "book_valuer_per_share_4q_avg": 0,
            "equity": null,
            "current_ratio": null,
            "debt_ratio": null,
            "inventory_turnover_ratio": null,
            "account_receivable_turnover_ratio": null,
            "reinvestment_rate": null,
            "research_to_sale_ratio": null,
            "price_fair": 0,
            "eps_avg_yearly": 0,
            "eps_latest_yearly": 0,
            "eps_growth_yearly": 0
        },
        "20034": {
            "year_quarter": 20034,
            "year": 2003,
            "quarter": 4,
            "eps": null,
            "eps_growth_year": null,
            "eps_4q": null,
            "eps_4q_growth_year": null,
            "roe": null,
            "roe_4q": 0,
            "gross_profit": null,
            "gross_margin": null,
            "gross_margin_4q_avg": 0,
            "net_income": null,
            "revenue": null,
            "common_shares": 43000,
            "book_valuer_per_share": 12.5,
            "book_valuer_per_share_4q_avg": 3.13,
            "equity": 53757,
            "current_ratio": 183.74,
            "debt_ratio": 51.15,
            "inventory_turnover_ratio": null,
            "account_receivable_turnover_ratio": null,
            "reinvestment_rate": null,
            "research_to_sale_ratio": null,
            "price_fair": 0,
            "eps_avg_yearly": 0,
            "eps_latest_yearly": 0,
            "eps_growth_yearly": 0
        },
        "20041": {
            "year_quarter": 20041,
            "year": 2004,
            "quarter": 1,
            "eps": null,
            "eps_growth_year": null,
            "eps_4q": null,
            "eps_4q_growth_year": null,
            "roe": null,
            "roe_4q": 0,
            "gross_profit": null,
            "gross_margin": null,
            "gross_margin_4q_avg": 0,
            "net_income": null,
            "revenue": null,
            "common_shares": null,
            "book_valuer_per_share": null,
            "book_valuer_per_share_4q_avg": 3.13,
            "equity": null,
            "current_ratio": null,
            "debt_ratio": null,
            "inventory_turnover_ratio": null,
            "account_receivable_turnover_ratio": null,
            "reinvestment_rate": null,
            "research_to_sale_ratio": null,
            "price_fair": 0,
            "eps_avg_yearly": 0,
            "eps_latest_yearly": 0,
            "eps_growth_yearly": 0
        },
        "20042": {
            "year_quarter": 20042,
            "year": 2004,
            "quarter": 2,
            "eps": null,
            "eps_growth_year": null,
            "eps_4q": null,
            "eps_4q_growth_year": null,
            "roe": null,
            "roe_4q": 0,
            "gross_profit": null,
            "gross_margin": null,
            "gross_margin_4q_avg": 0,
            "net_income": null,
            "revenue": null,
            "common_shares": null,
            "book_valuer_per_share": null,
            "book_valuer_per_share_4q_avg": 3.13,
            "equity": null,
            "current_ratio": null,
            "debt_ratio": null,
            "inventory_turnover_ratio": null,
            "account_receivable_turnover_ratio": null,
            "reinvestment_rate": null,
            "research_to_sale_ratio": null,
            "price_fair": 0,
            "eps_avg_yearly": 0,
            "eps_latest_yearly": 0,
            "eps_growth_yearly": 0
        },
        "20043": {
            "year_quarter": 20043,
            "year": 2004,
            "quarter": 3,
            "eps": null,
            "eps_growth_year": null,
            "eps_4q": null,
            "eps_4q_growth_year": null,
            "roe": null,
            "roe_4q": 0,
            "gross_profit": null,
            "gross_margin": null,
            "gross_margin_4q_avg": 0,
            "net_income": null,
            "revenue": null,
            "common_shares": null,
            "book_valuer_per_share": null,
            "book_valuer_per_share_4q_avg": 3.13,
            "equity": null,
            "current_ratio": null,
            "debt_ratio": null,
            "inventory_turnover_ratio": null,
            "account_receivable_turnover_ratio": null,
            "reinvestment_rate": null,
            "research_to_sale_ratio": null,
            "price_fair": 0,
            "eps_avg_yearly": 0,
            "eps_latest_yearly": 0,
            "eps_growth_yearly": 0
        },
        "20044": {
            "year_quarter": 20044,
            "year": 2004,
            "quarter": 4,
            "eps": null,
            "eps_growth_year": null,
            "eps_4q": null,
            "eps_4q_growth_year": null,
            "roe": null,
            "roe_4q": 0,
            "gross_profit": null,
            "gross_margin": null,
            "gross_margin_4q_avg": 0,
            "net_income": null,
            "revenue": null,
            "common_shares": 60000,
            "book_valuer_per_share": 12.63,
            "book_valuer_per_share_4q_avg": 3.16,
            "equity": 75775,
            "current_ratio": 280.54,
            "debt_ratio": 50.88,
            "inventory_turnover_ratio": null,
            "account_receivable_turnover_ratio": null,
            "reinvestment_rate": null,
            "research_to_sale_ratio": null,
            "price_fair": 0,
            "eps_avg_yearly": 0,
            "eps_latest_yearly": 0,
            "eps_growth_yearly": 0
        },
        "20051": {
            "year_quarter": 20051,
            "year": 2005,
            "quarter": 1,
            "eps": null,
            "eps_growth_year": null,
            "eps_4q": null,
            "eps_4q_growth_year": null,
            "roe": null,
            "roe_4q": 0,
            "gross_profit": null,
            "gross_margin": null,
            "gross_margin_4q_avg": 0,
            "net_income": null,
            "revenue": null,
            "common_shares": null,
            "book_valuer_per_share": null,
            "book_valuer_per_share_4q_avg": 3.16,
            "equity": null,
            "current_ratio": null,
            "debt_ratio": null,
            "inventory_turnover_ratio": null,
            "account_receivable_turnover_ratio": null,
            "reinvestment_rate": null,
            "research_to_sale_ratio": null,
            "price_fair": 0,
            "eps_avg_yearly": 0,
            "eps_latest_yearly": 0,
            "eps_growth_yearly": 0
        },
        "20052": {
            "year_quarter": 20052,
            "year": 2005,
            "quarter": 2,
            "eps": null,
            "eps_growth_year": null,
            "eps_4q": null,
            "eps_4q_growth_year": null,
            "roe": null,
            "roe_4q": 0,
            "gross_profit": null,
            "gross_margin": null,
            "gross_margin_4q_avg": 0,
            "net_income": null,
            "revenue": null,
            "common_shares": null,
            "book_valuer_per_share": null,
            "book_valuer_per_share_4q_avg": 3.16,
            "equity": null,
            "current_ratio": null,
            "debt_ratio": null,
            "inventory_turnover_ratio": null,
            "account_receivable_turnover_ratio": null,
            "reinvestment_rate": null,
            "research_to_sale_ratio": null,
            "price_fair": 0,
            "eps_avg_yearly": 0,
            "eps_latest_yearly": 0,
            "eps_growth_yearly": 0
        },
        "20053": {
            "year_quarter": 20053,
            "year": 2005,
            "quarter": 3,
            "eps": null,
            "eps_growth_year": null,
            "eps_4q": null,
            "eps_4q_growth_year": null,
            "roe": null,
            "roe_4q": 0,
            "gross_profit": null,
            "gross_margin": null,
            "gross_margin_4q_avg": 0,
            "net_income": null,
            "revenue": null,
            "common_shares": null,
            "book_valuer_per_share": null,
            "book_valuer_per_share_4q_avg": 3.16,
            "equity": null,
            "current_ratio": null,
            "debt_ratio": null,
            "inventory_turnover_ratio": null,
            "account_receivable_turnover_ratio": null,
            "reinvestment_rate": null,
            "research_to_sale_ratio": null,
            "price_fair": 0,
            "eps_avg_yearly": 0,
            "eps_latest_yearly": 0,
            "eps_growth_yearly": 0
        },
        "20054": {
            "year_quarter": 20054,
            "year": 2005,
            "quarter": 4,
            "eps": null,
            "eps_growth_year": null,
            "eps_4q": null,
            "eps_4q_growth_year": null,
            "roe": null,
            "roe_4q": 0,
            "gross_profit": null,
            "gross_margin": null,
            "gross_margin_4q_avg": 0,
            "net_income": null,
            "revenue": null,
            "common_shares": 66000,
            "book_valuer_per_share": 16.97,
            "book_valuer_per_share_4q_avg": 4.24,
            "equity": 111982,
            "current_ratio": 153.94,
            "debt_ratio": 57.56,
            "inventory_turnover_ratio": null,
            "account_receivable_turnover_ratio": null,
            "reinvestment_rate": null,
            "research_to_sale_ratio": null,
            "price_fair": 0,
            "eps_avg_yearly": 0,
            "eps_latest_yearly": 0,
            "eps_growth_yearly": 0
        },
        "20061": {
            "year_quarter": 20061,
            "year": 2006,
            "quarter": 1,
            "eps": null,
            "eps_growth_year": null,
            "eps_4q": null,
            "eps_4q_growth_year": null,
            "roe": null,
            "roe_4q": 0,
            "gross_profit": null,
            "gross_margin": null,
            "gross_margin_4q_avg": 0,
            "net_income": null,
            "revenue": null,
            "common_shares": null,
            "book_valuer_per_share": null,
            "book_valuer_per_share_4q_avg": 4.24,
            "equity": null,
            "current_ratio": null,
            "debt_ratio": null,
            "inventory_turnover_ratio": null,
            "account_receivable_turnover_ratio": null,
            "reinvestment_rate": null,
            "research_to_sale_ratio": null,
            "price_fair": 0,
            "eps_avg_yearly": 0,
            "eps_latest_yearly": 0,
            "eps_growth_yearly": 0
        },
        "20062": {
            "year_quarter": 20062,
            "year": 2006,
            "quarter": 2,
            "eps": null,
            "eps_growth_year": null,
            "eps_4q": null,
            "eps_4q_growth_year": null,
            "roe": null,
            "roe_4q": 0,
            "gross_profit": null,
            "gross_margin": null,
            "gross_margin_4q_avg": 0,
            "net_income": null,
            "revenue": null,
            "common_shares": null,
            "book_valuer_per_share": null,
            "book_valuer_per_share_4q_avg": 4.24,
            "equity": null,
            "current_ratio": null,
            "debt_ratio": null,
            "inventory_turnover_ratio": null,
            "account_receivable_turnover_ratio": null,
            "reinvestment_rate": null,
            "research_to_sale_ratio": null,
            "price_fair": 0,
            "eps_avg_yearly": 0,
            "eps_latest_yearly": 0,
            "eps_growth_yearly": 0
        },
        "20063": {
            "year_quarter": 20063,
            "year": 2006,
            "quarter": 3,
            "eps": null,
            "eps_growth_year": null,
            "eps_4q": null,
            "eps_4q_growth_year": null,
            "roe": null,
            "roe_4q": 0,
            "gross_profit": null,
            "gross_margin": null,
            "gross_margin_4q_avg": 0,
            "net_income": null,
            "revenue": null,
            "common_shares": null,
            "book_valuer_per_share": null,
            "book_valuer_per_share_4q_avg": 4.24,
            "equity": null,
            "current_ratio": null,
            "debt_ratio": null,
            "inventory_turnover_ratio": null,
            "account_receivable_turnover_ratio": null,
            "reinvestment_rate": null,
            "research_to_sale_ratio": null,
            "price_fair": 0,
            "eps_avg_yearly": 0,
            "eps_latest_yearly": 0,
            "eps_growth_yearly": 0
        },
        "20064": {
            "year_quarter": 20064,
            "year": 2006,
            "quarter": 4,
            "eps": null,
            "eps_growth_year": null,
            "eps_4q": null,
            "eps_4q_growth_year": null,
            "roe": null,
            "roe_4q": 0,
            "gross_profit": null,
            "gross_margin": null,
            "gross_margin_4q_avg": 0,
            "net_income": null,
            "revenue": null,
            "common_shares": 135000,
            "book_valuer_per_share": 24.27,
            "book_valuer_per_share_4q_avg": 6.07,
            "equity": 327619,
            "current_ratio": 145.27,
            "debt_ratio": 39.85,
            "inventory_turnover_ratio": null,
            "account_receivable_turnover_ratio": null,
            "reinvestment_rate": null,
            "research_to_sale_ratio": null,
            "price_fair": 0,
            "eps_avg_yearly": 0,
            "eps_latest_yearly": 0,
            "eps_growth_yearly": 0
        },
        "20071": {
            "year_quarter": 20071,
            "year": 2007,
            "quarter": 1,
            "eps": null,
            "eps_growth_year": null,
            "eps_4q": null,
            "eps_4q_growth_year": null,
            "roe": null,
            "roe_4q": 0,
            "gross_profit": null,
            "gross_margin": null,
            "gross_margin_4q_avg": 0,
            "net_income": null,
            "revenue": null,
            "common_shares": null,
            "book_valuer_per_share": null,
            "book_valuer_per_share_4q_avg": 6.07,
            "equity": null,
            "current_ratio": null,
            "debt_ratio": null,
            "inventory_turnover_ratio": null,
            "account_receivable_turnover_ratio": null,
            "reinvestment_rate": null,
            "research_to_sale_ratio": null,
            "price_fair": 0,
            "eps_avg_yearly": 0,
            "eps_latest_yearly": 0,
            "eps_growth_yearly": 0
        },
        "20072": {
            "year_quarter": 20072,
            "year": 2007,
            "quarter": 2,
            "eps": null,
            "eps_growth_year": null,
            "eps_4q": null,
            "eps_4q_growth_year": null,
            "roe": null,
            "roe_4q": 0,
            "gross_profit": null,
            "gross_margin": null,
            "gross_margin_4q_avg": 0,
            "net_income": null,
            "revenue": null,
            "common_shares": null,
            "book_valuer_per_share": null,
            "book_valuer_per_share_4q_avg": 6.07,
            "equity": null,
            "current_ratio": null,
            "debt_ratio": null,
            "inventory_turnover_ratio": null,
            "account_receivable_turnover_ratio": null,
            "reinvestment_rate": null,
            "research_to_sale_ratio": null,
            "price_fair": 0,
            "eps_avg_yearly": 0,
            "eps_latest_yearly": 0,
            "eps_growth_yearly": 0
        },
        "20073": {
            "year_quarter": 20073,
            "year": 2007,
            "quarter": 3,
            "eps": null,
            "eps_growth_year": null,
            "eps_4q": null,
            "eps_4q_growth_year": null,
            "roe": null,
            "roe_4q": 0,
            "gross_profit": null,
            "gross_margin": null,
            "gross_margin_4q_avg": 0,
            "net_income": null,
            "revenue": null,
            "common_shares": null,
            "book_valuer_per_share": null,
            "book_valuer_per_share_4q_avg": 6.07,
            "equity": null,
            "current_ratio": null,
            "debt_ratio": null,
            "inventory_turnover_ratio": null,
            "account_receivable_turnover_ratio": null,
            "reinvestment_rate": null,
            "research_to_sale_ratio": null,
            "price_fair": 0,
            "eps_avg_yearly": 0,
            "eps_latest_yearly": 0,
            "eps_growth_yearly": 0
        },
        "20074": {
            "year_quarter": 20074,
            "year": 2007,
            "quarter": 4,
            "eps": null,
            "eps_growth_year": null,
            "eps_4q": null,
            "eps_4q_growth_year": null,
            "roe": null,
            "roe_4q": 0,
            "gross_profit": null,
            "gross_margin": null,
            "gross_margin_4q_avg": 0,
            "net_income": null,
            "revenue": null,
            "common_shares": 224200,
            "book_valuer_per_share": 26.25,
            "book_valuer_per_share_4q_avg": 6.56,
            "equity": 588490,
            "current_ratio": 176.07,
            "debt_ratio": 54.52,
            "inventory_turnover_ratio": null,
            "account_receivable_turnover_ratio": null,
            "reinvestment_rate": null,
            "research_to_sale_ratio": null,
            "price_fair": 0,
            "eps_avg_yearly": 0,
            "eps_latest_yearly": 0,
            "eps_growth_yearly": 0
        },
        "20081": {
            "year_quarter": 20081,
            "year": 2008,
            "quarter": 1,
            "eps": null,
            "eps_growth_year": null,
            "eps_4q": null,
            "eps_4q_growth_year": null,
            "roe": null,
            "roe_4q": 0,
            "gross_profit": null,
            "gross_margin": null,
            "gross_margin_4q_avg": 0,
            "net_income": null,
            "revenue": null,
            "common_shares": null,
            "book_valuer_per_share": null,
            "book_valuer_per_share_4q_avg": 6.56,
            "equity": null,
            "current_ratio": null,
            "debt_ratio": null,
            "inventory_turnover_ratio": null,
            "account_receivable_turnover_ratio": null,
            "reinvestment_rate": null,
            "research_to_sale_ratio": null,
            "price_fair": 0,
            "eps_avg_yearly": 0,
            "eps_latest_yearly": 0,
            "eps_growth_yearly": 0
        },
        "20082": {
            "year_quarter": 20082,
            "year": 2008,
            "quarter": 2,
            "eps": null,
            "eps_growth_year": null,
            "eps_4q": null,
            "eps_4q_growth_year": null,
            "roe": null,
            "roe_4q": 0,
            "gross_profit": null,
            "gross_margin": null,
            "gross_margin_4q_avg": 0,
            "net_income": null,
            "revenue": null,
            "common_shares": null,
            "book_valuer_per_share": null,
            "book_valuer_per_share_4q_avg": 6.56,
            "equity": null,
            "current_ratio": null,
            "debt_ratio": null,
            "inventory_turnover_ratio": null,
            "account_receivable_turnover_ratio": null,
            "reinvestment_rate": null,
            "research_to_sale_ratio": null,
            "price_fair": 0,
            "eps_avg_yearly": 0,
            "eps_latest_yearly": 0,
            "eps_growth_yearly": 0
        },
        "20083": {
            "year_quarter": 20083,
            "year": 2008,
            "quarter": 3,
            "eps": null,
            "eps_growth_year": null,
            "eps_4q": null,
            "eps_4q_growth_year": null,
            "roe": null,
            "roe_4q": 0,
            "gross_profit": null,
            "gross_margin": null,
            "gross_margin_4q_avg": 0,
            "net_income": null,
            "revenue": null,
            "common_shares": null,
            "book_valuer_per_share": null,
            "book_valuer_per_share_4q_avg": 6.56,
            "equity": null,
            "current_ratio": null,
            "debt_ratio": null,
            "inventory_turnover_ratio": null,
            "account_receivable_turnover_ratio": null,
            "reinvestment_rate": null,
            "research_to_sale_ratio": null,
            "price_fair": 0,
            "eps_avg_yearly": 0,
            "eps_latest_yearly": 0,
            "eps_growth_yearly": 0
        },
        "20084": {
            "year_quarter": 20084,
            "year": 2008,
            "quarter": 4,
            "eps": null,
            "eps_growth_year": null,
            "eps_4q": null,
            "eps_4q_growth_year": null,
            "roe": null,
            "roe_4q": 0,
            "gross_profit": null,
            "gross_margin": null,
            "gross_margin_4q_avg": 0,
            "net_income": null,
            "revenue": null,
            "common_shares": 373210,
            "book_valuer_per_share": 23.31,
            "book_valuer_per_share_4q_avg": 5.83,
            "equity": 1002353,
            "current_ratio": 173.71,
            "debt_ratio": 50.13,
            "inventory_turnover_ratio": null,
            "account_receivable_turnover_ratio": null,
            "reinvestment_rate": null,
            "research_to_sale_ratio": null,
            "price_fair": 0,
            "eps_avg_yearly": 0,
            "eps_latest_yearly": 0,
            "eps_growth_yearly": 0
        },
        "20091": {
            "year_quarter": 20091,
            "year": 2009,
            "quarter": 1,
            "eps": null,
            "eps_growth_year": null,
            "eps_4q": null,
            "eps_4q_growth_year": null,
            "roe": null,
            "roe_4q": 0,
            "gross_profit": 0,
            "gross_margin": null,
            "gross_margin_4q_avg": 0,
            "net_income": 0,
            "revenue": 0,
            "common_shares": 0,
            "book_valuer_per_share": null,
            "book_valuer_per_share_4q_avg": 5.83,
            "equity": 0,
            "current_ratio": null,
            "debt_ratio": null,
            "inventory_turnover_ratio": null,
            "account_receivable_turnover_ratio": null,
            "reinvestment_rate": null,
            "research_to_sale_ratio": null,
            "price_fair": 0,
            "eps_avg_yearly": 0,
            "eps_latest_yearly": 0,
            "eps_growth_yearly": 0
        },
        "20092": {
            "year_quarter": 20092,
            "year": 2009,
            "quarter": 2,
            "eps": null,
            "eps_growth_year": null,
            "eps_4q": null,
            "eps_4q_growth_year": null,
            "roe": null,
            "roe_4q": 0,
            "gross_profit": 473421,
            "gross_margin": null,
            "gross_margin_4q_avg": 0,
            "net_income": 209394,
            "revenue": 1060648,
            "common_shares": 439241,
            "book_valuer_per_share": null,
            "book_valuer_per_share_4q_avg": 5.83,
            "equity": 1119621,
            "current_ratio": null,
            "debt_ratio": null,
            "inventory_turnover_ratio": null,
            "account_receivable_turnover_ratio": null,
            "reinvestment_rate": null,
            "research_to_sale_ratio": null,
            "price_fair": 0,
            "eps_avg_yearly": 0,
            "eps_latest_yearly": 0,
            "eps_growth_yearly": 0
        },
        "20093": {
            "year_quarter": 20093,
            "year": 2009,
            "quarter": 3,
            "eps": 1.41,
            "eps_growth_year": null,
            "eps_4q": null,
            "eps_4q_growth_year": null,
            "roe": 5.63,
            "roe_4q": 5.63,
            "gross_profit": 185476,
            "gross_margin": 45.56,
            "gross_margin_4q_avg": 11.39,
            "net_income": 72916,
            "revenue": 407102,
            "common_shares": 469241,
            "book_valuer_per_share": 31.39,
            "book_valuer_per_share_4q_avg": 13.68,
            "equity": 1472835,
            "current_ratio": 302.81,
            "debt_ratio": 32.64,
            "inventory_turnover_ratio": 0.62,
            "account_receivable_turnover_ratio": 1.36,
            "reinvestment_rate": null,
            "research_to_sale_ratio": null,
            "price_fair": 0,
            "eps_avg_yearly": 0,
            "eps_latest_yearly": 0,
            "eps_growth_yearly": 0
        },
        "20094": {
            "year_quarter": 20094,
            "year": 2009,
            "quarter": 4,
            "eps": 2.13,
            "eps_growth_year": null,
            "eps_4q": 3.52,
            "eps_4q_growth_year": null,
            "roe": 5.83,
            "roe_4q": 11.46,
            "gross_profit": 230461,
            "gross_margin": 44.03,
            "gross_margin_4q_avg": 22.4,
            "net_income": 92488,
            "revenue": 523394,
            "common_shares": 469241,
            "book_valuer_per_share": 33.34,
            "book_valuer_per_share_4q_avg": 16.18,
            "equity": 1701029,
            "current_ratio": 227.37,
            "debt_ratio": 36.07,
            "inventory_turnover_ratio": 0.82,
            "account_receivable_turnover_ratio": 2.41,
            "reinvestment_rate": null,
            "research_to_sale_ratio": null,
            "price_fair": 298.2,
            "eps_avg_yearly": 8.52,
            "eps_latest_yearly": 8.52,
            "eps_growth_yearly": 204.26
        },
        "20101": {
            "year_quarter": 20101,
            "year": 2010,
            "quarter": 1,
            "eps": 0.82,
            "eps_growth_year": null,
            "eps_4q": 4.35,
            "eps_4q_growth_year": null,
            "roe": 1.71,
            "roe_4q": 13.17,
            "gross_profit": 175624,
            "gross_margin": 40.5,
            "gross_margin_4q_avg": 32.52,
            "net_income": 29463,
            "revenue": 433622,
            "common_shares": 469241,
            "book_valuer_per_share": 0,
            "book_valuer_per_share_4q_avg": 16.18,
            "equity": 1748583,
            "current_ratio": 218.34,
            "debt_ratio": 36.36,
            "inventory_turnover_ratio": 0.61,
            "account_receivable_turnover_ratio": 0.98,
            "reinvestment_rate": null,
            "research_to_sale_ratio": 11.44,
            "price_fair": 17.7,
            "eps_avg_yearly": 5.9,
            "eps_latest_yearly": 3.28,
            "eps_growth_yearly": -20.88
        },
        "20102": {
            "year_quarter": 20102,
            "year": 2010,
            "quarter": 2,
            "eps": 0.79,
            "eps_growth_year": null,
            "eps_4q": 4.35,
            "eps_4q_growth_year": null,
            "roe": 2.79,
            "roe_4q": 15.96,
            "gross_profit": 177357,
            "gross_margin": 31.7,
            "gross_margin_4q_avg": 40.45,
            "net_income": 46533,
            "revenue": 559538,
            "common_shares": 469241,
            "book_valuer_per_share": 30.84,
            "book_valuer_per_share_4q_avg": 23.89,
            "equity": 1590418,
            "current_ratio": 168.85,
            "debt_ratio": 42.12,
            "inventory_turnover_ratio": 0.79,
            "account_receivable_turnover_ratio": 1.11,
            "reinvestment_rate": null,
            "research_to_sale_ratio": 7.63,
            "price_fair": 14.96,
            "eps_avg_yearly": 4.99,
            "eps_latest_yearly": 3.16,
            "eps_growth_yearly": -18.8
        },
        "20103": {
            "year_quarter": 20103,
            "year": 2010,
            "quarter": 3,
            "eps": 1.55,
            "eps_growth_year": 10.04,
            "eps_4q": 4.63,
            "eps_4q_growth_year": null,
            "roe": 5.13,
            "roe_4q": 15.459999999999999,
            "gross_profit": 223537,
            "gross_margin": 39.97,
            "gross_margin_4q_avg": 39.05,
            "net_income": 83851,
            "revenue": 559222,
            "common_shares": 573089,
            "book_valuer_per_share": 26.82,
            "book_valuer_per_share_4q_avg": 22.75,
            "equity": 1675912,
            "current_ratio": 187.11,
            "debt_ratio": 39.02,
            "inventory_turnover_ratio": 0.66,
            "account_receivable_turnover_ratio": 0.97,
            "reinvestment_rate": null,
            "research_to_sale_ratio": 8.26,
            "price_fair": 185.15,
            "eps_avg_yearly": 5.29,
            "eps_latest_yearly": 6.2,
            "eps_growth_yearly": 82.11
        },
        "20104": {
            "year_quarter": 20104,
            "year": 2010,
            "quarter": 4,
            "eps": 0.54,
            "eps_growth_year": -74.71,
            "eps_4q": 3.19,
            "eps_4q_growth_year": -9.53,
            "roe": 1.89,
            "roe_4q": 11.52,
            "gross_profit": 226779,
            "gross_margin": 41.19,
            "gross_margin_4q_avg": 38.34,
            "net_income": 37165,
            "revenue": 550508,
            "common_shares": 653089,
            "book_valuer_per_share": 32.57,
            "book_valuer_per_share_4q_avg": 22.56,
            "equity": 2266698,
            "current_ratio": 349.78,
            "debt_ratio": 26.23,
            "inventory_turnover_ratio": 0.61,
            "account_receivable_turnover_ratio": 0.93,
            "reinvestment_rate": null,
            "research_to_sale_ratio": 7.62,
            "price_fair": 109.86,
            "eps_avg_yearly": 4.66,
            "eps_latest_yearly": 2.16,
            "eps_growth_yearly": 13.56
        },
        "20111": {
            "year_quarter": 20111,
            "year": 2011,
            "quarter": 1,
            "eps": 0.98,
            "eps_growth_year": 19.51,
            "eps_4q": 3.57,
            "eps_4q_growth_year": -17.82,
            "roe": 2.35,
            "roe_4q": 12.16,
            "gross_profit": 181191,
            "gross_margin": 38.77,
            "gross_margin_4q_avg": 37.91,
            "net_income": 53800,
            "revenue": 467383,
            "common_shares": 653089,
            "book_valuer_per_share": 33.55,
            "book_valuer_per_share_4q_avg": 30.95,
            "equity": 2320089,
            "current_ratio": 301.28,
            "debt_ratio": 25.56,
            "inventory_turnover_ratio": 0.54,
            "account_receivable_turnover_ratio": 0.78,
            "reinvestment_rate": null,
            "research_to_sale_ratio": 8.68,
            "price_fair": 158.9,
            "eps_avg_yearly": 4.54,
            "eps_latest_yearly": 3.92,
            "eps_growth_yearly": 65.62
        },
        "20112": {
            "year_quarter": 20112,
            "year": 2011,
            "quarter": 2,
            "eps": -0.22,
            "eps_growth_year": -128.23,
            "eps_4q": 2.75,
            "eps_4q_growth_year": -36.9,
            "roe": -1.16,
            "roe_4q": 8.21,
            "gross_profit": 129034,
            "gross_margin": 30.71,
            "gross_margin_4q_avg": 37.66,
            "net_income": -24487,
            "revenue": 420124,
            "common_shares": 653089,
            "book_valuer_per_share": 28.11,
            "book_valuer_per_share_4q_avg": 30.26,
            "equity": 1896281,
            "current_ratio": 191.66,
            "debt_ratio": 35.16,
            "inventory_turnover_ratio": 0.56,
            "account_receivable_turnover_ratio": 0.71,
            "reinvestment_rate": null,
            "research_to_sale_ratio": 9.31,
            "price_fair": 158.9,
            "eps_avg_yearly": 4.54,
            "eps_latest_yearly": 3.92,
            "eps_growth_yearly": 65.62
        },
        "20113": {
            "year_quarter": 20113,
            "year": 2011,
            "quarter": 3,
            "eps": 1.27,
            "eps_growth_year": -17.91,
            "eps_4q": 2.61,
            "eps_4q_growth_year": -43.57,
            "roe": 3.76,
            "roe_4q": 6.839999999999999,
            "gross_profit": 177714,
            "gross_margin": 32.95,
            "gross_margin_4q_avg": 35.91,
            "net_income": 72806,
            "revenue": 539326,
            "common_shares": 632029,
            "book_valuer_per_share": 29.45,
            "book_valuer_per_share_4q_avg": 30.92,
            "equity": 1974329,
            "current_ratio": 226.68,
            "debt_ratio": 30.46,
            "inventory_turnover_ratio": 0.71,
            "account_receivable_turnover_ratio": 0.84,
            "reinvestment_rate": null,
            "research_to_sale_ratio": 7.89,
            "price_fair": 158.9,
            "eps_avg_yearly": 4.54,
            "eps_latest_yearly": 3.92,
            "eps_growth_yearly": 65.62
        },
        "20114": {
            "year_quarter": 20114,
            "year": 2011,
            "quarter": 4,
            "eps": 1.38,
            "eps_growth_year": 155.74,
            "eps_4q": 3.44,
            "eps_4q_growth_year": 7.74,
            "roe": 4.13,
            "roe_4q": 9.08,
            "gross_profit": 265995,
            "gross_margin": 43.37,
            "gross_margin_4q_avg": 36.45,
            "net_income": 83147,
            "revenue": 613361,
            "common_shares": 632029,
            "book_valuer_per_share": 30.8,
            "book_valuer_per_share_4q_avg": 30.48,
            "equity": 2054890,
            "current_ratio": 214.86,
            "debt_ratio": 32.2,
            "inventory_turnover_ratio": 0.71,
            "account_receivable_turnover_ratio": 0.98,
            "reinvestment_rate": null,
            "research_to_sale_ratio": 6.85,
            "price_fair": 163.8,
            "eps_avg_yearly": 4.68,
            "eps_latest_yearly": 5.52,
            "eps_growth_yearly": 61.19
        },
        "20121": {
            "year_quarter": 20121,
            "year": 2012,
            "quarter": 1,
            "eps": 0.79,
            "eps_growth_year": -19.39,
            "eps_4q": 3.22,
            "eps_4q_growth_year": -10.03,
            "roe": 2.17,
            "roe_4q": 8.899999999999999,
            "gross_profit": 191832,
            "gross_margin": 36.12,
            "gross_margin_4q_avg": 35.79,
            "net_income": 45144,
            "revenue": 531115,
            "common_shares": 632029,
            "book_valuer_per_share": 31.58,
            "book_valuer_per_share_4q_avg": 29.99,
            "equity": 2099525,
            "current_ratio": 205.25,
            "debt_ratio": 34.29,
            "inventory_turnover_ratio": 0.66,
            "account_receivable_turnover_ratio": 1.04,
            "reinvestment_rate": null,
            "research_to_sale_ratio": 6.84,
            "price_fair": 157.15,
            "eps_avg_yearly": 4.49,
            "eps_latest_yearly": 3.16,
            "eps_growth_yearly": 32.17
        },
        "20122": {
            "year_quarter": 20122,
            "year": 2012,
            "quarter": 2,
            "eps": 0.15,
            "eps_growth_year": null,
            "eps_4q": 3.59,
            "eps_4q_growth_year": 30.46,
            "roe": -0.09,
            "roe_4q": 9.969999999999999,
            "gross_profit": 177832,
            "gross_margin": 29.7,
            "gross_margin_4q_avg": 35.54,
            "net_income": -1699,
            "revenue": 598805,
            "common_shares": 632029,
            "book_valuer_per_share": 27.82,
            "book_valuer_per_share_4q_avg": 29.91,
            "equity": 1866816,
            "current_ratio": 162.31,
            "debt_ratio": 41.54,
            "inventory_turnover_ratio": 0.77,
            "account_receivable_turnover_ratio": 1.18,
            "reinvestment_rate": null,
            "research_to_sale_ratio": 6.89,
            "price_fair": 12.17,
            "eps_avg_yearly": 4.06,
            "eps_latest_yearly": 0.6,
            "eps_growth_yearly": -7.41
        },
        "20123": {
            "year_quarter": 20123,
            "year": 2012,
            "quarter": 3,
            "eps": 0.68,
            "eps_growth_year": -46.92,
            "eps_4q": 2.99,
            "eps_4q_growth_year": 14.25,
            "roe": 1.87,
            "roe_4q": 8.08,
            "gross_profit": 209021,
            "gross_margin": 32.6,
            "gross_margin_4q_avg": 35.45,
            "net_income": 35306,
            "revenue": 641145,
            "common_shares": 632029,
            "book_valuer_per_share": 28.5,
            "book_valuer_per_share_4q_avg": 29.68,
            "equity": 1903116,
            "current_ratio": 159.88,
            "debt_ratio": 38.77,
            "inventory_turnover_ratio": 0.84,
            "account_receivable_turnover_ratio": 1.11,
            "reinvestment_rate": null,
            "research_to_sale_ratio": 6.73,
            "price_fair": 137.34,
            "eps_avg_yearly": 3.92,
            "eps_latest_yearly": 2.72,
            "eps_growth_yearly": 134.66
        },
        "20124": {
            "year_quarter": 20124,
            "year": 2012,
            "quarter": 4,
            "eps": 0.95,
            "eps_growth_year": -31.04,
            "eps_4q": 2.56,
            "eps_4q_growth_year": -25.5,
            "roe": 3.16,
            "roe_4q": 7.11,
            "gross_profit": 221802,
            "gross_margin": 34.35,
            "gross_margin_4q_avg": 33.19,
            "net_income": 61068,
            "revenue": 645619,
            "common_shares": 632029,
            "book_valuer_per_share": 29.39,
            "book_valuer_per_share_4q_avg": 29.32,
            "equity": 1960103,
            "current_ratio": 170.32,
            "debt_ratio": 36.16,
            "inventory_turnover_ratio": 0.89,
            "account_receivable_turnover_ratio": 1.09,
            "reinvestment_rate": 72.96,
            "research_to_sale_ratio": 6.98,
            "price_fair": 136.95,
            "eps_avg_yearly": 3.91,
            "eps_latest_yearly": 3.8,
            "eps_growth_yearly": 136.86
        },
        "20131": {
            "year_quarter": 20131,
            "year": 2013,
            "quarter": 1,
            "eps": 1.62,
            "eps_growth_year": 105.06,
            "eps_4q": 3.39,
            "eps_4q_growth_year": 5.58,
            "roe": 4.97,
            "roe_4q": 9.91,
            "gross_profit": 262315,
            "gross_margin": 50.28,
            "gross_margin_4q_avg": 36.73,
            "net_income": 99827,
            "revenue": 521685,
            "common_shares": 632029,
            "book_valuer_per_share": 30.99,
            "book_valuer_per_share_4q_avg": 29.18,
            "equity": 2058013,
            "current_ratio": 184.75,
            "debt_ratio": 33.48,
            "inventory_turnover_ratio": 0.53,
            "account_receivable_turnover_ratio": 0.83,
            "reinvestment_rate": 120.65,
            "research_to_sale_ratio": 7.94,
            "price_fair": 144.43,
            "eps_avg_yearly": 4.13,
            "eps_latest_yearly": 6.48,
            "eps_growth_yearly": 148.96
        },
        "20132": {
            "year_quarter": 20132,
            "year": 2013,
            "quarter": 2,
            "eps": 1.49,
            "eps_growth_year": 923.72,
            "eps_4q": 4.73,
            "eps_4q_growth_year": 32.02,
            "roe": 4.54,
            "roe_4q": 14.54,
            "gross_profit": 267717,
            "gross_margin": 44.47,
            "gross_margin_4q_avg": 40.43,
            "net_income": 91113,
            "revenue": 602024,
            "common_shares": 632029,
            "book_valuer_per_share": 29.47,
            "book_valuer_per_share_4q_avg": 29.59,
            "equity": 1959449,
            "current_ratio": 129.47,
            "debt_ratio": 42.9,
            "inventory_turnover_ratio": 0.67,
            "account_receivable_turnover_ratio": 0.86,
            "reinvestment_rate": 42.79,
            "research_to_sale_ratio": 5.7,
            "price_fair": 149.37,
            "eps_avg_yearly": 4.27,
            "eps_latest_yearly": 5.96,
            "eps_growth_yearly": 135.03
        },
        "20133": {
            "year_quarter": 20133,
            "year": 2013,
            "quarter": 3,
            "eps": 0.68,
            "eps_growth_year": 0.57,
            "eps_4q": 4.74,
            "eps_4q_growth_year": 58.81,
            "roe": 1.89,
            "roe_4q": 14.559999999999999,
            "gross_profit": 262653,
            "gross_margin": 43.85,
            "gross_margin_4q_avg": 43.24,
            "net_income": 37657,
            "revenue": 598967,
            "common_shares": 632029,
            "book_valuer_per_share": 30.24,
            "book_valuer_per_share_4q_avg": 30.02,
            "equity": 2019477,
            "current_ratio": 248.58,
            "debt_ratio": 39.58,
            "inventory_turnover_ratio": 0.65,
            "account_receivable_turnover_ratio": 0.88,
            "reinvestment_rate": 35.08,
            "research_to_sale_ratio": 7.01,
            "price_fair": 145.5,
            "eps_avg_yearly": 4.16,
            "eps_latest_yearly": 2.72,
            "eps_growth_yearly": 109.86
        },
        "20134": {
            "year_quarter": 20134,
            "year": 2013,
            "quarter": 4,
            "eps": 1.63,
            "eps_growth_year": 71.26,
            "eps_4q": 5.42,
            "eps_4q_growth_year": 111.78,
            "roe": 4.49,
            "roe_4q": 15.89,
            "gross_profit": 227057,
            "gross_margin": 39.06,
            "gross_margin_4q_avg": 44.42,
            "net_income": 92808,
            "revenue": 581361,
            "common_shares": 632029,
            "book_valuer_per_share": 31.86,
            "book_valuer_per_share_4q_avg": 30.64,
            "equity": 2113045,
            "current_ratio": 351.97,
            "debt_ratio": 33.77,
            "inventory_turnover_ratio": 0.69,
            "account_receivable_turnover_ratio": 0.98,
            "reinvestment_rate": -6.5,
            "research_to_sale_ratio": 7.16,
            "price_fair": 140.5,
            "eps_avg_yearly": 4.01,
            "eps_latest_yearly": 6.52,
            "eps_growth_yearly": 135.18
        },
        "20141": {
            "year_quarter": 20141,
            "year": 2014,
            "quarter": 1,
            "eps": 1.8,
            "eps_growth_year": 11.11,
            "eps_4q": 5.6,
            "eps_4q_growth_year": 64.96,
            "roe": 4.98,
            "roe_4q": 15.900000000000002,
            "gross_profit": 272616,
            "gross_margin": 46.48,
            "gross_margin_4q_avg": 43.47,
            "net_income": 108166,
            "revenue": 586539,
            "common_shares": 632029,
            "book_valuer_per_share": 33.69,
            "book_valuer_per_share_4q_avg": 31.32,
            "equity": 2226631,
            "current_ratio": 371.15,
            "debt_ratio": 33.02,
            "inventory_turnover_ratio": 0.63,
            "account_receivable_turnover_ratio": 1.03,
            "reinvestment_rate": -16.79,
            "research_to_sale_ratio": 6.51,
            "price_fair": 150.3,
            "eps_avg_yearly": 4.29,
            "eps_latest_yearly": 7.2,
            "eps_growth_yearly": 155.74
        },
        "20142": {
            "year_quarter": 20142,
            "year": 2014,
            "quarter": 2,
            "eps": 1,
            "eps_growth_year": -32.89,
            "eps_4q": 4.92,
            "eps_4q_growth_year": 4.01,
            "roe": 2.85,
            "roe_4q": 14.21,
            "gross_profit": 243828,
            "gross_margin": 40.85,
            "gross_margin_4q_avg": 42.56,
            "net_income": 63012,
            "revenue": 596840,
            "common_shares": 657979,
            "book_valuer_per_share": 31.82,
            "book_valuer_per_share_4q_avg": 31.9,
            "equity": 2189726,
            "current_ratio": 232.91,
            "debt_ratio": 36.71,
            "inventory_turnover_ratio": 0.71,
            "account_receivable_turnover_ratio": 1.03,
            "reinvestment_rate": -25.77,
            "research_to_sale_ratio": 5.4,
            "price_fair": 152.4,
            "eps_avg_yearly": 4.35,
            "eps_latest_yearly": 4,
            "eps_growth_yearly": 144.08
        },
        "20143": {
            "year_quarter": 20143,
            "year": 2014,
            "quarter": 3,
            "eps": 2.27,
            "eps_growth_year": 233.82,
            "eps_4q": 6.46,
            "eps_4q_growth_year": 36.08,
            "roe": 6.42,
            "roe_4q": 18.740000000000002,
            "gross_profit": 336732,
            "gross_margin": 50.15,
            "gross_margin_4q_avg": 44.14,
            "net_income": 145528,
            "revenue": 671478,
            "common_shares": 660525,
            "book_valuer_per_share": 34.16,
            "book_valuer_per_share_4q_avg": 32.88,
            "equity": 2346258,
            "current_ratio": 164.67,
            "debt_ratio": 37.48,
            "inventory_turnover_ratio": 0.67,
            "account_receivable_turnover_ratio": 1.13,
            "reinvestment_rate": -24.98,
            "research_to_sale_ratio": 6.28,
            "price_fair": 159.6,
            "eps_avg_yearly": 4.56,
            "eps_latest_yearly": 9.08,
            "eps_growth_yearly": 152.88
        },
        "20144": {
            "year_quarter": 20144,
            "year": 2014,
            "quarter": 4,
            "eps": 1.56,
            "eps_growth_year": -4.12,
            "eps_4q": 6.41,
            "eps_4q_growth_year": 18.28,
            "roe": 3.97,
            "roe_4q": 18.22,
            "gross_profit": 262651,
            "gross_margin": 39.44,
            "gross_margin_4q_avg": 44.23,
            "net_income": 95988,
            "revenue": 666022,
            "common_shares": 666930,
            "book_valuer_per_share": 36.12,
            "book_valuer_per_share_4q_avg": 33.95,
            "equity": 2488987,
            "current_ratio": 172.97,
            "debt_ratio": 37.13,
            "inventory_turnover_ratio": 0.86,
            "account_receivable_turnover_ratio": 1.03,
            "reinvestment_rate": -24.07,
            "research_to_sale_ratio": 6.66,
            "price_fair": 169.8,
            "eps_avg_yearly": 4.85,
            "eps_latest_yearly": 6.24,
            "eps_growth_yearly": 162.56
        },
        "20151": {
            "year_quarter": 20151,
            "year": 2015,
            "quarter": 1,
            "eps": 0.25,
            "eps_growth_year": -86.11,
            "eps_4q": 4.78,
            "eps_4q_growth_year": -14.66,
            "roe": 0.66,
            "roe_4q": 13.9,
            "gross_profit": 247346,
            "gross_margin": 45.89,
            "gross_margin_4q_avg": 44.08,
            "net_income": 17244,
            "revenue": 538952,
            "common_shares": 691936,
            "book_valuer_per_share": 38.01,
            "book_valuer_per_share_4q_avg": 35.03,
            "equity": 2711028,
            "current_ratio": 364.38,
            "debt_ratio": 32.35,
            "inventory_turnover_ratio": 0.63,
            "account_receivable_turnover_ratio": 0.89,
            "reinvestment_rate": -25.8,
            "research_to_sale_ratio": 5.91,
            "price_fair": 162.5,
            "eps_avg_yearly": 4.64,
            "eps_latest_yearly": 1,
            "eps_growth_yearly": 115.29
        },
        "20152": {
            "year_quarter": 20152,
            "year": 2015,
            "quarter": 2,
            "eps": 1.38,
            "eps_growth_year": 38,
            "eps_4q": 5.22,
            "eps_4q_growth_year": 6.06,
            "roe": 3.44,
            "roe_4q": 14.49,
            "gross_profit": 287709,
            "gross_margin": 43.97,
            "gross_margin_4q_avg": 44.86,
            "net_income": 88546,
            "revenue": 654289,
            "common_shares": 691936,
            "book_valuer_per_share": 34.19,
            "book_valuer_per_share_4q_avg": 35.62,
            "equity": 2439037,
            "current_ratio": 227.73,
            "debt_ratio": 41.68,
            "inventory_turnover_ratio": 0.72,
            "account_receivable_turnover_ratio": 1.15,
            "reinvestment_rate": -30.41,
            "research_to_sale_ratio": 7.78,
            "price_fair": 164.55,
            "eps_avg_yearly": 4.7,
            "eps_latest_yearly": 5.52,
            "eps_growth_yearly": 228.14
        },
        "20153": {
            "year_quarter": 20153,
            "year": 2015,
            "quarter": 3,
            "eps": 3.25,
            "eps_growth_year": 43.17,
            "eps_4q": 6.34,
            "eps_4q_growth_year": -1.8,
            "roe": 8.71,
            "roe_4q": 16.78,
            "gross_profit": 356460,
            "gross_margin": 47.12,
            "gross_margin_4q_avg": 44.11,
            "net_income": 223295,
            "revenue": 756435,
            "common_shares": 692314,
            "book_valuer_per_share": 37.64,
            "book_valuer_per_share_4q_avg": 36.49,
            "equity": 2688700,
            "current_ratio": 283.11,
            "debt_ratio": 36.25,
            "inventory_turnover_ratio": 0.75,
            "account_receivable_turnover_ratio": 1.14,
            "reinvestment_rate": -18.95,
            "research_to_sale_ratio": 7.7,
            "price_fair": 182.7,
            "eps_avg_yearly": 5.22,
            "eps_latest_yearly": 13,
            "eps_growth_yearly": 247.75
        },
        "20154": {
            "year_quarter": 20154,
            "year": 2015,
            "quarter": 4,
            "eps": 1.56,
            "eps_growth_year": -0.28,
            "eps_4q": 6.28,
            "eps_4q_growth_year": -2.07,
            "roe": 3.85,
            "roe_4q": 16.66,
            "gross_profit": 323442,
            "gross_margin": 47.07,
            "gross_margin_4q_avg": 46.01,
            "net_income": 107740,
            "revenue": 687166,
            "common_shares": 708887,
            "book_valuer_per_share": 39.97,
            "book_valuer_per_share_4q_avg": 37.45,
            "equity": 2913699,
            "current_ratio": 329.73,
            "debt_ratio": 32.83,
            "inventory_turnover_ratio": 0.62,
            "account_receivable_turnover_ratio": 0.98,
            "reinvestment_rate": -16.45,
            "research_to_sale_ratio": 7.53,
            "price_fair": 184.28,
            "eps_avg_yearly": 5.27,
            "eps_latest_yearly": 6.24,
            "eps_growth_yearly": 232.59
        },
        "20161": {
            "year_quarter": 20161,
            "year": 2016,
            "quarter": 1,
            "eps": 2.09,
            "eps_growth_year": 736,
            "eps_4q": 8.12,
            "eps_4q_growth_year": 69.93,
            "roe": 4.84,
            "roe_4q": 20.84,
            "gross_profit": 388725,
            "gross_margin": 51.43,
            "gross_margin_4q_avg": 47.4,
            "net_income": 144894,
            "revenue": 755781,
            "common_shares": 710441,
            "book_valuer_per_share": 42.2,
            "book_valuer_per_share_4q_avg": 38.5,
            "equity": 3076072,
            "current_ratio": 335.07,
            "debt_ratio": 31.32,
            "inventory_turnover_ratio": 0.57,
            "account_receivable_turnover_ratio": 1.14,
            "reinvestment_rate": -12.88,
            "research_to_sale_ratio": 7.2,
            "price_fair": 195.65,
            "eps_avg_yearly": 5.59,
            "eps_latest_yearly": 8.36,
            "eps_growth_yearly": 251.77
        },
        "20162": {
            "year_quarter": 20162,
            "year": 2016,
            "quarter": 2,
            "eps": 2,
            "eps_growth_year": 44.93,
            "eps_4q": 8.37,
            "eps_4q_growth_year": 60.26,
            "roe": 4.96,
            "roe_4q": 22.36,
            "gross_profit": 375369,
            "gross_margin": 47.83,
            "gross_margin_4q_avg": 48.36,
            "net_income": 147858,
            "revenue": 784739,
            "common_shares": 710441,
            "book_valuer_per_share": 39.53,
            "book_valuer_per_share_4q_avg": 39.84,
            "equity": 2890075,
            "current_ratio": 209.56,
            "debt_ratio": 40.18,
            "inventory_turnover_ratio": 0.58,
            "account_receivable_turnover_ratio": 1.17,
            "reinvestment_rate": -10,
            "research_to_sale_ratio": 8,
            "price_fair": 211.84,
            "eps_avg_yearly": 6.05,
            "eps_latest_yearly": 8,
            "eps_growth_yearly": 270.95
        },
        "20163": {
            "year_quarter": 20163,
            "year": 2016,
            "quarter": 3,
            "eps": 1.13,
            "eps_growth_year": -65.23,
            "eps_4q": 6.5,
            "eps_4q_growth_year": 2.49,
            "roe": 2.93,
            "roe_4q": 16.580000000000002,
            "gross_profit": 337576,
            "gross_margin": 42.23,
            "gross_margin_4q_avg": 47.14,
            "net_income": 86043,
            "revenue": 799374,
            "common_shares": 745978,
            "book_valuer_per_share": 38.81,
            "book_valuer_per_share_4q_avg": 40.13,
            "equity": 2980789,
            "current_ratio": 241.3,
            "debt_ratio": 36.68,
            "inventory_turnover_ratio": 0.63,
            "account_receivable_turnover_ratio": 1.13,
            "reinvestment_rate": -6.03,
            "research_to_sale_ratio": 6.33,
            "price_fair": 215.78,
            "eps_avg_yearly": 6.17,
            "eps_latest_yearly": 4.52,
            "eps_growth_yearly": 171.74
        },
        "20164": {
            "year_quarter": 20164,
            "year": 2016,
            "quarter": 4,
            "eps": 1.54,
            "eps_growth_year": -0.93,
            "eps_4q": 6.56,
            "eps_4q_growth_year": 4.48,
            "roe": 4.07,
            "roe_4q": 16.8,
            "gross_profit": 358770,
            "gross_margin": 44.37,
            "gross_margin_4q_avg": 46.47,
            "net_income": 123176,
            "revenue": 808521,
            "common_shares": 745978,
            "book_valuer_per_share": 39.92,
            "book_valuer_per_share_4q_avg": 40.12,
            "equity": 3075767,
            "current_ratio": 226.28,
            "debt_ratio": 39.3,
            "inventory_turnover_ratio": 0.6,
            "account_receivable_turnover_ratio": 1.11,
            "reinvestment_rate": -6.95,
            "research_to_sale_ratio": 6.62,
            "price_fair": 220.94,
            "eps_avg_yearly": 6.31,
            "eps_latest_yearly": 6.16,
            "eps_growth_yearly": 170.88
        },
        "20171": {
            "year_quarter": 20171,
            "year": 2017,
            "quarter": 1,
            "eps": 0.61,
            "eps_growth_year": -70.81,
            "eps_4q": 5.18,
            "eps_4q_growth_year": -36.24,
            "roe": 1.52,
            "roe_4q": 13.48,
            "gross_profit": 355065,
            "gross_margin": 46.06,
            "gross_margin_4q_avg": 45.12,
            "net_income": 47117,
            "revenue": 770893,
            "common_shares": 745978,
            "book_valuer_per_share": 40.4,
            "book_valuer_per_share_4q_avg": 39.67,
            "equity": 3115865,
            "current_ratio": 119.49,
            "debt_ratio": 46.18,
            "inventory_turnover_ratio": 0.55,
            "account_receivable_turnover_ratio": 1.05,
            "reinvestment_rate": 8.24,
            "research_to_sale_ratio": 7.03,
            "price_fair": 212.1,
            "eps_avg_yearly": 6.06,
            "eps_latest_yearly": 2.44,
            "eps_growth_yearly": 138.16
        },
        "20172": {
            "year_quarter": 20172,
            "year": 2017,
            "quarter": 2,
            "eps": 0.78,
            "eps_growth_year": -61,
            "eps_4q": 3.9,
            "eps_4q_growth_year": -53.35,
            "roe": 2.44,
            "roe_4q": 10.96,
            "gross_profit": 312732,
            "gross_margin": 37.72,
            "gross_margin_4q_avg": 42.6,
            "net_income": 72448,
            "revenue": 829099,
            "common_shares": 745978,
            "book_valuer_per_share": 36.3,
            "book_valuer_per_share_4q_avg": 38.86,
            "equity": 2819897,
            "current_ratio": 126.65,
            "debt_ratio": 53.51,
            "inventory_turnover_ratio": 0.7,
            "account_receivable_turnover_ratio": 1.09,
            "reinvestment_rate": 7.61,
            "research_to_sale_ratio": 5.91,
            "price_fair": 205.89,
            "eps_avg_yearly": 5.88,
            "eps_latest_yearly": 3.12,
            "eps_growth_yearly": 147.13
        },
        "20173": {
            "year_quarter": 20173,
            "year": 2017,
            "quarter": 3,
            "eps": 1.94,
            "eps_growth_year": 71.68,
            "eps_4q": 4.77,
            "eps_4q_growth_year": -26.53,
            "roe": 5.54,
            "roe_4q": 13.57,
            "gross_profit": 381016,
            "gross_margin": 45.09,
            "gross_margin_4q_avg": 43.31,
            "net_income": 161119,
            "revenue": 844945,
            "common_shares": 783277,
            "book_valuer_per_share": 36.7,
            "book_valuer_per_share_4q_avg": 38.33,
            "equity": 2995401,
            "current_ratio": 137.79,
            "debt_ratio": 49.35,
            "inventory_turnover_ratio": 0.63,
            "account_receivable_turnover_ratio": 1.07,
            "reinvestment_rate": 6.79,
            "research_to_sale_ratio": 7.19,
            "price_fair": 216.91,
            "eps_avg_yearly": 6.2,
            "eps_latest_yearly": 7.76,
            "eps_growth_yearly": 197.9
        },
        "20174": {
            "year_quarter": 20174,
            "year": 2017,
            "quarter": 4,
            "eps": 2.12,
            "eps_growth_year": 37.71,
            "eps_4q": 5.43,
            "eps_4q_growth_year": -17.26,
            "roe": 5.62,
            "roe_4q": 15.12,
            "gross_profit": 406123,
            "gross_margin": 45.13,
            "gross_margin_4q_avg": 43.5,
            "net_income": 173545,
            "revenue": 899959,
            "common_shares": 783277,
            "book_valuer_per_share": 38.97,
            "book_valuer_per_share_4q_avg": 38.09,
            "equity": 3178959,
            "current_ratio": 144.89,
            "debt_ratio": 47.58,
            "inventory_turnover_ratio": 0.61,
            "account_receivable_turnover_ratio": 1.14,
            "reinvestment_rate": 8.94,
            "research_to_sale_ratio": 5.31,
            "price_fair": 221.2,
            "eps_avg_yearly": 6.32,
            "eps_latest_yearly": 8.48,
            "eps_growth_yearly": 165.29
        },
        "20181": {
            "year_quarter": 20181,
            "year": 2018,
            "quarter": 1,
            "eps": 1.87,
            "eps_growth_year": 206.56,
            "eps_4q": 6.72,
            "eps_4q_growth_year": 29.78,
            "roe": 4.64,
            "roe_4q": 18.240000000000002,
            "gross_profit": 393852,
            "gross_margin": 45.04,
            "gross_margin_4q_avg": 43.25,
            "net_income": 151201,
            "revenue": 874416,
            "common_shares": 783277,
            "book_valuer_per_share": 40.98,
            "book_valuer_per_share_4q_avg": 38.24,
            "equity": 3340245,
            "current_ratio": 146.41,
            "debt_ratio": 47.43,
            "inventory_turnover_ratio": 0.54,
            "account_receivable_turnover_ratio": 1.22,
            "reinvestment_rate": 11.8,
            "research_to_sale_ratio": 5.29,
            "price_fair": 221.81,
            "eps_avg_yearly": 6.34,
            "eps_latest_yearly": 7.48,
            "eps_growth_yearly": 159.74
        },
        "20182": {
            "year_quarter": 20182,
            "year": 2018,
            "quarter": 2,
            "eps": 2.76,
            "eps_growth_year": 253.85,
            "eps_4q": 8.56,
            "eps_4q_growth_year": 119.21,
            "roe": 6.57,
            "roe_4q": 22.37,
            "gross_profit": 461563,
            "gross_margin": 44.94,
            "gross_margin_4q_avg": 45.05,
            "net_income": 218210,
            "revenue": 1027001,
            "common_shares": 796705,
            "book_valuer_per_share": 39.85,
            "book_valuer_per_share_4q_avg": 39.13,
            "equity": 3304556,
            "current_ratio": 128.18,
            "debt_ratio": 55.12,
            "inventory_turnover_ratio": 0.56,
            "account_receivable_turnover_ratio": 1.38,
            "reinvestment_rate": 53.82,
            "research_to_sale_ratio": 6.42,
            "price_fair": 237.21,
            "eps_avg_yearly": 6.78,
            "eps_latest_yearly": 11.04,
            "eps_growth_yearly": 182.75
        },
        "20183": {
            "year_quarter": 20183,
            "year": 2018,
            "quarter": 3,
            "eps": 3.13,
            "eps_growth_year": 61.34,
            "eps_4q": 9.65,
            "eps_4q_growth_year": 102.08,
            "roe": 7.39,
            "roe_4q": 24.220000000000002,
            "gross_profit": 594400,
            "gross_margin": 48.27,
            "gross_margin_4q_avg": 45.85,
            "net_income": 257209,
            "revenue": 1231525,
            "common_shares": 804823,
            "book_valuer_per_share": 43.65,
            "book_valuer_per_share_4q_avg": 40.86,
            "equity": 3654346,
            "current_ratio": 144.51,
            "debt_ratio": 50.29,
            "inventory_turnover_ratio": 0.55,
            "account_receivable_turnover_ratio": 1.42,
            "reinvestment_rate": 50.8,
            "research_to_sale_ratio": 5.89,
            "price_fair": 244.74,
            "eps_avg_yearly": 6.99,
            "eps_latest_yearly": 12.52,
            "eps_growth_yearly": 154.35
        },
        "20184": {
            "year_quarter": 20184,
            "year": 2018,
            "quarter": 4,
            "eps": 3.27,
            "eps_growth_year": 54.32,
            "eps_4q": 10.78,
            "eps_4q_growth_year": 98.49,
            "roe": 7.1,
            "roe_4q": 25.7,
            "gross_profit": 528699,
            "gross_margin": 43.54,
            "gross_margin_4q_avg": 45.45,
            "net_income": 272552,
            "revenue": 1214333,
            "common_shares": 813605,
            "book_valuer_per_share": 47.64,
            "book_valuer_per_share_4q_avg": 43.03,
            "equity": 4023059,
            "current_ratio": 160.12,
            "debt_ratio": 46.33,
            "inventory_turnover_ratio": 0.57,
            "account_receivable_turnover_ratio": 1.21,
            "reinvestment_rate": 46.42,
            "research_to_sale_ratio": 3.12,
            "price_fair": 259.7,
            "eps_avg_yearly": 7.42,
            "eps_latest_yearly": 13.08,
            "eps_growth_yearly": 163.28
        },
        "20191": {
            "year_quarter": 20191,
            "year": 2019,
            "quarter": 1,
            "eps": 1.64,
            "eps_growth_year": -12.3,
            "eps_4q": 10.54,
            "eps_4q_growth_year": 56.79,
            "roe": 3.2,
            "roe_4q": 24.26,
            "gross_profit": 414072,
            "gross_margin": 41.59,
            "gross_margin_4q_avg": 44.59,
            "net_income": 131715,
            "revenue": 995604,
            "common_shares": 819685,
            "book_valuer_per_share": 49.64,
            "book_valuer_per_share_4q_avg": 45.2,
            "equity": 4212951,
            "current_ratio": 165.64,
            "debt_ratio": 44.66,
            "inventory_turnover_ratio": 0.51,
            "account_receivable_turnover_ratio": 0.94,
            "reinvestment_rate": 43.91,
            "research_to_sale_ratio": 4.69,
            "price_fair": 271.86,
            "eps_avg_yearly": 7.77,
            "eps_latest_yearly": 6.56,
            "eps_growth_yearly": 171.82
        },
        "20192": {
            "year_quarter": 20192,
            "year": 2019,
            "quarter": 2,
            "eps": 1.6,
            "eps_growth_year": -42.03,
            "eps_4q": 9.48,
            "eps_4q_growth_year": 10.82,
            "roe": 3.45,
            "roe_4q": 21.14,
            "gross_profit": 446690,
            "gross_margin": 44.66,
            "gross_margin_4q_avg": 44.52,
            "net_income": 136847,
            "revenue": 1000309,
            "common_shares": 820500,
            "book_valuer_per_share": 43.47,
            "book_valuer_per_share_4q_avg": 46.1,
            "equity": 3715083,
            "current_ratio": 133.93,
            "debt_ratio": 51.49,
            "inventory_turnover_ratio": 0.49,
            "account_receivable_turnover_ratio": 1.09,
            "reinvestment_rate": 42.63,
            "research_to_sale_ratio": 5.05,
            "price_fair": 273.79,
            "eps_avg_yearly": 7.82,
            "eps_latest_yearly": 6.4,
            "eps_growth_yearly": 58.21
        },
        "20193": {
            "year_quarter": 20193,
            "year": 2019,
            "quarter": 3,
            "eps": 1.82,
            "eps_growth_year": -41.85,
            "eps_4q": 8.13,
            "eps_4q_growth_year": -15.74,
            "roe": 3.99,
            "roe_4q": 17.740000000000002,
            "gross_profit": 451659,
            "gross_margin": 45.18,
            "gross_margin_4q_avg": 43.74,
            "net_income": 159021,
            "revenue": 999747,
            "common_shares": 838981,
            "book_valuer_per_share": 49.08,
            "book_valuer_per_share_4q_avg": 47.46,
            "equity": 4255595,
            "current_ratio": 287.66,
            "debt_ratio": 43.07,
            "inventory_turnover_ratio": 0.51,
            "account_receivable_turnover_ratio": 1.18,
            "reinvestment_rate": 42.77,
            "research_to_sale_ratio": 5.6,
            "price_fair": 261.28,
            "eps_avg_yearly": 7.47,
            "eps_latest_yearly": 7.28,
            "eps_growth_yearly": 27.77
        },
        "20194": {
            "year_quarter": 20194,
            "year": 2019,
            "quarter": 4,
            "eps": 2.95,
            "eps_growth_year": -9.78,
            "eps_4q": 7.9,
            "eps_4q_growth_year": -26.7,
            "roe": 5.76,
            "roe_4q": 16.4,
            "gross_profit": 517448,
            "gross_margin": 45.28,
            "gross_margin_4q_avg": 44.18,
            "net_income": 252399,
            "revenue": 1142839,
            "common_shares": 840625,
            "book_valuer_per_share": 51.98,
            "book_valuer_per_share_4q_avg": 48.54,
            "equity": 4510979,
            "current_ratio": 289.36,
            "debt_ratio": 42.37,
            "inventory_turnover_ratio": 0.63,
            "account_receivable_turnover_ratio": 1.31,
            "reinvestment_rate": 39.38,
            "research_to_sale_ratio": 5.07,
            "price_fair": 273.44,
            "eps_avg_yearly": 7.81,
            "eps_latest_yearly": 11.8,
            "eps_growth_yearly": 56.29
        },
        "20201": {
            "year_quarter": 20201,
            "year": 2020,
            "quarter": 1,
            "eps": 4.15,
            "eps_growth_year": 153.05,
            "eps_4q": 10.44,
            "eps_4q_growth_year": -0.95,
            "roe": 7.79,
            "roe_4q": 20.99,
            "gross_profit": 648321,
            "gross_margin": 51.3,
            "gross_margin_4q_avg": 46.61,
            "net_income": 366760,
            "revenue": 1263674,
            "common_shares": 842945,
            "book_valuer_per_share": 56.26,
            "book_valuer_per_share_4q_avg": 50.2,
            "equity": 4900787,
            "current_ratio": 309.19,
            "debt_ratio": 40.83,
            "inventory_turnover_ratio": 0.61,
            "account_receivable_turnover_ratio": 1.34,
            "reinvestment_rate": 36.07,
            "research_to_sale_ratio": 4.47,
            "price_fair": 291.46,
            "eps_avg_yearly": 8.33,
            "eps_latest_yearly": 16.6,
            "eps_growth_yearly": 57.97
        },
        "20202": {
            "year_quarter": 20202,
            "year": 2020,
            "quarter": 2,
            "eps": 6,
            "eps_growth_year": 275,
            "eps_4q": 13.99,
            "eps_4q_growth_year": 47.58,
            "roe": 10.24,
            "roe_4q": 27.78,
            "gross_profit": 1008707,
            "gross_margin": 57.88,
            "gross_margin_4q_avg": 49.91,
            "net_income": 549034,
            "revenue": 1742705,
            "common_shares": 914051,
            "book_valuer_per_share": 61.87,
            "book_valuer_per_share_4q_avg": 54.8,
            "equity": 5827793,
            "current_ratio": 225.98,
            "debt_ratio": 36.18,
            "inventory_turnover_ratio": 0.58,
            "account_receivable_turnover_ratio": 1.57,
            "reinvestment_rate": 33.13,
            "research_to_sale_ratio": 4.29,
            "price_fair": 326.46,
            "eps_avg_yearly": 9.33,
            "eps_latest_yearly": 24,
            "eps_growth_yearly": 70.19
        },
        "20203": {
            "year_quarter": 20203,
            "year": 2020,
            "quarter": 3,
            "eps": 3.92,
            "eps_growth_year": 115.38,
            "eps_4q": 16.21,
            "eps_4q_growth_year": 99.39,
            "roe": 6.13,
            "roe_4q": 29.92,
            "gross_profit": 697661,
            "gross_margin": 46.72,
            "gross_margin_4q_avg": 50.3,
            "net_income": 371240,
            "revenue": 1493308,
            "common_shares": 917720,
            "book_valuer_per_share": 66.4,
            "book_valuer_per_share_4q_avg": 59.13,
            "equity": 6279368,
            "current_ratio": 306.2,
            "debt_ratio": 28.24,
            "inventory_turnover_ratio": 0.54,
            "account_receivable_turnover_ratio": 1.29,
            "reinvestment_rate": 26.42,
            "research_to_sale_ratio": 3.51,
            "price_fair": 350.88,
            "eps_avg_yearly": 10.03,
            "eps_latest_yearly": 15.68,
            "eps_growth_yearly": 72.39
        },
        "20204": {
            "year_quarter": 20204,
            "year": 2020,
            "quarter": 4,
            "eps": 3.06,
            "eps_growth_year": 3.7,
            "eps_4q": 16.51,
            "eps_4q_growth_year": 109.07,
            "roe": 4.5,
            "roe_4q": 28.659999999999997,
            "gross_profit": 596355,
            "gross_margin": 42.48,
            "gross_margin_4q_avg": 49.6,
            "net_income": 290230,
            "revenue": 1403840,
            "common_shares": 921381,
            "book_valuer_per_share": 69.75,
            "book_valuer_per_share_4q_avg": 63.57,
            "equity": 6620850,
            "current_ratio": 288.36,
            "debt_ratio": 27.79,
            "inventory_turnover_ratio": 0.53,
            "account_receivable_turnover_ratio": 1.33,
            "reinvestment_rate": 36.95,
            "research_to_sale_ratio": 4.39,
            "price_fair": 364.18,
            "eps_avg_yearly": 10.41,
            "eps_latest_yearly": 12.24,
            "eps_growth_yearly": 57.84
        },
        "20211": {
            "year_quarter": 20211,
            "year": 2021,
            "quarter": 1,
            "eps": 5.24,
            "eps_growth_year": 26.27,
            "eps_4q": 17.95,
            "eps_4q_growth_year": 71.94,
            "roe": 7.15,
            "roe_4q": 28.020000000000003,
            "gross_profit": 605496,
            "gross_margin": 44.97,
            "gross_margin_4q_avg": 48.01,
            "net_income": 489745,
            "revenue": 1346533,
            "common_shares": 921674,
            "book_valuer_per_share": 74.63,
            "book_valuer_per_share_4q_avg": 68.16,
            "equity": 7074949,
            "current_ratio": 310.95,
            "debt_ratio": 25.31,
            "inventory_turnover_ratio": 0.49,
            "account_receivable_turnover_ratio": 1.28,
            "reinvestment_rate": 22.41,
            "research_to_sale_ratio": 4.22,
            "price_fair": 404.69,
            "eps_avg_yearly": 11.56,
            "eps_latest_yearly": 20.96,
            "eps_growth_yearly": 90.75
        },
        "20212": {
            "year_quarter": 20212,
            "year": 2021,
            "quarter": 2,
            "eps": 6.76,
            "eps_growth_year": 12.67,
            "eps_4q": 18.92,
            "eps_4q_growth_year": 35.22,
            "roe": 8.72,
            "roe_4q": 26.5,
            "gross_profit": 911337,
            "gross_margin": 54.32,
            "gross_margin_4q_avg": 47.12,
            "net_income": 645626,
            "revenue": 1677768,
            "common_shares": 923362,
            "book_valuer_per_share": 81.39,
            "book_valuer_per_share_4q_avg": 73.04,
            "equity": 7725684,
            "current_ratio": 357.37,
            "debt_ratio": 23.12,
            "inventory_turnover_ratio": 0.51,
            "account_receivable_turnover_ratio": 1.42,
            "reinvestment_rate": 19.28,
            "research_to_sale_ratio": 3.31,
            "price_fair": 457.01,
            "eps_avg_yearly": 13.06,
            "eps_latest_yearly": 27.04,
            "eps_growth_yearly": 91.03
        },
        "20213": {
            "year_quarter": 20213,
            "year": 2021,
            "quarter": 3,
            "eps": 6.32,
            "eps_growth_year": 61.22,
            "eps_4q": 21.27,
            "eps_4q_growth_year": 31.22,
            "roe": 8.15,
            "roe_4q": 28.520000000000003,
            "gross_profit": 1163933,
            "gross_margin": 55.44,
            "gross_margin_4q_avg": 49.3,
            "net_income": 613436,
            "revenue": 2099326,
            "common_shares": 928236,
            "book_valuer_per_share": 76.48,
            "book_valuer_per_share_4q_avg": 75.56,
            "equity": 7336041,
            "current_ratio": 202.48,
            "debt_ratio": 32.36,
            "inventory_turnover_ratio": 0.63,
            "account_receivable_turnover_ratio": 1.42,
            "reinvestment_rate": 19.91,
            "research_to_sale_ratio": 3.85,
            "price_fair": 495.34,
            "eps_avg_yearly": 14.15,
            "eps_latest_yearly": 25.28,
            "eps_growth_yearly": 52.23
        },
        "20214": {
            "year_quarter": 20214,
            "year": 2021,
            "quarter": 4,
            "eps": 3.05,
            "eps_growth_year": -0.61,
            "eps_4q": 21.25,
            "eps_4q_growth_year": 28.67,
            "roe": 3.95,
            "roe_4q": 27.97,
            "gross_profit": 528406,
            "gross_margin": 38.58,
            "gross_margin_4q_avg": 48.33,
            "net_income": 295403,
            "revenue": 1369632,
            "common_shares": 929555,
            "book_valuer_per_share": 79.52,
            "book_valuer_per_share_4q_avg": 78.01,
            "equity": 7634580,
            "current_ratio": 238.73,
            "debt_ratio": 27.44,
            "inventory_turnover_ratio": 0.58,
            "account_receivable_turnover_ratio": 0.92,
            "reinvestment_rate": 18.55,
            "research_to_sale_ratio": 4.89,
            "price_fair": 503.48,
            "eps_avg_yearly": 14.39,
            "eps_latest_yearly": 12.2,
            "eps_growth_yearly": 36.97
        },
        "20221": {
            "year_quarter": 20221,
            "year": 2022,
            "quarter": 1,
            "eps": 6.69,
            "eps_growth_year": 27.67,
            "eps_4q": 22.72,
            "eps_4q_growth_year": 26.59,
            "roe": 8.74,
            "roe_4q": 29.560000000000002,
            "gross_profit": 972028,
            "gross_margin": 54.22,
            "gross_margin_4q_avg": 50.64,
            "net_income": 634647,
            "revenue": 1792834,
            "common_shares": 931092,
            "book_valuer_per_share": 71.26,
            "book_valuer_per_share_4q_avg": 77.16,
            "equity": 6888914,
            "current_ratio": 168.74,
            "debt_ratio": 38.99,
            "inventory_turnover_ratio": 0.55,
            "account_receivable_turnover_ratio": 1.28,
            "reinvestment_rate": 16.37,
            "research_to_sale_ratio": 3.45,
            "price_fair": 545.65,
            "eps_avg_yearly": 15.59,
            "eps_latest_yearly": 26.76,
            "eps_growth_yearly": 69.75
        },
        "20222": {
            "year_quarter": 20222,
            "year": 2022,
            "quarter": 2,
            "eps": 16.75,
            "eps_growth_year": 147.78,
            "eps_4q": 32.69,
            "eps_4q_growth_year": 72.77,
            "roe": 20.92,
            "roe_4q": 41.760000000000005,
            "gross_profit": 2472816,
            "gross_margin": 68.16,
            "gross_margin_4q_avg": 54.1,
            "net_income": 1611241,
            "revenue": 3627701,
            "common_shares": 934438,
            "book_valuer_per_share": 87.96,
            "book_valuer_per_share_4q_avg": 78.81,
            "equity": 8513669,
            "current_ratio": 180.3,
            "debt_ratio": 39.36,
            "inventory_turnover_ratio": 0.64,
            "account_receivable_turnover_ratio": 1.65,
            "reinvestment_rate": 4.23,
            "research_to_sale_ratio": 4.09,
            "price_fair": 668.06,
            "eps_avg_yearly": 19.09,
            "eps_latest_yearly": 67,
            "eps_growth_yearly": 95.45
        },
        "20223": {
            "year_quarter": 20223,
            "year": 2022,
            "quarter": 3,
            "eps": 8.52,
            "eps_growth_year": 34.81,
            "eps_4q": 34.58,
            "eps_4q_growth_year": 62.59,
            "roe": 9.06,
            "roe_4q": 42.67000000000001,
            "gross_profit": 1248610,
            "gross_margin": 52.14,
            "gross_margin_4q_avg": 53.28,
            "net_income": 815141,
            "revenue": 2394611,
            "common_shares": 945842,
            "book_valuer_per_share": 96.96,
            "book_valuer_per_share_4q_avg": 83.93,
            "equity": 9480975,
            "current_ratio": 289.43,
            "debt_ratio": 25.15,
            "inventory_turnover_ratio": 0.6,
            "account_receivable_turnover_ratio": 1.05,
            "reinvestment_rate": 6.36,
            "research_to_sale_ratio": 3.48,
            "price_fair": 715.23,
            "eps_avg_yearly": 20.44,
            "eps_latest_yearly": 34.08,
            "eps_growth_yearly": 79.81
        },
        "20224": {
            "year_quarter": 20224,
            "year": 2022,
            "quarter": 4,
            "eps": 4.15,
            "eps_growth_year": 36.26,
            "eps_4q": 35.52,
            "eps_4q_growth_year": 67.18,
            "roe": 4.19,
            "roe_4q": 42.910000000000004,
            "gross_profit": 952862,
            "gross_margin": 52.6,
            "gross_margin_4q_avg": 56.78,
            "net_income": 407978,
            "revenue": 1811659,
            "common_shares": 952352,
            "book_valuer_per_share": 101.52,
            "book_valuer_per_share_4q_avg": 89.43,
            "equity": 9994915,
            "current_ratio": 317.25,
            "debt_ratio": 22.53,
            "inventory_turnover_ratio": 0.51,
            "account_receivable_turnover_ratio": 1.27,
            "reinvestment_rate": 13.15,
            "research_to_sale_ratio": 9.8,
            "price_fair": 722.93,
            "eps_avg_yearly": 20.66,
            "eps_latest_yearly": 16.6,
            "eps_growth_yearly": 65.87
        },
        "20231": {
            "year_quarter": 20231,
            "year": 2023,
            "quarter": 1,
            "eps": 4.17,
            "eps_growth_year": -37.67,
            "eps_4q": 33.14,
            "eps_4q_growth_year": 45.86,
            "roe": 4.34,
            "roe_4q": 38.510000000000005,
            "gross_profit": 727458,
            "gross_margin": 47.25,
            "gross_margin_4q_avg": 55.04,
            "net_income": 401456,
            "revenue": 1539544,
            "common_shares": 952905,
            "book_valuer_per_share": 85.66,
            "book_valuer_per_share_4q_avg": 93.03,
            "equity": 8492297,
            "current_ratio": 193.12,
            "debt_ratio": 35.45,
            "inventory_turnover_ratio": 0.52,
            "account_receivable_turnover_ratio": 1.21,
            "reinvestment_rate": 12.6,
            "research_to_sale_ratio": 6.38,
            "price_fair": 745.06,
            "eps_avg_yearly": 21.29,
            "eps_latest_yearly": 16.68,
            "eps_growth_yearly": 78.46
        }
    },
    "months": {
        "2008-09": {
            "month": "2008-09",
            "price": "89.10",
            "revenue": 208770
        },
        "2008-10": {
            "month": "2008-10",
            "price": "77.14",
            "revenue": 131130
        },
        "2008-11": {
            "month": "2008-11",
            "price": "60.68",
            "revenue": 117628
        },
        "2008-12": {
            "month": "2008-12",
            "price": "58.27",
            "revenue": 121972
        },
        "2009-01": {
            "month": "2009-01",
            "price": "57.47",
            "revenue": 123205
        },
        "2009-02": {
            "month": "2009-02",
            "price": "62.27",
            "revenue": 173991
        },
        "2009-03": {
            "month": "2009-03",
            "price": "79.87",
            "revenue": 226795
        },
        "2009-04": {
            "month": "2009-04",
            "price": "115.50",
            "revenue": 168826
        },
        "2009-05": {
            "month": "2009-05",
            "price": "159.67",
            "revenue": 148812
        },
        "2009-06": {
            "month": "2009-06",
            "price": "144.84",
            "revenue": 141576
        },
        "2009-07": {
            "month": "2009-07",
            "price": "139.04",
            "revenue": 166582
        },
        "2009-08": {
            "month": "2009-08",
            "price": "138.62",
            "revenue": 94240
        },
        "2009-09": {
            "month": "2009-09",
            "price": "130.12",
            "revenue": 146280
        },
        "2009-10": {
            "month": "2009-10",
            "price": "131.61",
            "revenue": 208223
        },
        "2009-11": {
            "month": "2009-11",
            "price": "131.26",
            "revenue": 164410
        },
        "2009-12": {
            "month": "2009-12",
            "price": "132.74",
            "revenue": 167001
        },
        "2010-01": {
            "month": "2010-01",
            "price": "140.14",
            "revenue": 136324
        },
        "2010-02": {
            "month": "2010-02",
            "price": "135.23",
            "revenue": 132523
        },
        "2010-03": {
            "month": "2010-03",
            "price": "138.04",
            "revenue": 145502
        },
        "2010-04": {
            "month": "2010-04",
            "price": "136.61",
            "revenue": 146592
        },
        "2010-05": {
            "month": "2010-05",
            "price": "110.11",
            "revenue": 170727
        },
        "2010-06": {
            "month": "2010-06",
            "price": "96.04",
            "revenue": 187894
        },
        "2010-07": {
            "month": "2010-07",
            "price": "83.07",
            "revenue": 126881
        },
        "2010-08": {
            "month": "2010-08",
            "price": "75.70",
            "revenue": 139340
        },
        "2010-09": {
            "month": "2010-09",
            "price": "78.92",
            "revenue": 212389
        },
        "2010-10": {
            "month": "2010-10",
            "price": "84.97",
            "revenue": 158848
        },
        "2010-11": {
            "month": "2010-11",
            "price": "84.84",
            "revenue": 169239
        },
        "2010-12": {
            "month": "2010-12",
            "price": "77.96",
            "revenue": 161535
        },
        "2011-01": {
            "month": "2011-01",
            "price": "71.30",
            "revenue": 160917
        },
        "2011-02": {
            "month": "2011-02",
            "price": "67.76",
            "revenue": 86569
        },
        "2011-03": {
            "month": "2011-03",
            "price": "63.01",
            "revenue": 187048
        },
        "2011-04": {
            "month": "2011-04",
            "price": "67.64",
            "revenue": 125518
        },
        "2011-05": {
            "month": "2011-05",
            "price": "66.39",
            "revenue": 126873
        },
        "2011-06": {
            "month": "2011-06",
            "price": "59.65",
            "revenue": 120215
        },
        "2011-07": {
            "month": "2011-07",
            "price": "52.61",
            "revenue": 156269
        },
        "2011-08": {
            "month": "2011-08",
            "price": "44.89",
            "revenue": 131540
        },
        "2011-09": {
            "month": "2011-09",
            "price": "37.85",
            "revenue": 182621
        },
        "2011-10": {
            "month": "2011-10",
            "price": "37.84",
            "revenue": 161115
        },
        "2011-11": {
            "month": "2011-11",
            "price": "40.21",
            "revenue": 188266
        },
        "2011-12": {
            "month": "2011-12",
            "price": "37.95",
            "revenue": 207533
        },
        "2012-01": {
            "month": "2012-01",
            "price": "44.24",
            "revenue": 122646
        },
        "2012-02": {
            "month": "2012-02",
            "price": "50.39",
            "revenue": 135690
        },
        "2012-03": {
            "month": "2012-03",
            "price": "51.16",
            "revenue": 227906
        },
        "2012-04": {
            "month": "2012-04",
            "price": "56.53",
            "revenue": 220907
        },
        "2012-05": {
            "month": "2012-05",
            "price": "56.29",
            "revenue": 190075
        },
        "2012-06": {
            "month": "2012-06",
            "price": "53.38",
            "revenue": 166509
        },
        "2012-07": {
            "month": "2012-07",
            "price": "49.67",
            "revenue": 174614
        },
        "2012-08": {
            "month": "2012-08",
            "price": "51.62",
            "revenue": 170240
        },
        "2012-09": {
            "month": "2012-09",
            "price": "48.50",
            "revenue": 182975
        },
        "2012-10": {
            "month": "2012-10",
            "price": "48.27",
            "revenue": 164967
        },
        "2012-11": {
            "month": "2012-11",
            "price": "41.72",
            "revenue": 180660
        },
        "2012-12": {
            "month": "2012-12",
            "price": "44.37",
            "revenue": 207580
        },
        "2013-01": {
            "month": "2013-01",
            "price": "45.72",
            "revenue": 212854
        },
        "2013-02": {
            "month": "2013-02",
            "price": "46.42",
            "revenue": 142736
        },
        "2013-03": {
            "month": "2013-03",
            "price": "46.57",
            "revenue": 174621
        },
        "2013-04": {
            "month": "2013-04",
            "price": "45.68",
            "revenue": 166012
        },
        "2013-05": {
            "month": "2013-05",
            "price": "49.81",
            "revenue": 200996
        },
        "2013-06": {
            "month": "2013-06",
            "price": "59.06",
            "revenue": 227027
        },
        "2013-07": {
            "month": "2013-07",
            "price": "65.83",
            "revenue": 198444
        },
        "2013-08": {
            "month": "2013-08",
            "price": "75.70",
            "revenue": 206765
        },
        "2013-09": {
            "month": "2013-09",
            "price": "80.26",
            "revenue": 192439
        },
        "2013-10": {
            "month": "2013-10",
            "price": "81.03",
            "revenue": 185503
        },
        "2013-11": {
            "month": "2013-11",
            "price": "73.82",
            "revenue": 235530
        },
        "2013-12": {
            "month": "2013-12",
            "price": "75.00",
            "revenue": 165513
        },
        "2014-01": {
            "month": "2014-01",
            "price": "75.47",
            "revenue": 237151
        },
        "2014-02": {
            "month": "2014-02",
            "price": "81.46",
            "revenue": 178374
        },
        "2014-03": {
            "month": "2014-03",
            "price": "90.97",
            "revenue": 168480
        },
        "2014-04": {
            "month": "2014-04",
            "price": "89.90",
            "revenue": 210303
        },
        "2014-05": {
            "month": "2014-05",
            "price": "111.58",
            "revenue": 228830
        },
        "2014-06": {
            "month": "2014-06",
            "price": "123.30",
            "revenue": 158142
        },
        "2014-07": {
            "month": "2014-07",
            "price": "106.66",
            "revenue": 252443
        },
        "2014-08": {
            "month": "2014-08",
            "price": "98.95",
            "revenue": 213804
        },
        "2014-09": {
            "month": "2014-09",
            "price": "97.80",
            "revenue": 205760
        },
        "2014-10": {
            "month": "2014-10",
            "price": "96.68",
            "revenue": 202321
        },
        "2014-11": {
            "month": "2014-11",
            "price": "93.66",
            "revenue": 190126
        },
        "2014-12": {
            "month": "2014-12",
            "price": "105.95",
            "revenue": 287106
        },
        "2015-01": {
            "month": "2015-01",
            "price": "118.50",
            "revenue": 166460
        },
        "2015-02": {
            "month": "2015-02",
            "price": "113.38",
            "revenue": 168880
        },
        "2015-03": {
            "month": "2015-03",
            "price": "115.89",
            "revenue": 200982
        },
        "2015-04": {
            "month": "2015-04",
            "price": "106.36",
            "revenue": 226345
        },
        "2015-05": {
            "month": "2015-05",
            "price": "88.56",
            "revenue": 205553
        },
        "2015-06": {
            "month": "2015-06",
            "price": "80.30",
            "revenue": 223509
        },
        "2015-07": {
            "month": "2015-07",
            "price": "76.65",
            "revenue": 221791
        },
        "2015-08": {
            "month": "2015-08",
            "price": "70.64",
            "revenue": 292386
        },
        "2015-09": {
            "month": "2015-09",
            "price": "83.50",
            "revenue": 241840
        },
        "2015-10": {
            "month": "2015-10",
            "price": "92.32",
            "revenue": 232149
        },
        "2015-11": {
            "month": "2015-11",
            "price": "101.35",
            "revenue": 192295
        },
        "2015-12": {
            "month": "2015-12",
            "price": "108.15",
            "revenue": 255228
        },
        "2016-01": {
            "month": "2016-01",
            "price": "98.35",
            "revenue": 281949
        },
        "2016-02": {
            "month": "2016-02",
            "price": "106.94",
            "revenue": 179174
        },
        "2016-03": {
            "month": "2016-03",
            "price": "110.85",
            "revenue": 296130
        },
        "2016-04": {
            "month": "2016-04",
            "price": "116.74",
            "revenue": 267756
        },
        "2016-05": {
            "month": "2016-05",
            "price": "147.36",
            "revenue": 255979
        },
        "2016-06": {
            "month": "2016-06",
            "price": "147.52",
            "revenue": 296074
        },
        "2016-07": {
            "month": "2016-07",
            "price": "148.18",
            "revenue": 247858
        },
        "2016-08": {
            "month": "2016-08",
            "price": "124.20",
            "revenue": 276520
        },
        "2016-09": {
            "month": "2016-09",
            "price": "122.21",
            "revenue": 241065
        },
        "2016-10": {
            "month": "2016-10",
            "price": "113.60",
            "revenue": 216854
        },
        "2016-11": {
            "month": "2016-11",
            "price": "105.27",
            "revenue": 255376
        },
        "2016-12": {
            "month": "2016-12",
            "price": "107.59",
            "revenue": 320354
        },
        "2017-01": {
            "month": "2017-01",
            "price": "109.94",
            "revenue": 244956
        },
        "2017-02": {
            "month": "2017-02",
            "price": "110.17",
            "revenue": 237959
        },
        "2017-03": {
            "month": "2017-03",
            "price": "108.74",
            "revenue": 277261
        },
        "2017-04": {
            "month": "2017-04",
            "price": "102.23",
            "revenue": 210020
        },
        "2017-05": {
            "month": "2017-05",
            "price": "96.81",
            "revenue": 284449
        },
        "2017-06": {
            "month": "2017-06",
            "price": "99.66",
            "revenue": 317178
        },
        "2017-07": {
            "month": "2017-07",
            "price": "103.67",
            "revenue": 262063
        },
        "2017-08": {
            "month": "2017-08",
            "price": "91.72",
            "revenue": 274597
        },
        "2017-09": {
            "month": "2017-09",
            "price": "85.52",
            "revenue": 308374
        },
        "2017-10": {
            "month": "2017-10",
            "price": "86.89",
            "revenue": 276261
        },
        "2017-11": {
            "month": "2017-11",
            "price": "94.84",
            "revenue": 264795
        },
        "2017-12": {
            "month": "2017-12",
            "price": "100.76",
            "revenue": 352766
        },
        "2018-01": {
            "month": "2018-01",
            "price": "98.11",
            "revenue": 314758
        },
        "2018-02": {
            "month": "2018-02",
            "price": "96.13",
            "revenue": 226882
        },
        "2018-03": {
            "month": "2018-03",
            "price": "103.23",
            "revenue": 329842
        },
        "2018-04": {
            "month": "2018-04",
            "price": "134.28",
            "revenue": 305992
        },
        "2018-05": {
            "month": "2018-05",
            "price": "151.77",
            "revenue": 372391
        },
        "2018-06": {
            "month": "2018-06",
            "price": "148.25",
            "revenue": 345671
        },
        "2018-07": {
            "month": "2018-07",
            "price": "153.09",
            "revenue": 438885
        },
        "2018-08": {
            "month": "2018-08",
            "price": "168.20",
            "revenue": 364350
        },
        "2018-09": {
            "month": "2018-09",
            "price": "150.84",
            "revenue": 430459
        },
        "2018-10": {
            "month": "2018-10",
            "price": "134.75",
            "revenue": 395013
        },
        "2018-11": {
            "month": "2018-11",
            "price": "144.64",
            "revenue": 413941
        },
        "2018-12": {
            "month": "2018-12",
            "price": "161.50",
            "revenue": 408544
        },
        "2019-01": {
            "month": "2019-01",
            "price": "183.90",
            "revenue": 378619
        },
        "2019-02": {
            "month": "2019-02",
            "price": "187.15",
            "revenue": 264921
        },
        "2019-03": {
            "month": "2019-03",
            "price": "175.00",
            "revenue": 353605
        },
        "2019-04": {
            "month": "2019-04",
            "price": "164.18",
            "revenue": 309465
        },
        "2019-05": {
            "month": "2019-05",
            "price": "142.18",
            "revenue": 346143
        },
        "2019-06": {
            "month": "2019-06",
            "price": "140.34",
            "revenue": 333500
        },
        "2019-07": {
            "month": "2019-07",
            "price": "141.70",
            "revenue": 375624
        },
        "2019-08": {
            "month": "2019-08",
            "price": "129.05",
            "revenue": 357610
        },
        "2019-09": {
            "month": "2019-09",
            "price": "138.42",
            "revenue": 267994
        },
        "2019-10": {
            "month": "2019-10",
            "price": "128.90",
            "revenue": 328565
        },
        "2019-11": {
            "month": "2019-11",
            "price": "125.36",
            "revenue": 370399
        },
        "2019-12": {
            "month": "2019-12",
            "price": "123.95",
            "revenue": 455998
        },
        "2020-01": {
            "month": "2020-01",
            "price": "136.70",
            "revenue": 329308
        },
        "2020-02": {
            "month": "2020-02",
            "price": "149.05",
            "revenue": 412442
        },
        "2020-03": {
            "month": "2020-03",
            "price": "158.82",
            "revenue": 522095
        },
        "2020-04": {
            "month": "2020-04",
            "price": "175.78",
            "revenue": 634820
        },
        "2020-05": {
            "month": "2020-05",
            "price": "248.50",
            "revenue": 636328
        },
        "2020-06": {
            "month": "2020-06",
            "price": "279.25",
            "revenue": 467049
        },
        "2020-07": {
            "month": "2020-07",
            "price": "253.41",
            "revenue": 520857
        },
        "2020-08": {
            "month": "2020-08",
            "price": "225.02",
            "revenue": 432833
        },
        "2020-09": {
            "month": "2020-09",
            "price": "195.84",
            "revenue": 543955
        },
        "2020-10": {
            "month": "2020-10",
            "price": "209.74",
            "revenue": 445402
        },
        "2020-11": {
            "month": "2020-11",
            "price": "217.29",
            "revenue": 384614
        },
        "2020-12": {
            "month": "2020-12",
            "price": "191.46",
            "revenue": 564927
        },
        "2021-01": {
            "month": "2021-01",
            "price": "180.82",
            "revenue": 529895
        },
        "2021-02": {
            "month": "2021-02",
            "price": "188.12",
            "revenue": 384292
        },
        "2021-03": {
            "month": "2021-03",
            "price": "184.64",
            "revenue": 432346
        },
        "2021-04": {
            "month": "2021-04",
            "price": "180.92",
            "revenue": 330094
        },
        "2021-05": {
            "month": "2021-05",
            "price": "186.00",
            "revenue": 445234
        },
        "2021-06": {
            "month": "2021-06",
            "price": "225.60",
            "revenue": 902440
        },
        "2021-07": {
            "month": "2021-07",
            "price": "220.23",
            "revenue": 699660
        },
        "2021-08": {
            "month": "2021-08",
            "price": "212.50",
            "revenue": 731921
        },
        "2021-09": {
            "month": "2021-09",
            "price": "201.98",
            "revenue": 667745
        },
        "2021-10": {
            "month": "2021-10",
            "price": "171.20",
            "revenue": 402758
        },
        "2021-11": {
            "month": "2021-11",
            "price": "171.52",
            "revenue": 522063
        },
        "2021-12": {
            "month": "2021-12",
            "price": "176.45",
            "revenue": 444811
        },
        "2022-01": {
            "month": "2022-01",
            "price": "188.03",
            "revenue": 744413
        },
        "2022-02": {
            "month": "2022-02",
            "price": "189.03",
            "revenue": 481856
        },
        "2022-03": {
            "month": "2022-03",
            "price": "183.87",
            "revenue": 566565
        },
        "2022-04": {
            "month": "2022-04",
            "price": "270.74",
            "revenue": 1240157
        },
        "2022-05": {
            "month": "2022-05",
            "price": "231.52",
            "revenue": 1206857
        },
        "2022-06": {
            "month": "2022-06",
            "price": "207.21",
            "revenue": 1180687
        },
        "2022-07": {
            "month": "2022-07",
            "price": "199.17",
            "revenue": 1206630
        },
        "2022-08": {
            "month": "2022-08",
            "price": "200.78",
            "revenue": 552075
        },
        "2022-09": {
            "month": "2022-09",
            "price": "183.50",
            "revenue": 635906
        },
        "2022-10": {
            "month": "2022-10",
            "price": "166.68",
            "revenue": 915076
        },
        "2022-11": {
            "month": "2022-11",
            "price": "181.59",
            "revenue": 413367
        },
        "2022-12": {
            "month": "2022-12",
            "price": "182.14",
            "revenue": 483216
        },
        "2023-01": {
            "month": "2023-01",
            "price": "179.08",
            "revenue": 683644
        },
        "2023-02": {
            "month": "2023-02",
            "price": "185.33",
            "revenue": 439979
        },
        "2023-03": {
            "month": "2023-03",
            "price": "189.28",
            "revenue": 412194
        },
        "2023-04": {
            "month": "2023-04",
            "price": "184.79",
            "revenue": 333784
        }
    }
}
