{
    "summary": {
        "stock_name": "華廣",
        "stock_id": "4737",
        "category": "生技醫療",
        "main_business": "血糖檢測儀,血糖檢測試片",
        "website_url": "http://www.bionime.com",
        "ceo": "黃椿木",
        "pe_ratio": 66,
        "report_year_from": 2008,
        "report_year_to": 2023,
        "age": 15,
        "eps_negative_percentage": 7,
        "eps_growth_avg": {
            "last_all": 6.67,
            "last_2y": 0.78,
            "last_4y": -5.92,
            "last_8y": 3.82,
            "last_12y": 6.67,
            "last_16y": null,
            "last_20y": null,
            "at_2006_last_3y": null,
            "at_2007_last_3y": null,
            "at_2008_last_3y": null,
            "at_2009_last_3y": null,
            "at_2010_last_3y": null,
            "at_2011_last_3y": null,
            "at_2012_last_3y": null,
            "at_2013_last_3y": 13.07,
            "at_2014_last_3y": 18.09,
            "at_2015_last_3y": 8.77,
            "at_2016_last_3y": 43.48,
            "at_2017_last_3y": 16,
            "at_2018_last_3y": 24.53,
            "at_2019_last_3y": 3.92,
            "at_2020_last_3y": -21.22,
            "at_2021_last_3y": -8.44,
            "at_2022_last_3y": -4.35,
            "at_2023_last_3y": -4.35,
            "at_2006_last_all": null,
            "at_2007_last_all": null,
            "at_2008_last_all": null,
            "at_2009_last_all": null,
            "at_2010_last_all": null,
            "at_2011_last_all": 16.78,
            "at_2012_last_all": -15.91,
            "at_2013_last_all": 13.07,
            "at_2014_last_all": 1.19,
            "at_2015_last_all": 11.44,
            "at_2016_last_all": 18.03,
            "at_2017_last_all": 14.53,
            "at_2018_last_all": 11.56,
            "at_2019_last_all": 8.43,
            "at_2020_last_all": 3.76,
            "at_2021_last_all": 6.87,
            "at_2022_last_all": 6.67,
            "at_2023_last_all": 6.67
        },
        "latest_eps": 1.17,
        "latest_price": 77.5,
        "latest_roe": 3.7,
        "latest_gross_margin": 41.64,
        "latest_equity": 1949858,
        "latest_revenue": 415123,
        "latest_gross_profit": 172875,
        "latest_net_income": -5091,
        "latest_debt_ratio": 60.59,
        "latest_current_ratio": 92.52,
        "latest_account_receivable_turnover_ratio": 0.75,
        "latest_inventory_turnover_ratio": 0.43,
        "latest_reinvestment_rate": -65.29,
        "latest_research_to_sale_ratio": 12.06
    },
    "eps_dividends": {
        "2001": {
            "cash": 0,
            "stock": 0,
            "eps": 0
        },
        "2002": {
            "cash": 0,
            "stock": 0,
            "eps": 0
        },
        "2003": {
            "cash": 0,
            "stock": 0,
            "eps": 0
        },
        "2004": {
            "cash": 0,
            "stock": 0,
            "eps": 0
        },
        "2005": {
            "cash": 0,
            "stock": 0,
            "eps": 0
        },
        "2006": {
            "cash": 0,
            "stock": 0,
            "eps": 0
        },
        "2007": {
            "cash": 0,
            "stock": 0,
            "eps": 0
        },
        "2008": {
            "cash": 0,
            "stock": 0,
            "eps": 0
        },
        "2009": {
            "cash": 0.3,
            "stock": 2.5,
            "eps": 2.89
        },
        "2010": {
            "cash": 3.2,
            "stock": 0,
            "eps": 0.97
        },
        "2011": {
            "cash": 6.6,
            "stock": 1,
            "eps": 4.17
        },
        "2012": {
            "cash": 0,
            "stock": 0,
            "eps": 0.78
        },
        "2013": {
            "cash": 0.8,
            "stock": 0,
            "eps": 2.05
        },
        "2014": {
            "cash": 1.78,
            "stock": 0,
            "eps": 1.1
        },
        "2015": {
            "cash": 0.94,
            "stock": 0,
            "eps": 1.79
        },
        "2016": {
            "cash": 2,
            "stock": 0,
            "eps": 2.82
        },
        "2017": {
            "cash": 3.8,
            "stock": 0,
            "eps": 2.54
        },
        "2018": {
            "cash": 4.14,
            "stock": 0,
            "eps": 2.23
        },
        "2019": {
            "cash": 2,
            "stock": 0,
            "eps": 1.79
        },
        "2020": {
            "cash": 2,
            "stock": 0,
            "eps": 1.02
        },
        "2021": {
            "cash": 2.06,
            "stock": 0,
            "eps": 1.44
        },
        "2022": {
            "cash": 2,
            "stock": 0,
            "eps": 1.5
        },
        "2023": {
            "cash": 2.1,
            "stock": 0,
            "eps": -0.09
        }
    },
    "dividends": {
        "2009-04-15": {
            "cash": 0.3,
            "stock": 2.5
        },
        "2010-04-02": {
            "cash": 3.2,
            "stock": 0
        },
        "2011-01-01": {
            "cash": 3.6,
            "stock": 0
        },
        "2011-04-26": {
            "cash": 3,
            "stock": 1
        },
        "2013-03-28": {
            "cash": 0.8,
            "stock": 0
        },
        "2014-09-30": {
            "cash": 1.78,
            "stock": 0
        },
        "2015-09-25": {
            "cash": 0.94,
            "stock": 0
        },
        "2016-08-24": {
            "cash": 2,
            "stock": 0
        },
        "2017-08-04": {
            "cash": 3.8,
            "stock": 0
        },
        "2018-08-15": {
            "cash": 4.14,
            "stock": 0
        },
        "2019-08-30": {
            "cash": 2,
            "stock": 0
        },
        "2020-08-21": {
            "cash": 2,
            "stock": 0
        },
        "2021-08-20": {
            "cash": 2.06,
            "stock": 0
        },
        "2022-08-19": {
            "cash": 2,
            "stock": 0
        },
        "2023-03-15": {
            "cash": 2.1,
            "stock": 0
        }
    },
    "prices": {
        "200101": "無",
        "200102": "無",
        "200103": "無",
        "200104": "無",
        "200105": "無",
        "200106": "無",
        "200107": "無",
        "200108": "無",
        "200109": "無",
        "200110": "無",
        "200111": "無",
        "200112": "無",
        "200201": "無",
        "200202": "無",
        "200203": "無",
        "200204": "無",
        "200205": "無",
        "200206": "無",
        "200207": "無",
        "200208": "無",
        "200209": "無",
        "200210": "無",
        "200211": "無",
        "200212": "無",
        "200301": "無",
        "200302": "無",
        "200303": "無",
        "200304": "無",
        "200305": "無",
        "200306": "無",
        "200307": "無",
        "200308": "無",
        "200309": "無",
        "200310": "無",
        "200311": "無",
        "200312": "無",
        "200401": "無",
        "200402": "無",
        "200403": "無",
        "200404": "無",
        "200405": "無",
        "200406": "無",
        "200407": "無",
        "200408": "無",
        "200409": "無",
        "200410": "無",
        "200411": "無",
        "200412": "無",
        "200501": "無",
        "200502": "無",
        "200503": "無",
        "200504": "無",
        "200505": "無",
        "200506": "無",
        "200507": "無",
        "200508": "無",
        "200509": "無",
        "200510": "無",
        "200511": "無",
        "200512": "無",
        "200601": "無",
        "200602": "無",
        "200603": "無",
        "200604": "無",
        "200605": "無",
        "200606": "無",
        "200607": "無",
        "200608": "無",
        "200609": "無",
        "200610": "無",
        "200611": "無",
        "200612": "無",
        "200701": "無",
        "200702": "無",
        "200703": "無",
        "200704": "無",
        "200705": "無",
        "200706": "無",
        "200707": "無",
        "200708": "無",
        "200709": "無",
        "200710": "無",
        "200711": "無",
        "200712": "無",
        "200801": "無",
        "200802": "無",
        "200803": "無",
        "200804": "無",
        "200805": "無",
        "200806": "無",
        "200807": "無",
        "200808": "無",
        "200809": "無",
        "200810": "無",
        "200811": "無",
        "200812": "無",
        "200901": "無",
        "200902": "無",
        "200903": "無",
        "200904": "無",
        "200905": "無",
        "200906": "無",
        "200907": "無",
        "200908": "74.14",
        "200909": "72.48",
        "200910": "74.82",
        "200911": "82.29",
        "200912": "84.62",
        "201001": "91.06",
        "201002": "88.98",
        "201003": "90.19",
        "201004": "89.76",
        "201005": "86.93",
        "201006": "81.00",
        "201007": "82.51",
        "201008": "83.23",
        "201009": "98.09",
        "201010": "114.33",
        "201011": "109.69",
        "201012": "101.64",
        "201101": "99.00",
        "201102": "96.98",
        "201103": "99.43",
        "201104": "100.93",
        "201105": "117.69",
        "201106": "114.29",
        "201107": "115.90",
        "201108": "106.76",
        "201109": "108.81",
        "201110": "106.02",
        "201111": "98.96",
        "201112": "90.94",
        "201201": "87.89",
        "201202": "98.32",
        "201203": "98.58",
        "201204": "86.86",
        "201205": "79.72",
        "201206": "82.49",
        "201207": "77.99",
        "201208": "72.62",
        "201209": "71.44",
        "201210": "60.94",
        "201211": "52.66",
        "201212": "63.38",
        "201301": "61.89",
        "201302": "60.01",
        "201303": "58.99",
        "201304": "57.08",
        "201305": "58.44",
        "201306": "58.12",
        "201307": "58.17",
        "201308": "62.19",
        "201309": "68.77",
        "201310": "66.55",
        "201311": "61.59",
        "201312": "62.90",
        "201401": "63.69",
        "201402": "80.04",
        "201403": "82.23",
        "201404": "72.90",
        "201405": "71.13",
        "201406": "69.10",
        "201407": "62.62",
        "201408": "53.92",
        "201409": "53.51",
        "201410": "51.14",
        "201411": "46.41",
        "201412": "44.14",
        "201501": "43.88",
        "201502": "42.39",
        "201503": "49.15",
        "201504": "54.57",
        "201505": "53.31",
        "201506": "59.30",
        "201507": "62.83",
        "201508": "55.84",
        "201509": "49.57",
        "201510": "51.39",
        "201511": "57.92",
        "201512": "61.54",
        "201601": "52.91",
        "201602": "53.27",
        "201603": "52.90",
        "201604": "48.09",
        "201605": "47.07",
        "201606": "49.61",
        "201607": "50.08",
        "201608": "47.53",
        "201609": "46.03",
        "201610": "47.08",
        "201611": "48.57",
        "201612": "55.49",
        "201701": "57.38",
        "201702": "59.77",
        "201703": "66.63",
        "201704": "72.68",
        "201705": "72.96",
        "201706": "71.67",
        "201707": "67.43",
        "201708": "59.49",
        "201709": "56.85",
        "201710": "52.49",
        "201711": "54.18",
        "201712": "54.76",
        "201801": "54.34",
        "201802": "50.75",
        "201803": "55.83",
        "201804": "59.51",
        "201805": "57.29",
        "201806": "56.48",
        "201807": "53.25",
        "201808": "50.75",
        "201809": "50.83",
        "201810": "49.64",
        "201811": "47.88",
        "201812": "47.33",
        "201901": "47.17",
        "201902": "51.30",
        "201903": "52.35",
        "201904": "50.44",
        "201905": "50.41",
        "201906": "50.72",
        "201907": "50.55",
        "201908": "49.20",
        "201909": "51.77",
        "201910": "60.22",
        "201911": "65.48",
        "201912": "80.00",
        "202001": "85.37",
        "202002": "81.77",
        "202003": "66.24",
        "202004": "66.92",
        "202005": "66.29",
        "202006": "67.85",
        "202007": "74.71",
        "202008": "71.50",
        "202009": "72.91",
        "202010": "71.35",
        "202011": "70.54",
        "202012": "67.29",
        "202101": "65.81",
        "202102": "71.42",
        "202103": "80.73",
        "202104": "79.22",
        "202105": "73.87",
        "202106": "70.40",
        "202107": "68.32",
        "202108": "70.85",
        "202109": "69.50",
        "202110": "68.06",
        "202111": "67.45",
        "202112": "73.98",
        "202201": "72.57",
        "202202": "69.15",
        "202203": "68.59",
        "202204": "73.51",
        "202205": "71.84",
        "202206": "73.92",
        "202207": "73.72",
        "202208": "82.49",
        "202209": "82.10",
        "202210": "74.38",
        "202211": "77.33",
        "202212": "77.55",
        "202301": "77.12",
        "202302": "78.53",
        "202303": "78.30",
        "202304": "75.46",
        "202305": "76.37",
        "202306": "78.15"
    },
    "quarters": {
        "20011": {
            "year_quarter": 20011,
            "year": 2001,
            "quarter": 1,
            "eps": null,
            "eps_growth_year": null,
            "eps_4q": null,
            "eps_4q_growth_year": null,
            "roe": null,
            "roe_4q": 0,
            "gross_profit": null,
            "gross_margin": null,
            "gross_margin_4q_avg": 0,
            "net_income": null,
            "revenue": null,
            "common_shares": null,
            "book_valuer_per_share": null,
            "book_valuer_per_share_4q_avg": 0,
            "equity": null,
            "current_ratio": null,
            "debt_ratio": null,
            "inventory_turnover_ratio": null,
            "account_receivable_turnover_ratio": null,
            "reinvestment_rate": null,
            "research_to_sale_ratio": null,
            "price_fair": 0,
            "eps_avg_yearly": 0,
            "eps_latest_yearly": 0,
            "eps_growth_yearly": 0
        },
        "20012": {
            "year_quarter": 20012,
            "year": 2001,
            "quarter": 2,
            "eps": null,
            "eps_growth_year": null,
            "eps_4q": null,
            "eps_4q_growth_year": null,
            "roe": null,
            "roe_4q": 0,
            "gross_profit": null,
            "gross_margin": null,
            "gross_margin_4q_avg": 0,
            "net_income": null,
            "revenue": null,
            "common_shares": null,
            "book_valuer_per_share": null,
            "book_valuer_per_share_4q_avg": 0,
            "equity": null,
            "current_ratio": null,
            "debt_ratio": null,
            "inventory_turnover_ratio": null,
            "account_receivable_turnover_ratio": null,
            "reinvestment_rate": null,
            "research_to_sale_ratio": null,
            "price_fair": 0,
            "eps_avg_yearly": 0,
            "eps_latest_yearly": 0,
            "eps_growth_yearly": 0
        },
        "20013": {
            "year_quarter": 20013,
            "year": 2001,
            "quarter": 3,
            "eps": null,
            "eps_growth_year": null,
            "eps_4q": null,
            "eps_4q_growth_year": null,
            "roe": null,
            "roe_4q": 0,
            "gross_profit": null,
            "gross_margin": null,
            "gross_margin_4q_avg": 0,
            "net_income": null,
            "revenue": null,
            "common_shares": null,
            "book_valuer_per_share": null,
            "book_valuer_per_share_4q_avg": 0,
            "equity": null,
            "current_ratio": null,
            "debt_ratio": null,
            "inventory_turnover_ratio": null,
            "account_receivable_turnover_ratio": null,
            "reinvestment_rate": null,
            "research_to_sale_ratio": null,
            "price_fair": 0,
            "eps_avg_yearly": 0,
            "eps_latest_yearly": 0,
            "eps_growth_yearly": 0
        },
        "20014": {
            "year_quarter": 20014,
            "year": 2001,
            "quarter": 4,
            "eps": null,
            "eps_growth_year": null,
            "eps_4q": null,
            "eps_4q_growth_year": null,
            "roe": null,
            "roe_4q": 0,
            "gross_profit": null,
            "gross_margin": null,
            "gross_margin_4q_avg": 0,
            "net_income": null,
            "revenue": null,
            "common_shares": null,
            "book_valuer_per_share": null,
            "book_valuer_per_share_4q_avg": 0,
            "equity": null,
            "current_ratio": null,
            "debt_ratio": null,
            "inventory_turnover_ratio": null,
            "account_receivable_turnover_ratio": null,
            "reinvestment_rate": null,
            "research_to_sale_ratio": null,
            "price_fair": 0,
            "eps_avg_yearly": 0,
            "eps_latest_yearly": 0,
            "eps_growth_yearly": 0
        },
        "20021": {
            "year_quarter": 20021,
            "year": 2002,
            "quarter": 1,
            "eps": null,
            "eps_growth_year": null,
            "eps_4q": null,
            "eps_4q_growth_year": null,
            "roe": null,
            "roe_4q": 0,
            "gross_profit": null,
            "gross_margin": null,
            "gross_margin_4q_avg": 0,
            "net_income": null,
            "revenue": null,
            "common_shares": null,
            "book_valuer_per_share": null,
            "book_valuer_per_share_4q_avg": 0,
            "equity": null,
            "current_ratio": null,
            "debt_ratio": null,
            "inventory_turnover_ratio": null,
            "account_receivable_turnover_ratio": null,
            "reinvestment_rate": null,
            "research_to_sale_ratio": null,
            "price_fair": 0,
            "eps_avg_yearly": 0,
            "eps_latest_yearly": 0,
            "eps_growth_yearly": 0
        },
        "20022": {
            "year_quarter": 20022,
            "year": 2002,
            "quarter": 2,
            "eps": null,
            "eps_growth_year": null,
            "eps_4q": null,
            "eps_4q_growth_year": null,
            "roe": null,
            "roe_4q": 0,
            "gross_profit": null,
            "gross_margin": null,
            "gross_margin_4q_avg": 0,
            "net_income": null,
            "revenue": null,
            "common_shares": null,
            "book_valuer_per_share": null,
            "book_valuer_per_share_4q_avg": 0,
            "equity": null,
            "current_ratio": null,
            "debt_ratio": null,
            "inventory_turnover_ratio": null,
            "account_receivable_turnover_ratio": null,
            "reinvestment_rate": null,
            "research_to_sale_ratio": null,
            "price_fair": 0,
            "eps_avg_yearly": 0,
            "eps_latest_yearly": 0,
            "eps_growth_yearly": 0
        },
        "20023": {
            "year_quarter": 20023,
            "year": 2002,
            "quarter": 3,
            "eps": null,
            "eps_growth_year": null,
            "eps_4q": null,
            "eps_4q_growth_year": null,
            "roe": null,
            "roe_4q": 0,
            "gross_profit": null,
            "gross_margin": null,
            "gross_margin_4q_avg": 0,
            "net_income": null,
            "revenue": null,
            "common_shares": null,
            "book_valuer_per_share": null,
            "book_valuer_per_share_4q_avg": 0,
            "equity": null,
            "current_ratio": null,
            "debt_ratio": null,
            "inventory_turnover_ratio": null,
            "account_receivable_turnover_ratio": null,
            "reinvestment_rate": null,
            "research_to_sale_ratio": null,
            "price_fair": 0,
            "eps_avg_yearly": 0,
            "eps_latest_yearly": 0,
            "eps_growth_yearly": 0
        },
        "20024": {
            "year_quarter": 20024,
            "year": 2002,
            "quarter": 4,
            "eps": null,
            "eps_growth_year": null,
            "eps_4q": null,
            "eps_4q_growth_year": null,
            "roe": null,
            "roe_4q": 0,
            "gross_profit": null,
            "gross_margin": null,
            "gross_margin_4q_avg": 0,
            "net_income": null,
            "revenue": null,
            "common_shares": null,
            "book_valuer_per_share": null,
            "book_valuer_per_share_4q_avg": 0,
            "equity": null,
            "current_ratio": null,
            "debt_ratio": null,
            "inventory_turnover_ratio": null,
            "account_receivable_turnover_ratio": null,
            "reinvestment_rate": null,
            "research_to_sale_ratio": null,
            "price_fair": 0,
            "eps_avg_yearly": 0,
            "eps_latest_yearly": 0,
            "eps_growth_yearly": 0
        },
        "20031": {
            "year_quarter": 20031,
            "year": 2003,
            "quarter": 1,
            "eps": null,
            "eps_growth_year": null,
            "eps_4q": null,
            "eps_4q_growth_year": null,
            "roe": null,
            "roe_4q": 0,
            "gross_profit": null,
            "gross_margin": null,
            "gross_margin_4q_avg": 0,
            "net_income": null,
            "revenue": null,
            "common_shares": null,
            "book_valuer_per_share": null,
            "book_valuer_per_share_4q_avg": 0,
            "equity": null,
            "current_ratio": null,
            "debt_ratio": null,
            "inventory_turnover_ratio": null,
            "account_receivable_turnover_ratio": null,
            "reinvestment_rate": null,
            "research_to_sale_ratio": null,
            "price_fair": 0,
            "eps_avg_yearly": 0,
            "eps_latest_yearly": 0,
            "eps_growth_yearly": 0
        },
        "20032": {
            "year_quarter": 20032,
            "year": 2003,
            "quarter": 2,
            "eps": null,
            "eps_growth_year": null,
            "eps_4q": null,
            "eps_4q_growth_year": null,
            "roe": null,
            "roe_4q": 0,
            "gross_profit": null,
            "gross_margin": null,
            "gross_margin_4q_avg": 0,
            "net_income": null,
            "revenue": null,
            "common_shares": null,
            "book_valuer_per_share": null,
            "book_valuer_per_share_4q_avg": 0,
            "equity": null,
            "current_ratio": null,
            "debt_ratio": null,
            "inventory_turnover_ratio": null,
            "account_receivable_turnover_ratio": null,
            "reinvestment_rate": null,
            "research_to_sale_ratio": null,
            "price_fair": 0,
            "eps_avg_yearly": 0,
            "eps_latest_yearly": 0,
            "eps_growth_yearly": 0
        },
        "20033": {
            "year_quarter": 20033,
            "year": 2003,
            "quarter": 3,
            "eps": null,
            "eps_growth_year": null,
            "eps_4q": null,
            "eps_4q_growth_year": null,
            "roe": null,
            "roe_4q": 0,
            "gross_profit": null,
            "gross_margin": null,
            "gross_margin_4q_avg": 0,
            "net_income": null,
            "revenue": null,
            "common_shares": null,
            "book_valuer_per_share": null,
            "book_valuer_per_share_4q_avg": 0,
            "equity": null,
            "current_ratio": null,
            "debt_ratio": null,
            "inventory_turnover_ratio": null,
            "account_receivable_turnover_ratio": null,
            "reinvestment_rate": null,
            "research_to_sale_ratio": null,
            "price_fair": 0,
            "eps_avg_yearly": 0,
            "eps_latest_yearly": 0,
            "eps_growth_yearly": 0
        },
        "20034": {
            "year_quarter": 20034,
            "year": 2003,
            "quarter": 4,
            "eps": null,
            "eps_growth_year": null,
            "eps_4q": null,
            "eps_4q_growth_year": null,
            "roe": null,
            "roe_4q": 0,
            "gross_profit": null,
            "gross_margin": null,
            "gross_margin_4q_avg": 0,
            "net_income": null,
            "revenue": null,
            "common_shares": 45000,
            "book_valuer_per_share": 8.03,
            "book_valuer_per_share_4q_avg": 2.01,
            "equity": 36141,
            "current_ratio": 935.76,
            "debt_ratio": 7.82,
            "inventory_turnover_ratio": null,
            "account_receivable_turnover_ratio": null,
            "reinvestment_rate": null,
            "research_to_sale_ratio": null,
            "price_fair": 0,
            "eps_avg_yearly": 0,
            "eps_latest_yearly": 0,
            "eps_growth_yearly": 0
        },
        "20041": {
            "year_quarter": 20041,
            "year": 2004,
            "quarter": 1,
            "eps": null,
            "eps_growth_year": null,
            "eps_4q": null,
            "eps_4q_growth_year": null,
            "roe": null,
            "roe_4q": 0,
            "gross_profit": null,
            "gross_margin": null,
            "gross_margin_4q_avg": 0,
            "net_income": null,
            "revenue": null,
            "common_shares": null,
            "book_valuer_per_share": null,
            "book_valuer_per_share_4q_avg": 2.01,
            "equity": null,
            "current_ratio": null,
            "debt_ratio": null,
            "inventory_turnover_ratio": null,
            "account_receivable_turnover_ratio": null,
            "reinvestment_rate": null,
            "research_to_sale_ratio": null,
            "price_fair": 0,
            "eps_avg_yearly": 0,
            "eps_latest_yearly": 0,
            "eps_growth_yearly": 0
        },
        "20042": {
            "year_quarter": 20042,
            "year": 2004,
            "quarter": 2,
            "eps": null,
            "eps_growth_year": null,
            "eps_4q": null,
            "eps_4q_growth_year": null,
            "roe": null,
            "roe_4q": 0,
            "gross_profit": null,
            "gross_margin": null,
            "gross_margin_4q_avg": 0,
            "net_income": null,
            "revenue": null,
            "common_shares": null,
            "book_valuer_per_share": null,
            "book_valuer_per_share_4q_avg": 2.01,
            "equity": null,
            "current_ratio": null,
            "debt_ratio": null,
            "inventory_turnover_ratio": null,
            "account_receivable_turnover_ratio": null,
            "reinvestment_rate": null,
            "research_to_sale_ratio": null,
            "price_fair": 0,
            "eps_avg_yearly": 0,
            "eps_latest_yearly": 0,
            "eps_growth_yearly": 0
        },
        "20043": {
            "year_quarter": 20043,
            "year": 2004,
            "quarter": 3,
            "eps": null,
            "eps_growth_year": null,
            "eps_4q": null,
            "eps_4q_growth_year": null,
            "roe": null,
            "roe_4q": 0,
            "gross_profit": null,
            "gross_margin": null,
            "gross_margin_4q_avg": 0,
            "net_income": null,
            "revenue": null,
            "common_shares": null,
            "book_valuer_per_share": null,
            "book_valuer_per_share_4q_avg": 2.01,
            "equity": null,
            "current_ratio": null,
            "debt_ratio": null,
            "inventory_turnover_ratio": null,
            "account_receivable_turnover_ratio": null,
            "reinvestment_rate": null,
            "research_to_sale_ratio": null,
            "price_fair": 0,
            "eps_avg_yearly": 0,
            "eps_latest_yearly": 0,
            "eps_growth_yearly": 0
        },
        "20044": {
            "year_quarter": 20044,
            "year": 2004,
            "quarter": 4,
            "eps": null,
            "eps_growth_year": null,
            "eps_4q": null,
            "eps_4q_growth_year": null,
            "roe": null,
            "roe_4q": 0,
            "gross_profit": null,
            "gross_margin": null,
            "gross_margin_4q_avg": 0,
            "net_income": null,
            "revenue": null,
            "common_shares": 90273,
            "book_valuer_per_share": 3.55,
            "book_valuer_per_share_4q_avg": 0.89,
            "equity": 32068,
            "current_ratio": 109.24,
            "debt_ratio": 27.59,
            "inventory_turnover_ratio": null,
            "account_receivable_turnover_ratio": null,
            "reinvestment_rate": null,
            "research_to_sale_ratio": null,
            "price_fair": 0,
            "eps_avg_yearly": 0,
            "eps_latest_yearly": 0,
            "eps_growth_yearly": 0
        },
        "20051": {
            "year_quarter": 20051,
            "year": 2005,
            "quarter": 1,
            "eps": null,
            "eps_growth_year": null,
            "eps_4q": null,
            "eps_4q_growth_year": null,
            "roe": null,
            "roe_4q": 0,
            "gross_profit": null,
            "gross_margin": null,
            "gross_margin_4q_avg": 0,
            "net_income": null,
            "revenue": null,
            "common_shares": null,
            "book_valuer_per_share": null,
            "book_valuer_per_share_4q_avg": 0.89,
            "equity": null,
            "current_ratio": null,
            "debt_ratio": null,
            "inventory_turnover_ratio": null,
            "account_receivable_turnover_ratio": null,
            "reinvestment_rate": null,
            "research_to_sale_ratio": null,
            "price_fair": 0,
            "eps_avg_yearly": 0,
            "eps_latest_yearly": 0,
            "eps_growth_yearly": 0
        },
        "20052": {
            "year_quarter": 20052,
            "year": 2005,
            "quarter": 2,
            "eps": null,
            "eps_growth_year": null,
            "eps_4q": null,
            "eps_4q_growth_year": null,
            "roe": null,
            "roe_4q": 0,
            "gross_profit": null,
            "gross_margin": null,
            "gross_margin_4q_avg": 0,
            "net_income": null,
            "revenue": null,
            "common_shares": null,
            "book_valuer_per_share": null,
            "book_valuer_per_share_4q_avg": 0.89,
            "equity": null,
            "current_ratio": null,
            "debt_ratio": null,
            "inventory_turnover_ratio": null,
            "account_receivable_turnover_ratio": null,
            "reinvestment_rate": null,
            "research_to_sale_ratio": null,
            "price_fair": 0,
            "eps_avg_yearly": 0,
            "eps_latest_yearly": 0,
            "eps_growth_yearly": 0
        },
        "20053": {
            "year_quarter": 20053,
            "year": 2005,
            "quarter": 3,
            "eps": null,
            "eps_growth_year": null,
            "eps_4q": null,
            "eps_4q_growth_year": null,
            "roe": null,
            "roe_4q": 0,
            "gross_profit": null,
            "gross_margin": null,
            "gross_margin_4q_avg": 0,
            "net_income": null,
            "revenue": null,
            "common_shares": null,
            "book_valuer_per_share": null,
            "book_valuer_per_share_4q_avg": 0.89,
            "equity": null,
            "current_ratio": null,
            "debt_ratio": null,
            "inventory_turnover_ratio": null,
            "account_receivable_turnover_ratio": null,
            "reinvestment_rate": null,
            "research_to_sale_ratio": null,
            "price_fair": 0,
            "eps_avg_yearly": 0,
            "eps_latest_yearly": 0,
            "eps_growth_yearly": 0
        },
        "20054": {
            "year_quarter": 20054,
            "year": 2005,
            "quarter": 4,
            "eps": null,
            "eps_growth_year": null,
            "eps_4q": null,
            "eps_4q_growth_year": null,
            "roe": null,
            "roe_4q": 0,
            "gross_profit": null,
            "gross_margin": null,
            "gross_margin_4q_avg": 0,
            "net_income": null,
            "revenue": null,
            "common_shares": 135000,
            "book_valuer_per_share": 4.38,
            "book_valuer_per_share_4q_avg": 1.1,
            "equity": 59136,
            "current_ratio": 86.58,
            "debt_ratio": 48.09,
            "inventory_turnover_ratio": null,
            "account_receivable_turnover_ratio": null,
            "reinvestment_rate": null,
            "research_to_sale_ratio": null,
            "price_fair": 0,
            "eps_avg_yearly": 0,
            "eps_latest_yearly": 0,
            "eps_growth_yearly": 0
        },
        "20061": {
            "year_quarter": 20061,
            "year": 2006,
            "quarter": 1,
            "eps": null,
            "eps_growth_year": null,
            "eps_4q": null,
            "eps_4q_growth_year": null,
            "roe": null,
            "roe_4q": 0,
            "gross_profit": null,
            "gross_margin": null,
            "gross_margin_4q_avg": 0,
            "net_income": null,
            "revenue": null,
            "common_shares": null,
            "book_valuer_per_share": null,
            "book_valuer_per_share_4q_avg": 1.1,
            "equity": null,
            "current_ratio": null,
            "debt_ratio": null,
            "inventory_turnover_ratio": null,
            "account_receivable_turnover_ratio": null,
            "reinvestment_rate": null,
            "research_to_sale_ratio": null,
            "price_fair": 0,
            "eps_avg_yearly": 0,
            "eps_latest_yearly": 0,
            "eps_growth_yearly": 0
        },
        "20062": {
            "year_quarter": 20062,
            "year": 2006,
            "quarter": 2,
            "eps": null,
            "eps_growth_year": null,
            "eps_4q": null,
            "eps_4q_growth_year": null,
            "roe": null,
            "roe_4q": 0,
            "gross_profit": null,
            "gross_margin": null,
            "gross_margin_4q_avg": 0,
            "net_income": null,
            "revenue": null,
            "common_shares": null,
            "book_valuer_per_share": null,
            "book_valuer_per_share_4q_avg": 1.1,
            "equity": null,
            "current_ratio": null,
            "debt_ratio": null,
            "inventory_turnover_ratio": null,
            "account_receivable_turnover_ratio": null,
            "reinvestment_rate": null,
            "research_to_sale_ratio": null,
            "price_fair": 0,
            "eps_avg_yearly": 0,
            "eps_latest_yearly": 0,
            "eps_growth_yearly": 0
        },
        "20063": {
            "year_quarter": 20063,
            "year": 2006,
            "quarter": 3,
            "eps": null,
            "eps_growth_year": null,
            "eps_4q": null,
            "eps_4q_growth_year": null,
            "roe": null,
            "roe_4q": 0,
            "gross_profit": null,
            "gross_margin": null,
            "gross_margin_4q_avg": 0,
            "net_income": null,
            "revenue": null,
            "common_shares": null,
            "book_valuer_per_share": null,
            "book_valuer_per_share_4q_avg": 1.1,
            "equity": null,
            "current_ratio": null,
            "debt_ratio": null,
            "inventory_turnover_ratio": null,
            "account_receivable_turnover_ratio": null,
            "reinvestment_rate": null,
            "research_to_sale_ratio": null,
            "price_fair": 0,
            "eps_avg_yearly": 0,
            "eps_latest_yearly": 0,
            "eps_growth_yearly": 0
        },
        "20064": {
            "year_quarter": 20064,
            "year": 2006,
            "quarter": 4,
            "eps": null,
            "eps_growth_year": null,
            "eps_4q": null,
            "eps_4q_growth_year": null,
            "roe": null,
            "roe_4q": 0,
            "gross_profit": null,
            "gross_margin": null,
            "gross_margin_4q_avg": 0,
            "net_income": null,
            "revenue": null,
            "common_shares": 185000,
            "book_valuer_per_share": 8.36,
            "book_valuer_per_share_4q_avg": 2.09,
            "equity": 154661,
            "current_ratio": 211.32,
            "debt_ratio": 29.17,
            "inventory_turnover_ratio": null,
            "account_receivable_turnover_ratio": null,
            "reinvestment_rate": null,
            "research_to_sale_ratio": null,
            "price_fair": 0,
            "eps_avg_yearly": 0,
            "eps_latest_yearly": 0,
            "eps_growth_yearly": 0
        },
        "20071": {
            "year_quarter": 20071,
            "year": 2007,
            "quarter": 1,
            "eps": null,
            "eps_growth_year": null,
            "eps_4q": null,
            "eps_4q_growth_year": null,
            "roe": null,
            "roe_4q": 0,
            "gross_profit": null,
            "gross_margin": null,
            "gross_margin_4q_avg": 0,
            "net_income": null,
            "revenue": null,
            "common_shares": null,
            "book_valuer_per_share": null,
            "book_valuer_per_share_4q_avg": 2.09,
            "equity": null,
            "current_ratio": null,
            "debt_ratio": null,
            "inventory_turnover_ratio": null,
            "account_receivable_turnover_ratio": null,
            "reinvestment_rate": null,
            "research_to_sale_ratio": null,
            "price_fair": 0,
            "eps_avg_yearly": 0,
            "eps_latest_yearly": 0,
            "eps_growth_yearly": 0
        },
        "20072": {
            "year_quarter": 20072,
            "year": 2007,
            "quarter": 2,
            "eps": null,
            "eps_growth_year": null,
            "eps_4q": null,
            "eps_4q_growth_year": null,
            "roe": null,
            "roe_4q": 0,
            "gross_profit": null,
            "gross_margin": null,
            "gross_margin_4q_avg": 0,
            "net_income": null,
            "revenue": null,
            "common_shares": null,
            "book_valuer_per_share": null,
            "book_valuer_per_share_4q_avg": 2.09,
            "equity": null,
            "current_ratio": null,
            "debt_ratio": null,
            "inventory_turnover_ratio": null,
            "account_receivable_turnover_ratio": null,
            "reinvestment_rate": null,
            "research_to_sale_ratio": null,
            "price_fair": 0,
            "eps_avg_yearly": 0,
            "eps_latest_yearly": 0,
            "eps_growth_yearly": 0
        },
        "20073": {
            "year_quarter": 20073,
            "year": 2007,
            "quarter": 3,
            "eps": null,
            "eps_growth_year": null,
            "eps_4q": null,
            "eps_4q_growth_year": null,
            "roe": null,
            "roe_4q": 0,
            "gross_profit": null,
            "gross_margin": null,
            "gross_margin_4q_avg": 0,
            "net_income": null,
            "revenue": null,
            "common_shares": null,
            "book_valuer_per_share": null,
            "book_valuer_per_share_4q_avg": 2.09,
            "equity": null,
            "current_ratio": null,
            "debt_ratio": null,
            "inventory_turnover_ratio": null,
            "account_receivable_turnover_ratio": null,
            "reinvestment_rate": null,
            "research_to_sale_ratio": null,
            "price_fair": 0,
            "eps_avg_yearly": 0,
            "eps_latest_yearly": 0,
            "eps_growth_yearly": 0
        },
        "20074": {
            "year_quarter": 20074,
            "year": 2007,
            "quarter": 4,
            "eps": null,
            "eps_growth_year": null,
            "eps_4q": null,
            "eps_4q_growth_year": null,
            "roe": null,
            "roe_4q": 0,
            "gross_profit": null,
            "gross_margin": null,
            "gross_margin_4q_avg": 0,
            "net_income": null,
            "revenue": null,
            "common_shares": 219350,
            "book_valuer_per_share": 12.08,
            "book_valuer_per_share_4q_avg": 3.02,
            "equity": 264881,
            "current_ratio": 210.98,
            "debt_ratio": 32.34,
            "inventory_turnover_ratio": null,
            "account_receivable_turnover_ratio": null,
            "reinvestment_rate": null,
            "research_to_sale_ratio": null,
            "price_fair": 0,
            "eps_avg_yearly": 0,
            "eps_latest_yearly": 0,
            "eps_growth_yearly": 0
        },
        "20081": {
            "year_quarter": 20081,
            "year": 2008,
            "quarter": 1,
            "eps": null,
            "eps_growth_year": null,
            "eps_4q": null,
            "eps_4q_growth_year": null,
            "roe": null,
            "roe_4q": 0,
            "gross_profit": null,
            "gross_margin": null,
            "gross_margin_4q_avg": 0,
            "net_income": null,
            "revenue": null,
            "common_shares": null,
            "book_valuer_per_share": null,
            "book_valuer_per_share_4q_avg": 3.02,
            "equity": null,
            "current_ratio": null,
            "debt_ratio": null,
            "inventory_turnover_ratio": null,
            "account_receivable_turnover_ratio": null,
            "reinvestment_rate": null,
            "research_to_sale_ratio": null,
            "price_fair": 0,
            "eps_avg_yearly": 0,
            "eps_latest_yearly": 0,
            "eps_growth_yearly": 0
        },
        "20082": {
            "year_quarter": 20082,
            "year": 2008,
            "quarter": 2,
            "eps": null,
            "eps_growth_year": null,
            "eps_4q": null,
            "eps_4q_growth_year": null,
            "roe": null,
            "roe_4q": 0,
            "gross_profit": null,
            "gross_margin": null,
            "gross_margin_4q_avg": 0,
            "net_income": null,
            "revenue": null,
            "common_shares": null,
            "book_valuer_per_share": null,
            "book_valuer_per_share_4q_avg": 3.02,
            "equity": null,
            "current_ratio": null,
            "debt_ratio": null,
            "inventory_turnover_ratio": null,
            "account_receivable_turnover_ratio": null,
            "reinvestment_rate": null,
            "research_to_sale_ratio": null,
            "price_fair": 0,
            "eps_avg_yearly": 0,
            "eps_latest_yearly": 0,
            "eps_growth_yearly": 0
        },
        "20083": {
            "year_quarter": 20083,
            "year": 2008,
            "quarter": 3,
            "eps": null,
            "eps_growth_year": null,
            "eps_4q": null,
            "eps_4q_growth_year": null,
            "roe": null,
            "roe_4q": 0,
            "gross_profit": null,
            "gross_margin": null,
            "gross_margin_4q_avg": 0,
            "net_income": null,
            "revenue": null,
            "common_shares": null,
            "book_valuer_per_share": null,
            "book_valuer_per_share_4q_avg": 3.02,
            "equity": null,
            "current_ratio": null,
            "debt_ratio": null,
            "inventory_turnover_ratio": null,
            "account_receivable_turnover_ratio": null,
            "reinvestment_rate": null,
            "research_to_sale_ratio": null,
            "price_fair": 0,
            "eps_avg_yearly": 0,
            "eps_latest_yearly": 0,
            "eps_growth_yearly": 0
        },
        "20084": {
            "year_quarter": 20084,
            "year": 2008,
            "quarter": 4,
            "eps": null,
            "eps_growth_year": null,
            "eps_4q": null,
            "eps_4q_growth_year": null,
            "roe": null,
            "roe_4q": 0,
            "gross_profit": null,
            "gross_margin": null,
            "gross_margin_4q_avg": 0,
            "net_income": null,
            "revenue": null,
            "common_shares": 278844,
            "book_valuer_per_share": 18.26,
            "book_valuer_per_share_4q_avg": 4.57,
            "equity": 509142,
            "current_ratio": 408.35,
            "debt_ratio": 19.27,
            "inventory_turnover_ratio": null,
            "account_receivable_turnover_ratio": null,
            "reinvestment_rate": null,
            "research_to_sale_ratio": null,
            "price_fair": 0,
            "eps_avg_yearly": 0,
            "eps_latest_yearly": 0,
            "eps_growth_yearly": 0
        },
        "20091": {
            "year_quarter": 20091,
            "year": 2009,
            "quarter": 1,
            "eps": null,
            "eps_growth_year": null,
            "eps_4q": null,
            "eps_4q_growth_year": null,
            "roe": null,
            "roe_4q": 0,
            "gross_profit": null,
            "gross_margin": null,
            "gross_margin_4q_avg": 0,
            "net_income": null,
            "revenue": null,
            "common_shares": null,
            "book_valuer_per_share": null,
            "book_valuer_per_share_4q_avg": 4.57,
            "equity": null,
            "current_ratio": null,
            "debt_ratio": null,
            "inventory_turnover_ratio": null,
            "account_receivable_turnover_ratio": null,
            "reinvestment_rate": null,
            "research_to_sale_ratio": null,
            "price_fair": 0,
            "eps_avg_yearly": 0,
            "eps_latest_yearly": 0,
            "eps_growth_yearly": 0
        },
        "20092": {
            "year_quarter": 20092,
            "year": 2009,
            "quarter": 2,
            "eps": null,
            "eps_growth_year": null,
            "eps_4q": null,
            "eps_4q_growth_year": null,
            "roe": null,
            "roe_4q": 0,
            "gross_profit": null,
            "gross_margin": null,
            "gross_margin_4q_avg": 0,
            "net_income": null,
            "revenue": null,
            "common_shares": 278844,
            "book_valuer_per_share": null,
            "book_valuer_per_share_4q_avg": 4.57,
            "equity": 538248,
            "current_ratio": null,
            "debt_ratio": null,
            "inventory_turnover_ratio": null,
            "account_receivable_turnover_ratio": null,
            "reinvestment_rate": null,
            "research_to_sale_ratio": null,
            "price_fair": 0,
            "eps_avg_yearly": 0,
            "eps_latest_yearly": 0,
            "eps_growth_yearly": 0
        },
        "20093": {
            "year_quarter": 20093,
            "year": 2009,
            "quarter": 3,
            "eps": 0.99,
            "eps_growth_year": null,
            "eps_4q": null,
            "eps_4q_growth_year": null,
            "roe": 6.22,
            "roe_4q": 6.22,
            "gross_profit": 131666,
            "gross_margin": 46.64,
            "gross_margin_4q_avg": 11.66,
            "net_income": 34632,
            "revenue": 282293,
            "common_shares": 352356,
            "book_valuer_per_share": 16.31,
            "book_valuer_per_share_4q_avg": 8.64,
            "equity": 574711,
            "current_ratio": 267.53,
            "debt_ratio": 32.66,
            "inventory_turnover_ratio": 1.38,
            "account_receivable_turnover_ratio": 2.74,
            "reinvestment_rate": null,
            "research_to_sale_ratio": null,
            "price_fair": 0,
            "eps_avg_yearly": 0,
            "eps_latest_yearly": 0,
            "eps_growth_yearly": 0
        },
        "20094": {
            "year_quarter": 20094,
            "year": 2009,
            "quarter": 4,
            "eps": 1.9,
            "eps_growth_year": null,
            "eps_4q": null,
            "eps_4q_growth_year": null,
            "roe": 10.93,
            "roe_4q": 17.15,
            "gross_profit": 118980,
            "gross_margin": 50.33,
            "gross_margin_4q_avg": 24.24,
            "net_income": 66435,
            "revenue": 236409,
            "common_shares": 352356,
            "book_valuer_per_share": 18.19,
            "book_valuer_per_share_4q_avg": 8.63,
            "equity": 640895,
            "current_ratio": 323.29,
            "debt_ratio": 28.16,
            "inventory_turnover_ratio": 0.97,
            "account_receivable_turnover_ratio": 1.57,
            "reinvestment_rate": null,
            "research_to_sale_ratio": null,
            "price_fair": 266,
            "eps_avg_yearly": 7.6,
            "eps_latest_yearly": 7.6,
            "eps_growth_yearly": 367.68
        },
        "20101": {
            "year_quarter": 20101,
            "year": 2010,
            "quarter": 1,
            "eps": null,
            "eps_growth_year": null,
            "eps_4q": null,
            "eps_4q_growth_year": null,
            "roe": null,
            "roe_4q": 17.15,
            "gross_profit": 124992,
            "gross_margin": null,
            "gross_margin_4q_avg": 24.24,
            "net_income": 21742,
            "revenue": 251425,
            "common_shares": 362356,
            "book_valuer_per_share": 18.65,
            "book_valuer_per_share_4q_avg": 13.29,
            "equity": 675637,
            "current_ratio": 310.99,
            "debt_ratio": 28.57,
            "inventory_turnover_ratio": null,
            "account_receivable_turnover_ratio": null,
            "reinvestment_rate": null,
            "research_to_sale_ratio": null,
            "price_fair": 266,
            "eps_avg_yearly": 7.6,
            "eps_latest_yearly": 7.6,
            "eps_growth_yearly": 367.68
        },
        "20102": {
            "year_quarter": 20102,
            "year": 2010,
            "quarter": 2,
            "eps": 0.97,
            "eps_growth_year": null,
            "eps_4q": 3.76,
            "eps_4q_growth_year": null,
            "roe": 5.54,
            "roe_4q": 22.689999999999998,
            "gross_profit": 148233,
            "gross_margin": 50.42,
            "gross_margin_4q_avg": 36.85,
            "net_income": 35189,
            "revenue": 293990,
            "common_shares": 362356,
            "book_valuer_per_share": 16.44,
            "book_valuer_per_share_4q_avg": 17.4,
            "equity": 595627,
            "current_ratio": 199.37,
            "debt_ratio": 42.55,
            "inventory_turnover_ratio": 0.85,
            "account_receivable_turnover_ratio": 1.87,
            "reinvestment_rate": null,
            "research_to_sale_ratio": null,
            "price_fair": 266,
            "eps_avg_yearly": 7.6,
            "eps_latest_yearly": 7.6,
            "eps_growth_yearly": 367.68
        },
        "20103": {
            "year_quarter": 20103,
            "year": 2010,
            "quarter": 3,
            "eps": null,
            "eps_growth_year": null,
            "eps_4q": null,
            "eps_4q_growth_year": null,
            "roe": null,
            "roe_4q": 16.47,
            "gross_profit": 150422,
            "gross_margin": null,
            "gross_margin_4q_avg": 25.19,
            "net_income": 41631,
            "revenue": 305575,
            "common_shares": 362356,
            "book_valuer_per_share": 17.58,
            "book_valuer_per_share_4q_avg": 17.72,
            "equity": 636980,
            "current_ratio": 250.84,
            "debt_ratio": 32.04,
            "inventory_turnover_ratio": null,
            "account_receivable_turnover_ratio": null,
            "reinvestment_rate": null,
            "research_to_sale_ratio": null,
            "price_fair": 266,
            "eps_avg_yearly": 7.6,
            "eps_latest_yearly": 7.6,
            "eps_growth_yearly": 367.68
        },
        "20104": {
            "year_quarter": 20104,
            "year": 2010,
            "quarter": 4,
            "eps": null,
            "eps_growth_year": null,
            "eps_4q": null,
            "eps_4q_growth_year": null,
            "roe": null,
            "roe_4q": 5.54,
            "gross_profit": 174140,
            "gross_margin": null,
            "gross_margin_4q_avg": 12.61,
            "net_income": 37488,
            "revenue": 360753,
            "common_shares": 399516,
            "book_valuer_per_share": 25.44,
            "book_valuer_per_share_4q_avg": 19.53,
            "equity": 1016422,
            "current_ratio": 402.86,
            "debt_ratio": 21.03,
            "inventory_turnover_ratio": null,
            "account_receivable_turnover_ratio": null,
            "reinvestment_rate": null,
            "research_to_sale_ratio": null,
            "price_fair": 266,
            "eps_avg_yearly": 7.6,
            "eps_latest_yearly": 7.6,
            "eps_growth_yearly": 367.68
        },
        "20111": {
            "year_quarter": 20111,
            "year": 2011,
            "quarter": 1,
            "eps": 1.01,
            "eps_growth_year": null,
            "eps_4q": 1.89,
            "eps_4q_growth_year": null,
            "roe": 3.9,
            "roe_4q": 9.44,
            "gross_profit": 141956,
            "gross_margin": 46.01,
            "gross_margin_4q_avg": 24.11,
            "net_income": 40463,
            "revenue": 308556,
            "common_shares": 399516,
            "book_valuer_per_share": 26.48,
            "book_valuer_per_share_4q_avg": 21.49,
            "equity": 1058029,
            "current_ratio": 278.06,
            "debt_ratio": 30.47,
            "inventory_turnover_ratio": 0.94,
            "account_receivable_turnover_ratio": 0.84,
            "reinvestment_rate": null,
            "research_to_sale_ratio": 7.1,
            "price_fair": 266,
            "eps_avg_yearly": 7.6,
            "eps_latest_yearly": 7.6,
            "eps_growth_yearly": 367.68
        },
        "20112": {
            "year_quarter": 20112,
            "year": 2011,
            "quarter": 2,
            "eps": 0.92,
            "eps_growth_year": -5.61,
            "eps_4q": 1.84,
            "eps_4q_growth_year": -51.14,
            "roe": 3.96,
            "roe_4q": 7.859999999999999,
            "gross_profit": 181602,
            "gross_margin": 50.17,
            "gross_margin_4q_avg": 24.05,
            "net_income": 40283,
            "revenue": 361971,
            "common_shares": 399516,
            "book_valuer_per_share": 24.46,
            "book_valuer_per_share_4q_avg": 23.49,
            "equity": 977095,
            "current_ratio": 189.23,
            "debt_ratio": 43.13,
            "inventory_turnover_ratio": 0.82,
            "account_receivable_turnover_ratio": 0.88,
            "reinvestment_rate": null,
            "research_to_sale_ratio": 6.66,
            "price_fair": 197.4,
            "eps_avg_yearly": 5.64,
            "eps_latest_yearly": 3.68,
            "eps_growth_yearly": 166.02
        },
        "20113": {
            "year_quarter": 20113,
            "year": 2011,
            "quarter": 3,
            "eps": 0.91,
            "eps_growth_year": null,
            "eps_4q": 2.75,
            "eps_4q_growth_year": null,
            "roe": 4,
            "roe_4q": 11.86,
            "gross_profit": 182765,
            "gross_margin": 48.23,
            "gross_margin_4q_avg": 36.1,
            "net_income": 40062,
            "revenue": 378920,
            "common_shares": 439468,
            "book_valuer_per_share": 23.34,
            "book_valuer_per_share_4q_avg": 24.93,
            "equity": 1025612,
            "current_ratio": 144.83,
            "debt_ratio": 65.54,
            "inventory_turnover_ratio": 0.69,
            "account_receivable_turnover_ratio": 0.85,
            "reinvestment_rate": null,
            "research_to_sale_ratio": 6.9,
            "price_fair": 174.07,
            "eps_avg_yearly": 4.97,
            "eps_latest_yearly": 3.64,
            "eps_growth_yearly": 109.23
        },
        "20114": {
            "year_quarter": 20114,
            "year": 2011,
            "quarter": 4,
            "eps": 1.33,
            "eps_growth_year": null,
            "eps_4q": 4.08,
            "eps_4q_growth_year": null,
            "roe": 5.52,
            "roe_4q": 17.38,
            "gross_profit": 204907,
            "gross_margin": 47.98,
            "gross_margin_4q_avg": 48.1,
            "net_income": 58303,
            "revenue": 427096,
            "common_shares": 439468,
            "book_valuer_per_share": 24.69,
            "book_valuer_per_share_4q_avg": 24.74,
            "equity": 1085081,
            "current_ratio": 161.63,
            "debt_ratio": 61.94,
            "inventory_turnover_ratio": 0.69,
            "account_receivable_turnover_ratio": 0.97,
            "reinvestment_rate": null,
            "research_to_sale_ratio": 6.55,
            "price_fair": 177.1,
            "eps_avg_yearly": 5.06,
            "eps_latest_yearly": 5.32,
            "eps_growth_yearly": 128.08
        },
        "20121": {
            "year_quarter": 20121,
            "year": 2012,
            "quarter": 1,
            "eps": 0.02,
            "eps_growth_year": -98.02,
            "eps_4q": 3.17,
            "eps_4q_growth_year": 67.44,
            "roe": 0.06,
            "roe_4q": 13.54,
            "gross_profit": 144204,
            "gross_margin": 44.32,
            "gross_margin_4q_avg": 47.68,
            "net_income": 688,
            "revenue": 325402,
            "common_shares": 439468,
            "book_valuer_per_share": 25.37,
            "book_valuer_per_share_4q_avg": 24.47,
            "equity": 1114937,
            "current_ratio": 298.16,
            "debt_ratio": 69.44,
            "inventory_turnover_ratio": 0.54,
            "account_receivable_turnover_ratio": 0.74,
            "reinvestment_rate": null,
            "research_to_sale_ratio": 8.13,
            "price_fair": 136.81,
            "eps_avg_yearly": 4.06,
            "eps_latest_yearly": 0.08,
            "eps_growth_yearly": 23.66
        },
        "20122": {
            "year_quarter": 20122,
            "year": 2012,
            "quarter": 2,
            "eps": 0.03,
            "eps_growth_year": -96.33,
            "eps_4q": 2.29,
            "eps_4q_growth_year": 24.51,
            "roe": 0.14,
            "roe_4q": 9.719999999999999,
            "gross_profit": 150110,
            "gross_margin": 39.43,
            "gross_margin_4q_avg": 44.99,
            "net_income": 1480,
            "revenue": 380744,
            "common_shares": 439468,
            "book_valuer_per_share": 21.88,
            "book_valuer_per_share_4q_avg": 23.82,
            "equity": 961346,
            "current_ratio": 200.77,
            "debt_ratio": 73.87,
            "inventory_turnover_ratio": 0.73,
            "account_receivable_turnover_ratio": 0.83,
            "reinvestment_rate": null,
            "research_to_sale_ratio": 5.92,
            "price_fair": 119.23,
            "eps_avg_yearly": 3.41,
            "eps_latest_yearly": 0.12,
            "eps_growth_yearly": 53.05
        },
        "20123": {
            "year_quarter": 20123,
            "year": 2012,
            "quarter": 3,
            "eps": 0.56,
            "eps_growth_year": -39.05,
            "eps_4q": 1.93,
            "eps_4q_growth_year": -29.73,
            "roe": 2.51,
            "roe_4q": 8.23,
            "gross_profit": 184517,
            "gross_margin": 47.3,
            "gross_margin_4q_avg": 44.76,
            "net_income": 24416,
            "revenue": 390086,
            "common_shares": 439468,
            "book_valuer_per_share": 22.47,
            "book_valuer_per_share_4q_avg": 23.6,
            "equity": 987667,
            "current_ratio": 176.06,
            "debt_ratio": 72.7,
            "inventory_turnover_ratio": 0.71,
            "account_receivable_turnover_ratio": 0.79,
            "reinvestment_rate": null,
            "research_to_sale_ratio": 6.67,
            "price_fair": 113.4,
            "eps_avg_yearly": 3.24,
            "eps_latest_yearly": 2.24,
            "eps_growth_yearly": 1055
        },
        "20124": {
            "year_quarter": 20124,
            "year": 2012,
            "quarter": 4,
            "eps": 0.17,
            "eps_growth_year": -87.03,
            "eps_4q": 0.78,
            "eps_4q_growth_year": -80.94,
            "roe": 0.76,
            "roe_4q": 3.4699999999999998,
            "gross_profit": 147379,
            "gross_margin": 43.5,
            "gross_margin_4q_avg": 43.64,
            "net_income": 7563,
            "revenue": 338790,
            "common_shares": 439468,
            "book_valuer_per_share": 22.78,
            "book_valuer_per_share_4q_avg": 23.13,
            "equity": 1000969,
            "current_ratio": 130.49,
            "debt_ratio": 72.44,
            "inventory_turnover_ratio": 0.66,
            "account_receivable_turnover_ratio": 0.71,
            "reinvestment_rate": null,
            "research_to_sale_ratio": 7.39,
            "price_fair": 102.2,
            "eps_avg_yearly": 2.92,
            "eps_latest_yearly": 0.68,
            "eps_growth_yearly": 888.3
        },
        "20131": {
            "year_quarter": 20131,
            "year": 2013,
            "quarter": 1,
            "eps": 0.46,
            "eps_growth_year": 2200,
            "eps_4q": 1.23,
            "eps_4q_growth_year": -61.36,
            "roe": 2.02,
            "roe_4q": 5.43,
            "gross_profit": 135359,
            "gross_margin": 38.37,
            "gross_margin_4q_avg": 42.15,
            "net_income": 20378,
            "revenue": 352801,
            "common_shares": 439468,
            "book_valuer_per_share": 23.25,
            "book_valuer_per_share_4q_avg": 22.6,
            "equity": 1021548,
            "current_ratio": 54.46,
            "debt_ratio": 73.5,
            "inventory_turnover_ratio": 0.74,
            "account_receivable_turnover_ratio": 0.97,
            "reinvestment_rate": null,
            "research_to_sale_ratio": 6.3,
            "price_fair": 98,
            "eps_avg_yearly": 2.8,
            "eps_latest_yearly": 1.84,
            "eps_growth_yearly": 865.42
        },
        "20132": {
            "year_quarter": 20132,
            "year": 2013,
            "quarter": 2,
            "eps": 0.73,
            "eps_growth_year": 2067.65,
            "eps_4q": 1.92,
            "eps_4q_growth_year": -16.15,
            "roe": 3.12,
            "roe_4q": 8.41,
            "gross_profit": 173857,
            "gross_margin": 41.04,
            "gross_margin_4q_avg": 42.55,
            "net_income": 31942,
            "revenue": 423619,
            "common_shares": 439468,
            "book_valuer_per_share": 23.32,
            "book_valuer_per_share_4q_avg": 22.96,
            "equity": 1024724,
            "current_ratio": 66.61,
            "debt_ratio": 74.76,
            "inventory_turnover_ratio": 0.76,
            "account_receivable_turnover_ratio": 1.39,
            "reinvestment_rate": 495.18,
            "research_to_sale_ratio": 4.57,
            "price_fair": 98.42,
            "eps_avg_yearly": 2.81,
            "eps_latest_yearly": 2.92,
            "eps_growth_yearly": 802.35
        },
        "20133": {
            "year_quarter": 20133,
            "year": 2013,
            "quarter": 3,
            "eps": 0.71,
            "eps_growth_year": 27.79,
            "eps_4q": 2.07,
            "eps_4q_growth_year": 7.32,
            "roe": 3,
            "roe_4q": 8.9,
            "gross_profit": 159037,
            "gross_margin": 39.97,
            "gross_margin_4q_avg": 40.72,
            "net_income": 31221,
            "revenue": 397919,
            "common_shares": 439468,
            "book_valuer_per_share": 24.1,
            "book_valuer_per_share_4q_avg": 23.36,
            "equity": 1059081,
            "current_ratio": 60.97,
            "debt_ratio": 75.55,
            "inventory_turnover_ratio": 0.65,
            "account_receivable_turnover_ratio": 1.28,
            "reinvestment_rate": 560.96,
            "research_to_sale_ratio": 6.12,
            "price_fair": 98.51,
            "eps_avg_yearly": 2.81,
            "eps_latest_yearly": 2.84,
            "eps_growth_yearly": 728.42
        },
        "20134": {
            "year_quarter": 20134,
            "year": 2013,
            "quarter": 4,
            "eps": 0.15,
            "eps_growth_year": -15.54,
            "eps_4q": 2.05,
            "eps_4q_growth_year": 163.36,
            "roe": 0.6,
            "roe_4q": 8.74,
            "gross_profit": 159538,
            "gross_margin": 41.27,
            "gross_margin_4q_avg": 40.16,
            "net_income": 6388,
            "revenue": 386558,
            "common_shares": 439468,
            "book_valuer_per_share": 24.36,
            "book_valuer_per_share_4q_avg": 23.76,
            "equity": 1070677,
            "current_ratio": 109.47,
            "debt_ratio": 76.33,
            "inventory_turnover_ratio": 0.66,
            "account_receivable_turnover_ratio": 1.29,
            "reinvestment_rate": 631.08,
            "research_to_sale_ratio": 9.12,
            "price_fair": 76.24,
            "eps_avg_yearly": 2.18,
            "eps_latest_yearly": 0.6,
            "eps_growth_yearly": 666.31
        },
        "20141": {
            "year_quarter": 20141,
            "year": 2014,
            "quarter": 1,
            "eps": 0.06,
            "eps_growth_year": -86.96,
            "eps_4q": 1.64,
            "eps_4q_growth_year": 34.15,
            "roe": 0.25,
            "roe_4q": 6.970000000000001,
            "gross_profit": 124344,
            "gross_margin": 37.88,
            "gross_margin_4q_avg": 40.04,
            "net_income": 2671,
            "revenue": 328256,
            "common_shares": 439468,
            "book_valuer_per_share": 24.48,
            "book_valuer_per_share_4q_avg": 24.07,
            "equity": 1075807,
            "current_ratio": 84.69,
            "debt_ratio": 75.18,
            "inventory_turnover_ratio": 0.66,
            "account_receivable_turnover_ratio": 1.18,
            "reinvestment_rate": 654.09,
            "research_to_sale_ratio": 7.12,
            "price_fair": 70.58,
            "eps_avg_yearly": 2.02,
            "eps_latest_yearly": 0.24,
            "eps_growth_yearly": 590.78
        },
        "20142": {
            "year_quarter": 20142,
            "year": 2014,
            "quarter": 2,
            "eps": 0.05,
            "eps_growth_year": -93.15,
            "eps_4q": 0.97,
            "eps_4q_growth_year": -49.58,
            "roe": 0.21,
            "roe_4q": 4.0600000000000005,
            "gross_profit": 143013,
            "gross_margin": 41.33,
            "gross_margin_4q_avg": 40.11,
            "net_income": 2224,
            "revenue": 346059,
            "common_shares": 439468,
            "book_valuer_per_share": 22.76,
            "book_valuer_per_share_4q_avg": 23.93,
            "equity": 1000074,
            "current_ratio": 83.49,
            "debt_ratio": 77.27,
            "inventory_turnover_ratio": 0.64,
            "account_receivable_turnover_ratio": 1.3,
            "reinvestment_rate": 696.65,
            "research_to_sale_ratio": 6.66,
            "price_fair": 65.69,
            "eps_avg_yearly": 1.88,
            "eps_latest_yearly": 0.2,
            "eps_growth_yearly": 540.21
        },
        "20143": {
            "year_quarter": 20143,
            "year": 2014,
            "quarter": 3,
            "eps": 0.24,
            "eps_growth_year": -66.2,
            "eps_4q": 0.5,
            "eps_4q_growth_year": -75.84,
            "roe": 1.06,
            "roe_4q": 2.12,
            "gross_profit": 137311,
            "gross_margin": 35.62,
            "gross_margin_4q_avg": 39.03,
            "net_income": 10725,
            "revenue": 385438,
            "common_shares": 439468,
            "book_valuer_per_share": 23.11,
            "book_valuer_per_share_4q_avg": 23.68,
            "equity": 1015664,
            "current_ratio": 81.54,
            "debt_ratio": 76.93,
            "inventory_turnover_ratio": 0.76,
            "account_receivable_turnover_ratio": 1.42,
            "reinvestment_rate": 741.94,
            "research_to_sale_ratio": 5.59,
            "price_fair": 63.4,
            "eps_avg_yearly": 1.81,
            "eps_latest_yearly": 0.96,
            "eps_growth_yearly": 610.2
        },
        "20144": {
            "year_quarter": 20144,
            "year": 2014,
            "quarter": 4,
            "eps": 0.75,
            "eps_growth_year": 417.36,
            "eps_4q": 1.06,
            "eps_4q_growth_year": -48.41,
            "roe": 3.27,
            "roe_4q": 4.79,
            "gross_profit": 189953,
            "gross_margin": 40.86,
            "gross_margin_4q_avg": 38.92,
            "net_income": 38689,
            "revenue": 464916,
            "common_shares": 514468,
            "book_valuer_per_share": 26.19,
            "book_valuer_per_share_4q_avg": 24.14,
            "equity": 1347172,
            "current_ratio": 95.96,
            "debt_ratio": 71.13,
            "inventory_turnover_ratio": 0.84,
            "account_receivable_turnover_ratio": 1.57,
            "reinvestment_rate": 742.38,
            "research_to_sale_ratio": 5.17,
            "price_fair": 66.17,
            "eps_avg_yearly": 1.89,
            "eps_latest_yearly": 3,
            "eps_growth_yearly": 626.18
        },
        "20151": {
            "year_quarter": 20151,
            "year": 2015,
            "quarter": 1,
            "eps": 0.39,
            "eps_growth_year": 550,
            "eps_4q": 1.4,
            "eps_4q_growth_year": -15,
            "roe": 1.49,
            "roe_4q": 6.03,
            "gross_profit": 150350,
            "gross_margin": 40.19,
            "gross_margin_4q_avg": 39.5,
            "net_income": 20230,
            "revenue": 374129,
            "common_shares": 514468,
            "book_valuer_per_share": 26.58,
            "book_valuer_per_share_4q_avg": 24.66,
            "equity": 1367214,
            "current_ratio": 97.77,
            "debt_ratio": 66.03,
            "inventory_turnover_ratio": 0.67,
            "account_receivable_turnover_ratio": 1.33,
            "reinvestment_rate": 773.51,
            "research_to_sale_ratio": 6.46,
            "price_fair": 65.45,
            "eps_avg_yearly": 1.87,
            "eps_latest_yearly": 1.56,
            "eps_growth_yearly": 575.05
        },
        "20152": {
            "year_quarter": 20152,
            "year": 2015,
            "quarter": 2,
            "eps": 0.24,
            "eps_growth_year": 380,
            "eps_4q": 1.59,
            "eps_4q_growth_year": 64.89,
            "roe": 0.92,
            "roe_4q": 6.74,
            "gross_profit": 144538,
            "gross_margin": 39.41,
            "gross_margin_4q_avg": 39.02,
            "net_income": 12402,
            "revenue": 366729,
            "common_shares": 514468,
            "book_valuer_per_share": 25.86,
            "book_valuer_per_share_4q_avg": 25.44,
            "equity": 1330455,
            "current_ratio": 85.64,
            "debt_ratio": 67.58,
            "inventory_turnover_ratio": 0.63,
            "account_receivable_turnover_ratio": 1.46,
            "reinvestment_rate": 854.21,
            "research_to_sale_ratio": 7.56,
            "price_fair": 59.5,
            "eps_avg_yearly": 1.7,
            "eps_latest_yearly": 0.96,
            "eps_growth_yearly": 567.66
        },
        "20153": {
            "year_quarter": 20153,
            "year": 2015,
            "quarter": 3,
            "eps": 0.59,
            "eps_growth_year": 145.83,
            "eps_4q": 1.97,
            "eps_4q_growth_year": 293.8,
            "roe": 2.23,
            "roe_4q": 7.91,
            "gross_profit": 194008,
            "gross_margin": 45.31,
            "gross_margin_4q_avg": 41.44,
            "net_income": 30136,
            "revenue": 428177,
            "common_shares": 514468,
            "book_valuer_per_share": 26.61,
            "book_valuer_per_share_4q_avg": 26.31,
            "equity": 1369252,
            "current_ratio": 97.84,
            "debt_ratio": 66.81,
            "inventory_turnover_ratio": 0.64,
            "account_receivable_turnover_ratio": 1.53,
            "reinvestment_rate": 405.3,
            "research_to_sale_ratio": 7.62,
            "price_fair": 56.7,
            "eps_avg_yearly": 1.62,
            "eps_latest_yearly": 2.36,
            "eps_growth_yearly": 604.39
        },
        "20154": {
            "year_quarter": 20154,
            "year": 2015,
            "quarter": 4,
            "eps": 0.57,
            "eps_growth_year": -24.5,
            "eps_4q": 1.56,
            "eps_4q_growth_year": 47.5,
            "roe": 1.84,
            "roe_4q": 6.48,
            "gross_profit": 212396,
            "gross_margin": 48.2,
            "gross_margin_4q_avg": 43.28,
            "net_income": 36024,
            "revenue": 440683,
            "common_shares": 634468,
            "book_valuer_per_share": 40.06,
            "book_valuer_per_share_4q_avg": 29.78,
            "equity": 2541880,
            "current_ratio": 222.84,
            "debt_ratio": 44.35,
            "inventory_turnover_ratio": 0.64,
            "account_receivable_turnover_ratio": 1.4,
            "reinvestment_rate": 416.3,
            "research_to_sale_ratio": 7.55,
            "price_fair": 50.05,
            "eps_avg_yearly": 1.43,
            "eps_latest_yearly": 2.28,
            "eps_growth_yearly": 592
        },
        "20161": {
            "year_quarter": 20161,
            "year": 2016,
            "quarter": 1,
            "eps": 0.2,
            "eps_growth_year": -48.72,
            "eps_4q": 1.44,
            "eps_4q_growth_year": 2.85,
            "roe": 0.49,
            "roe_4q": 5.48,
            "gross_profit": 136468,
            "gross_margin": 40.71,
            "gross_margin_4q_avg": 43.41,
            "net_income": 12592,
            "revenue": 335190,
            "common_shares": 634468,
            "book_valuer_per_share": 40.26,
            "book_valuer_per_share_4q_avg": 33.2,
            "equity": 2554219,
            "current_ratio": 148.13,
            "debt_ratio": 41.68,
            "inventory_turnover_ratio": 0.59,
            "account_receivable_turnover_ratio": 1.14,
            "reinvestment_rate": 332.71,
            "research_to_sale_ratio": 9.12,
            "price_fair": 51.63,
            "eps_avg_yearly": 1.48,
            "eps_latest_yearly": 0.8,
            "eps_growth_yearly": 600.4
        },
        "20162": {
            "year_quarter": 20162,
            "year": 2016,
            "quarter": 2,
            "eps": 0.63,
            "eps_growth_year": 162.5,
            "eps_4q": 1.87,
            "eps_4q_growth_year": 17.39,
            "roe": 1.59,
            "roe_4q": 6.15,
            "gross_profit": 188448,
            "gross_margin": 43.55,
            "gross_margin_4q_avg": 44.44,
            "net_income": 40024,
            "revenue": 432756,
            "common_shares": 634468,
            "book_valuer_per_share": 38.85,
            "book_valuer_per_share_4q_avg": 36.45,
            "equity": 2464929,
            "current_ratio": 132.09,
            "debt_ratio": 45.57,
            "inventory_turnover_ratio": 0.79,
            "account_receivable_turnover_ratio": 1.57,
            "reinvestment_rate": 248.63,
            "research_to_sale_ratio": 8.37,
            "price_fair": 56.88,
            "eps_avg_yearly": 1.63,
            "eps_latest_yearly": 2.52,
            "eps_growth_yearly": 641.65
        },
        "20163": {
            "year_quarter": 20163,
            "year": 2016,
            "quarter": 3,
            "eps": 0.86,
            "eps_growth_year": 45.76,
            "eps_4q": 2.25,
            "eps_4q_growth_year": 14.27,
            "roe": 2.18,
            "roe_4q": 6.1000000000000005,
            "gross_profit": 200664,
            "gross_margin": 45.02,
            "gross_margin_4q_avg": 44.37,
            "net_income": 54332,
            "revenue": 445706,
            "common_shares": 634468,
            "book_valuer_per_share": 39.62,
            "book_valuer_per_share_4q_avg": 39.7,
            "equity": 2513668,
            "current_ratio": 137.35,
            "debt_ratio": 42.78,
            "inventory_turnover_ratio": 0.82,
            "account_receivable_turnover_ratio": 1.48,
            "reinvestment_rate": 137.2,
            "research_to_sale_ratio": 8.35,
            "price_fair": 59.5,
            "eps_avg_yearly": 1.7,
            "eps_latest_yearly": 3.44,
            "eps_growth_yearly": 209.11
        },
        "20164": {
            "year_quarter": 20164,
            "year": 2016,
            "quarter": 4,
            "eps": 1.13,
            "eps_growth_year": 99.43,
            "eps_4q": 2.82,
            "eps_4q_growth_year": 80.98,
            "roe": 2.82,
            "roe_4q": 7.08,
            "gross_profit": 244907,
            "gross_margin": 46.5,
            "gross_margin_4q_avg": 43.95,
            "net_income": 71842,
            "revenue": 526657,
            "common_shares": 634468,
            "book_valuer_per_share": 40.77,
            "book_valuer_per_share_4q_avg": 39.88,
            "equity": 2586816,
            "current_ratio": 138.09,
            "debt_ratio": 44.33,
            "inventory_turnover_ratio": 0.92,
            "account_receivable_turnover_ratio": 1.43,
            "reinvestment_rate": 28.76,
            "research_to_sale_ratio": 6.91,
            "price_fair": 67.9,
            "eps_avg_yearly": 1.94,
            "eps_latest_yearly": 4.52,
            "eps_growth_yearly": 234.37
        },
        "20171": {
            "year_quarter": 20171,
            "year": 2017,
            "quarter": 1,
            "eps": 0.41,
            "eps_growth_year": 105,
            "eps_4q": 3.13,
            "eps_4q_growth_year": 117.82,
            "roe": 1.03,
            "roe_4q": 7.619999999999999,
            "gross_profit": 159211,
            "gross_margin": 41.31,
            "gross_margin_4q_avg": 44.1,
            "net_income": 26091,
            "revenue": 385399,
            "common_shares": 634468,
            "book_valuer_per_share": 40.19,
            "book_valuer_per_share_4q_avg": 39.86,
            "equity": 2469252,
            "current_ratio": 131.17,
            "debt_ratio": 43.79,
            "inventory_turnover_ratio": 0.67,
            "account_receivable_turnover_ratio": 1.03,
            "reinvestment_rate": 27.38,
            "research_to_sale_ratio": 9.23,
            "price_fair": 67.46,
            "eps_avg_yearly": 1.93,
            "eps_latest_yearly": 1.64,
            "eps_growth_yearly": 175.79
        },
        "20172": {
            "year_quarter": 20172,
            "year": 2017,
            "quarter": 2,
            "eps": 0.49,
            "eps_growth_year": -22.22,
            "eps_4q": 3.11,
            "eps_4q_growth_year": 66.36,
            "roe": 1.3,
            "roe_4q": 7.33,
            "gross_profit": 173506,
            "gross_margin": 41.12,
            "gross_margin_4q_avg": 43.49,
            "net_income": 29209,
            "revenue": 421981,
            "common_shares": 634468,
            "book_valuer_per_share": 34.91,
            "book_valuer_per_share_4q_avg": 38.87,
            "equity": 2033999,
            "current_ratio": 95.79,
            "debt_ratio": 53.58,
            "inventory_turnover_ratio": 0.67,
            "account_receivable_turnover_ratio": 1.17,
            "reinvestment_rate": 27.79,
            "research_to_sale_ratio": 8.74,
            "price_fair": 65.36,
            "eps_avg_yearly": 1.87,
            "eps_latest_yearly": 1.96,
            "eps_growth_yearly": 166
        },
        "20173": {
            "year_quarter": 20173,
            "year": 2017,
            "quarter": 3,
            "eps": 0.82,
            "eps_growth_year": -4.65,
            "eps_4q": 3.03,
            "eps_4q_growth_year": 34.62,
            "roe": 2.32,
            "roe_4q": 7.470000000000001,
            "gross_profit": 192063,
            "gross_margin": 43.99,
            "gross_margin_4q_avg": 43.23,
            "net_income": 47120,
            "revenue": 436618,
            "common_shares": 594468,
            "book_valuer_per_share": 35.31,
            "book_valuer_per_share_4q_avg": 37.8,
            "equity": 2028328,
            "current_ratio": 92.09,
            "debt_ratio": 54.84,
            "inventory_turnover_ratio": 0.61,
            "account_receivable_turnover_ratio": 1.11,
            "reinvestment_rate": -41.03,
            "research_to_sale_ratio": 7.23,
            "price_fair": 66.33,
            "eps_avg_yearly": 1.9,
            "eps_latest_yearly": 3.28,
            "eps_growth_yearly": 183.52
        },
        "20174": {
            "year_quarter": 20174,
            "year": 2017,
            "quarter": 4,
            "eps": 0.82,
            "eps_growth_year": -27.46,
            "eps_4q": 2.6,
            "eps_4q_growth_year": -7.58,
            "roe": 2.3,
            "roe_4q": 6.949999999999999,
            "gross_profit": 270993,
            "gross_margin": 47.03,
            "gross_margin_4q_avg": 43.36,
            "net_income": 47188,
            "revenue": 576269,
            "common_shares": 594468,
            "book_valuer_per_share": 36.17,
            "book_valuer_per_share_4q_avg": 36.65,
            "equity": 2077602,
            "current_ratio": 95.51,
            "debt_ratio": 52.51,
            "inventory_turnover_ratio": 0.77,
            "account_receivable_turnover_ratio": 1.15,
            "reinvestment_rate": -31.25,
            "research_to_sale_ratio": 9.71,
            "price_fair": 72.19,
            "eps_avg_yearly": 2.06,
            "eps_latest_yearly": 3.28,
            "eps_growth_yearly": 203.24
        },
        "20181": {
            "year_quarter": 20181,
            "year": 2018,
            "quarter": 1,
            "eps": 0.24,
            "eps_growth_year": -41.46,
            "eps_4q": 2.39,
            "eps_4q_growth_year": -23.62,
            "roe": 0.66,
            "roe_4q": 6.579999999999999,
            "gross_profit": 156779,
            "gross_margin": 40.66,
            "gross_margin_4q_avg": 43.2,
            "net_income": 13795,
            "revenue": 385633,
            "common_shares": 594468,
            "book_valuer_per_share": 36.47,
            "book_valuer_per_share_4q_avg": 35.72,
            "equity": 2096939,
            "current_ratio": 99.32,
            "debt_ratio": 51.37,
            "inventory_turnover_ratio": 0.6,
            "account_receivable_turnover_ratio": 0.71,
            "reinvestment_rate": -36.65,
            "research_to_sale_ratio": 10.49,
            "price_fair": 73.76,
            "eps_avg_yearly": 2.11,
            "eps_latest_yearly": 0.96,
            "eps_growth_yearly": 200.55
        },
        "20182": {
            "year_quarter": 20182,
            "year": 2018,
            "quarter": 2,
            "eps": 0.47,
            "eps_growth_year": -4.08,
            "eps_4q": 2.35,
            "eps_4q_growth_year": -24.58,
            "roe": 1.35,
            "roe_4q": 6.630000000000001,
            "gross_profit": 204543,
            "gross_margin": 46.11,
            "gross_margin_4q_avg": 44.45,
            "net_income": 26875,
            "revenue": 443610,
            "common_shares": 594468,
            "book_valuer_per_share": 32.96,
            "book_valuer_per_share_4q_avg": 35.23,
            "equity": 1895367,
            "current_ratio": 84.63,
            "debt_ratio": 54.44,
            "inventory_turnover_ratio": 0.56,
            "account_receivable_turnover_ratio": 0.97,
            "reinvestment_rate": -30.96,
            "research_to_sale_ratio": 9.71,
            "price_fair": 77.44,
            "eps_avg_yearly": 2.21,
            "eps_latest_yearly": 1.88,
            "eps_growth_yearly": 228.68
        },
        "20183": {
            "year_quarter": 20183,
            "year": 2018,
            "quarter": 3,
            "eps": 0.45,
            "eps_growth_year": -45.12,
            "eps_4q": 1.98,
            "eps_4q_growth_year": -34.76,
            "roe": 1.35,
            "roe_4q": 5.66,
            "gross_profit": 243614,
            "gross_margin": 43.82,
            "gross_margin_4q_avg": 44.41,
            "net_income": 25749,
            "revenue": 555993,
            "common_shares": 594468,
            "book_valuer_per_share": 33.49,
            "book_valuer_per_share_4q_avg": 34.77,
            "equity": 1925499,
            "current_ratio": 98.56,
            "debt_ratio": 55.21,
            "inventory_turnover_ratio": 0.69,
            "account_receivable_turnover_ratio": 1.08,
            "reinvestment_rate": -22.28,
            "research_to_sale_ratio": 9.06,
            "price_fair": 79.28,
            "eps_avg_yearly": 2.27,
            "eps_latest_yearly": 1.8,
            "eps_growth_yearly": 132.62
        },
        "20184": {
            "year_quarter": 20184,
            "year": 2018,
            "quarter": 4,
            "eps": 1.07,
            "eps_growth_year": 30.04,
            "eps_4q": 2.23,
            "eps_4q_growth_year": -14.54,
            "roe": 3.14,
            "roe_4q": 6.5,
            "gross_profit": 312063,
            "gross_margin": 50.17,
            "gross_margin_4q_avg": 45.19,
            "net_income": 61473,
            "revenue": 621986,
            "common_shares": 594468,
            "book_valuer_per_share": 34.66,
            "book_valuer_per_share_4q_avg": 34.4,
            "equity": 1993108,
            "current_ratio": 119.48,
            "debt_ratio": 56.57,
            "inventory_turnover_ratio": 0.72,
            "account_receivable_turnover_ratio": 0.88,
            "reinvestment_rate": -27.19,
            "research_to_sale_ratio": 10.81,
            "price_fair": 82.08,
            "eps_avg_yearly": 2.35,
            "eps_latest_yearly": 4.28,
            "eps_growth_yearly": 113.93
        },
        "20191": {
            "year_quarter": 20191,
            "year": 2019,
            "quarter": 1,
            "eps": 0.12,
            "eps_growth_year": -50,
            "eps_4q": 2.1,
            "eps_4q_growth_year": -12.23,
            "roe": 0.34,
            "roe_4q": 6.18,
            "gross_profit": 130121,
            "gross_margin": 35.73,
            "gross_margin_4q_avg": 43.96,
            "net_income": 6803,
            "revenue": 364191,
            "common_shares": 594468,
            "book_valuer_per_share": 34.89,
            "book_valuer_per_share_4q_avg": 34,
            "equity": 2007675,
            "current_ratio": 118.46,
            "debt_ratio": 54.84,
            "inventory_turnover_ratio": 0.53,
            "account_receivable_turnover_ratio": 0.49,
            "reinvestment_rate": -24.89,
            "research_to_sale_ratio": 12.16,
            "price_fair": 79.71,
            "eps_avg_yearly": 2.28,
            "eps_latest_yearly": 0.48,
            "eps_growth_yearly": 103.74
        },
        "20192": {
            "year_quarter": 20192,
            "year": 2019,
            "quarter": 2,
            "eps": 0.67,
            "eps_growth_year": 42.55,
            "eps_4q": 2.3,
            "eps_4q_growth_year": -1.99,
            "roe": 1.95,
            "roe_4q": 6.779999999999999,
            "gross_profit": 255667,
            "gross_margin": 44.79,
            "gross_margin_4q_avg": 43.63,
            "net_income": 38428,
            "revenue": 570782,
            "common_shares": 595008,
            "book_valuer_per_share": 33.64,
            "book_valuer_per_share_4q_avg": 34.17,
            "equity": 1936535,
            "current_ratio": 110.25,
            "debt_ratio": 55.64,
            "inventory_turnover_ratio": 0.67,
            "account_receivable_turnover_ratio": 0.91,
            "reinvestment_rate": -32.45,
            "research_to_sale_ratio": 12.49,
            "price_fair": 83.48,
            "eps_avg_yearly": 2.39,
            "eps_latest_yearly": 2.68,
            "eps_growth_yearly": 227.94
        },
        "20193": {
            "year_quarter": 20193,
            "year": 2019,
            "quarter": 3,
            "eps": 0.1,
            "eps_growth_year": -77.78,
            "eps_4q": 1.93,
            "eps_4q_growth_year": -2.67,
            "roe": 0.32,
            "roe_4q": 5.75,
            "gross_profit": 225142,
            "gross_margin": 46.28,
            "gross_margin_4q_avg": 44.24,
            "net_income": 6134,
            "revenue": 486513,
            "common_shares": 595008,
            "book_valuer_per_share": 33.76,
            "book_valuer_per_share_4q_avg": 34.24,
            "equity": 1951129,
            "current_ratio": 112.97,
            "debt_ratio": 55.74,
            "inventory_turnover_ratio": 0.52,
            "account_receivable_turnover_ratio": 0.83,
            "reinvestment_rate": -36.9,
            "research_to_sale_ratio": 14.7,
            "price_fair": 79.19,
            "eps_avg_yearly": 2.26,
            "eps_latest_yearly": 0.4,
            "eps_growth_yearly": 170.21
        },
        "20194": {
            "year_quarter": 20194,
            "year": 2019,
            "quarter": 4,
            "eps": 0.9,
            "eps_growth_year": -16.21,
            "eps_4q": 1.72,
            "eps_4q_growth_year": -22.75,
            "roe": 2.77,
            "roe_4q": 5.38,
            "gross_profit": 337488,
            "gross_margin": 44.91,
            "gross_margin_4q_avg": 42.93,
            "net_income": 55346,
            "revenue": 751437,
            "common_shares": 596698,
            "book_valuer_per_share": 34.89,
            "book_valuer_per_share_4q_avg": 34.3,
            "equity": 2046845,
            "current_ratio": 115.53,
            "debt_ratio": 53.53,
            "inventory_turnover_ratio": 0.89,
            "account_receivable_turnover_ratio": 1.13,
            "reinvestment_rate": -30.76,
            "research_to_sale_ratio": 9.06,
            "price_fair": 82.08,
            "eps_avg_yearly": 2.35,
            "eps_latest_yearly": 3.6,
            "eps_growth_yearly": 371.06
        },
        "20201": {
            "year_quarter": 20201,
            "year": 2020,
            "quarter": 1,
            "eps": -0.14,
            "eps_growth_year": -216.67,
            "eps_4q": 1.45,
            "eps_4q_growth_year": -30.68,
            "roe": -0.39,
            "roe_4q": 4.6499999999999995,
            "gross_profit": 150615,
            "gross_margin": 42.62,
            "gross_margin_4q_avg": 44.65,
            "net_income": -7991,
            "revenue": 353406,
            "common_shares": 605358,
            "book_valuer_per_share": 35.02,
            "book_valuer_per_share_4q_avg": 34.33,
            "equity": 2084843,
            "current_ratio": 106.84,
            "debt_ratio": 51.55,
            "inventory_turnover_ratio": 0.46,
            "account_receivable_turnover_ratio": 0.58,
            "reinvestment_rate": -27.63,
            "research_to_sale_ratio": 18.37,
            "price_fair": 85.68,
            "eps_avg_yearly": 2.45,
            "eps_latest_yearly": 3.6,
            "eps_growth_yearly": 413.1
        },
        "20202": {
            "year_quarter": 20202,
            "year": 2020,
            "quarter": 2,
            "eps": -0.26,
            "eps_growth_year": -138.81,
            "eps_4q": 0.64,
            "eps_4q_growth_year": -72.25,
            "roe": -0.72,
            "roe_4q": 1.9800000000000002,
            "gross_profit": 148766,
            "gross_margin": 41.39,
            "gross_margin_4q_avg": 43.8,
            "net_income": -14631,
            "revenue": 359411,
            "common_shares": 615218,
            "book_valuer_per_share": 32.82,
            "book_valuer_per_share_4q_avg": 34.12,
            "equity": 1958005,
            "current_ratio": 102.33,
            "debt_ratio": 55.71,
            "inventory_turnover_ratio": 0.41,
            "account_receivable_turnover_ratio": 0.84,
            "reinvestment_rate": -27.16,
            "research_to_sale_ratio": 17.08,
            "price_fair": 85.5,
            "eps_avg_yearly": 2.44,
            "eps_latest_yearly": 3.6,
            "eps_growth_yearly": 381.18
        },
        "20203": {
            "year_quarter": 20203,
            "year": 2020,
            "quarter": 3,
            "eps": 0.68,
            "eps_growth_year": 580,
            "eps_4q": 1.2,
            "eps_4q_growth_year": -37.77,
            "roe": 2.05,
            "roe_4q": 3.71,
            "gross_profit": 210480,
            "gross_margin": 46.92,
            "gross_margin_4q_avg": 43.96,
            "net_income": 40691,
            "revenue": 448617,
            "common_shares": 615218,
            "book_valuer_per_share": 33.6,
            "book_valuer_per_share_4q_avg": 34.08,
            "equity": 2012717,
            "current_ratio": 121.39,
            "debt_ratio": 55.24,
            "inventory_turnover_ratio": 0.43,
            "account_receivable_turnover_ratio": 1.19,
            "reinvestment_rate": -25.36,
            "research_to_sale_ratio": 14.87,
            "price_fair": 82.82,
            "eps_avg_yearly": 2.37,
            "eps_latest_yearly": 3.6,
            "eps_growth_yearly": 399.27
        },
        "20204": {
            "year_quarter": 20204,
            "year": 2020,
            "quarter": 4,
            "eps": 0.74,
            "eps_growth_year": -17.04,
            "eps_4q": 1.03,
            "eps_4q_growth_year": -40.2,
            "roe": 2.23,
            "roe_4q": 3.1699999999999995,
            "gross_profit": 239264,
            "gross_margin": 47.18,
            "gross_margin_4q_avg": 44.53,
            "net_income": 45451,
            "revenue": 507152,
            "common_shares": 617558,
            "book_valuer_per_share": 34.45,
            "book_valuer_per_share_4q_avg": 33.97,
            "equity": 2070783,
            "current_ratio": 117.43,
            "debt_ratio": 53.83,
            "inventory_turnover_ratio": 0.5,
            "account_receivable_turnover_ratio": 1.24,
            "reinvestment_rate": -24.54,
            "research_to_sale_ratio": 10.82,
            "price_fair": 78.62,
            "eps_avg_yearly": 2.25,
            "eps_latest_yearly": 2.96,
            "eps_growth_yearly": 392.33
        },
        "20211": {
            "year_quarter": 20211,
            "year": 2021,
            "quarter": 1,
            "eps": 0.2,
            "eps_growth_year": null,
            "eps_4q": 1.35,
            "eps_4q_growth_year": -6.98,
            "roe": 0.6,
            "roe_4q": 4.16,
            "gross_profit": 203700,
            "gross_margin": 43.92,
            "gross_margin_4q_avg": 44.85,
            "net_income": 12492,
            "revenue": 463798,
            "common_shares": 619633,
            "book_valuer_per_share": 34.76,
            "book_valuer_per_share_4q_avg": 33.91,
            "equity": 2097726,
            "current_ratio": 109.96,
            "debt_ratio": 53.51,
            "inventory_turnover_ratio": 0.5,
            "account_receivable_turnover_ratio": 1.1,
            "reinvestment_rate": -25.95,
            "research_to_sale_ratio": 10.31,
            "price_fair": 76.35,
            "eps_avg_yearly": 2.18,
            "eps_latest_yearly": 0.8,
            "eps_growth_yearly": 389.48
        },
        "20212": {
            "year_quarter": 20212,
            "year": 2021,
            "quarter": 2,
            "eps": 0.22,
            "eps_growth_year": null,
            "eps_4q": 1.83,
            "eps_4q_growth_year": 187,
            "roe": 0.67,
            "roe_4q": 5.55,
            "gross_profit": 160248,
            "gross_margin": 38.84,
            "gross_margin_4q_avg": 44.22,
            "net_income": 13741,
            "revenue": 412588,
            "common_shares": 621953,
            "book_valuer_per_share": 32.93,
            "book_valuer_per_share_4q_avg": 33.94,
            "equity": 1989722,
            "current_ratio": 112.16,
            "debt_ratio": 55.4,
            "inventory_turnover_ratio": 0.47,
            "account_receivable_turnover_ratio": 1.07,
            "reinvestment_rate": -32.8,
            "research_to_sale_ratio": 9.57,
            "price_fair": 73.45,
            "eps_avg_yearly": 2.1,
            "eps_latest_yearly": 0.88,
            "eps_growth_yearly": 386.55
        },
        "20213": {
            "year_quarter": 20213,
            "year": 2021,
            "quarter": 3,
            "eps": 0.51,
            "eps_growth_year": -25,
            "eps_4q": 1.67,
            "eps_4q_growth_year": 39.08,
            "roe": 1.57,
            "roe_4q": 5.07,
            "gross_profit": 222277,
            "gross_margin": 44.82,
            "gross_margin_4q_avg": 43.69,
            "net_income": 31598,
            "revenue": 495877,
            "common_shares": 622358,
            "book_valuer_per_share": 33.49,
            "book_valuer_per_share_4q_avg": 33.91,
            "equity": 2026240,
            "current_ratio": 112.63,
            "debt_ratio": 55.56,
            "inventory_turnover_ratio": 0.47,
            "account_receivable_turnover_ratio": 1.34,
            "reinvestment_rate": -40.74,
            "research_to_sale_ratio": 9.27,
            "price_fair": 70.11,
            "eps_avg_yearly": 2,
            "eps_latest_yearly": 2.04,
            "eps_growth_yearly": 406.39
        },
        "20214": {
            "year_quarter": 20214,
            "year": 2021,
            "quarter": 4,
            "eps": 0.51,
            "eps_growth_year": -30.98,
            "eps_4q": 1.41,
            "eps_4q_growth_year": 37.58,
            "roe": 1.54,
            "roe_4q": 4.38,
            "gross_profit": 196906,
            "gross_margin": 41.22,
            "gross_margin_4q_avg": 42.2,
            "net_income": 31494,
            "revenue": 477661,
            "common_shares": 622888,
            "book_valuer_per_share": 34.16,
            "book_valuer_per_share_4q_avg": 33.84,
            "equity": 2076077,
            "current_ratio": 104.53,
            "debt_ratio": 54.51,
            "inventory_turnover_ratio": 0.47,
            "account_receivable_turnover_ratio": 1.3,
            "reinvestment_rate": -52.19,
            "research_to_sale_ratio": 11.42,
            "price_fair": 66.77,
            "eps_avg_yearly": 1.91,
            "eps_latest_yearly": 2.04,
            "eps_growth_yearly": 406.39
        },
        "20221": {
            "year_quarter": 20221,
            "year": 2022,
            "quarter": 1,
            "eps": 0.23,
            "eps_growth_year": 15,
            "eps_4q": 1.44,
            "eps_4q_growth_year": 6.57,
            "roe": 0.69,
            "roe_4q": 4.47,
            "gross_profit": 208144,
            "gross_margin": 43.76,
            "gross_margin_4q_avg": 42.16,
            "net_income": 14042,
            "revenue": 475646,
            "common_shares": 622888,
            "book_valuer_per_share": 32.56,
            "book_valuer_per_share_4q_avg": 33.29,
            "equity": 1980922,
            "current_ratio": 90.14,
            "debt_ratio": 58.7,
            "inventory_turnover_ratio": 0.45,
            "account_receivable_turnover_ratio": 1.13,
            "reinvestment_rate": -45.7,
            "research_to_sale_ratio": 9.37,
            "price_fair": 66.66,
            "eps_avg_yearly": 1.9,
            "eps_latest_yearly": 0.92,
            "eps_growth_yearly": 411.26
        },
        "20222": {
            "year_quarter": 20222,
            "year": 2022,
            "quarter": 2,
            "eps": 0.65,
            "eps_growth_year": 195.45,
            "eps_4q": 1.9,
            "eps_4q_growth_year": 3.56,
            "roe": 1.96,
            "roe_4q": 5.76,
            "gross_profit": 253205,
            "gross_margin": 44.16,
            "gross_margin_4q_avg": 43.49,
            "net_income": 39316,
            "revenue": 573329,
            "common_shares": 606022,
            "book_valuer_per_share": 33.28,
            "book_valuer_per_share_4q_avg": 33.37,
            "equity": 2024856,
            "current_ratio": 100.26,
            "debt_ratio": 59.21,
            "inventory_turnover_ratio": 0.55,
            "account_receivable_turnover_ratio": 1.07,
            "reinvestment_rate": -44.04,
            "research_to_sale_ratio": 7.68,
            "price_fair": 68.6,
            "eps_avg_yearly": 1.96,
            "eps_latest_yearly": 2.6,
            "eps_growth_yearly": 437.96
        },
        "20223": {
            "year_quarter": 20223,
            "year": 2022,
            "quarter": 3,
            "eps": 0.17,
            "eps_growth_year": -66.67,
            "eps_4q": 1.56,
            "eps_4q_growth_year": -6.53,
            "roe": 0.51,
            "roe_4q": 4.699999999999999,
            "gross_profit": 238992,
            "gross_margin": 42.31,
            "gross_margin_4q_avg": 42.86,
            "net_income": 10362,
            "revenue": 564839,
            "common_shares": 606240,
            "book_valuer_per_share": 33.65,
            "book_valuer_per_share_4q_avg": 33.41,
            "equity": 2049279,
            "current_ratio": 98.87,
            "debt_ratio": 58.51,
            "inventory_turnover_ratio": 0.58,
            "account_receivable_turnover_ratio": 0.91,
            "reinvestment_rate": -53.62,
            "research_to_sale_ratio": 9.03,
            "price_fair": 65.58,
            "eps_avg_yearly": 1.87,
            "eps_latest_yearly": 0.68,
            "eps_growth_yearly": 416.55
        },
        "20224": {
            "year_quarter": 20224,
            "year": 2022,
            "quarter": 4,
            "eps": 0.45,
            "eps_growth_year": -11.45,
            "eps_4q": 1.49,
            "eps_4q_growth_year": 5.45,
            "roe": 1.36,
            "roe_4q": 4.52,
            "gross_profit": 303785,
            "gross_margin": 50.9,
            "gross_margin_4q_avg": 45.28,
            "net_income": 28100,
            "revenue": 596775,
            "common_shares": 606870,
            "book_valuer_per_share": 34.11,
            "book_valuer_per_share_4q_avg": 33.4,
            "equity": 2080536,
            "current_ratio": 115.99,
            "debt_ratio": 58.25,
            "inventory_turnover_ratio": 0.54,
            "account_receivable_turnover_ratio": 0.89,
            "reinvestment_rate": -62.55,
            "research_to_sale_ratio": 10.45,
            "price_fair": 58.91,
            "eps_avg_yearly": 1.68,
            "eps_latest_yearly": 1.8,
            "eps_growth_yearly": 424.83
        },
        "20231": {
            "year_quarter": 20231,
            "year": 2023,
            "quarter": 1,
            "eps": -0.09,
            "eps_growth_year": -139.13,
            "eps_4q": 1.17,
            "eps_4q_growth_year": -18.94,
            "roe": -0.25,
            "roe_4q": 3.58,
            "gross_profit": 172875,
            "gross_margin": 41.64,
            "gross_margin_4q_avg": 44.75,
            "net_income": -5091,
            "revenue": 415123,
            "common_shares": 606870,
            "book_valuer_per_share": 31.95,
            "book_valuer_per_share_4q_avg": 33.25,
            "equity": 1949858,
            "current_ratio": 92.52,
            "debt_ratio": 60.59,
            "inventory_turnover_ratio": 0.43,
            "account_receivable_turnover_ratio": 0.75,
            "reinvestment_rate": -65.29,
            "research_to_sale_ratio": 12.06,
            "price_fair": 62.42,
            "eps_avg_yearly": 1.78,
            "eps_latest_yearly": 1.8,
            "eps_growth_yearly": 489.83
        }
    },
    "months": {
        "2009-08": {
            "month": "2009-08",
            "price": "74.14",
            "revenue": 96415
        },
        "2009-09": {
            "month": "2009-09",
            "price": "72.48",
            "revenue": 92005
        },
        "2009-10": {
            "month": "2009-10",
            "price": "74.82",
            "revenue": 79390
        },
        "2009-11": {
            "month": "2009-11",
            "price": "82.29",
            "revenue": 80228
        },
        "2009-12": {
            "month": "2009-12",
            "price": "84.62",
            "revenue": 76791
        },
        "2010-01": {
            "month": "2010-01",
            "price": "91.06",
            "revenue": 69066
        },
        "2010-02": {
            "month": "2010-02",
            "price": "88.98",
            "revenue": 72183
        },
        "2010-03": {
            "month": "2010-03",
            "price": "90.19",
            "revenue": 83516
        },
        "2010-04": {
            "month": "2010-04",
            "price": "89.76",
            "revenue": 87515
        },
        "2010-05": {
            "month": "2010-05",
            "price": "86.93",
            "revenue": 91267
        },
        "2010-06": {
            "month": "2010-06",
            "price": "81.00",
            "revenue": 95380
        },
        "2010-07": {
            "month": "2010-07",
            "price": "82.51",
            "revenue": 95578
        },
        "2010-08": {
            "month": "2010-08",
            "price": "83.23",
            "revenue": 97106
        },
        "2010-09": {
            "month": "2010-09",
            "price": "98.09",
            "revenue": 99379
        },
        "2010-10": {
            "month": "2010-10",
            "price": "114.33",
            "revenue": 103339
        },
        "2010-11": {
            "month": "2010-11",
            "price": "109.69",
            "revenue": 102063
        },
        "2010-12": {
            "month": "2010-12",
            "price": "101.64",
            "revenue": 105592
        },
        "2011-01": {
            "month": "2011-01",
            "price": "99.00",
            "revenue": 88922
        },
        "2011-02": {
            "month": "2011-02",
            "price": "96.98",
            "revenue": 88065
        },
        "2011-03": {
            "month": "2011-03",
            "price": "99.43",
            "revenue": 111274
        },
        "2011-04": {
            "month": "2011-04",
            "price": "100.93",
            "revenue": 106660
        },
        "2011-05": {
            "month": "2011-05",
            "price": "117.69",
            "revenue": 113425
        },
        "2011-06": {
            "month": "2011-06",
            "price": "114.29",
            "revenue": 101595
        },
        "2011-07": {
            "month": "2011-07",
            "price": "115.90",
            "revenue": 112378
        },
        "2011-08": {
            "month": "2011-08",
            "price": "106.76",
            "revenue": 122436
        },
        "2011-09": {
            "month": "2011-09",
            "price": "108.81",
            "revenue": 123940
        },
        "2011-10": {
            "month": "2011-10",
            "price": "106.02",
            "revenue": 132837
        },
        "2011-11": {
            "month": "2011-11",
            "price": "98.96",
            "revenue": 125174
        },
        "2011-12": {
            "month": "2011-12",
            "price": "90.94",
            "revenue": 138066
        },
        "2012-01": {
            "month": "2012-01",
            "price": "87.89",
            "revenue": 105960
        },
        "2012-02": {
            "month": "2012-02",
            "price": "98.32",
            "revenue": 105922
        },
        "2012-03": {
            "month": "2012-03",
            "price": "98.58",
            "revenue": 109526
        },
        "2012-04": {
            "month": "2012-04",
            "price": "86.86",
            "revenue": 116762
        },
        "2012-05": {
            "month": "2012-05",
            "price": "79.72",
            "revenue": 121850
        },
        "2012-06": {
            "month": "2012-06",
            "price": "82.49",
            "revenue": 117289
        },
        "2012-07": {
            "month": "2012-07",
            "price": "77.99",
            "revenue": 106277
        },
        "2012-08": {
            "month": "2012-08",
            "price": "72.62",
            "revenue": 125292
        },
        "2012-09": {
            "month": "2012-09",
            "price": "71.44",
            "revenue": 110864
        },
        "2012-10": {
            "month": "2012-10",
            "price": "60.94",
            "revenue": 100986
        },
        "2012-11": {
            "month": "2012-11",
            "price": "52.66",
            "revenue": 107635
        },
        "2012-12": {
            "month": "2012-12",
            "price": "63.38",
            "revenue": 108496
        },
        "2013-01": {
            "month": "2013-01",
            "price": "61.89",
            "revenue": 114838
        },
        "2013-02": {
            "month": "2013-02",
            "price": "60.01",
            "revenue": 93895
        },
        "2013-03": {
            "month": "2013-03",
            "price": "58.99",
            "revenue": 144058
        },
        "2013-04": {
            "month": "2013-04",
            "price": "57.08",
            "revenue": 132772
        },
        "2013-05": {
            "month": "2013-05",
            "price": "58.44",
            "revenue": 148851
        },
        "2013-06": {
            "month": "2013-06",
            "price": "58.12",
            "revenue": 142005
        },
        "2013-07": {
            "month": "2013-07",
            "price": "58.17",
            "revenue": 143929
        },
        "2013-08": {
            "month": "2013-08",
            "price": "62.19",
            "revenue": 123951
        },
        "2013-09": {
            "month": "2013-09",
            "price": "68.77",
            "revenue": 130039
        },
        "2013-10": {
            "month": "2013-10",
            "price": "66.55",
            "revenue": 128522
        },
        "2013-11": {
            "month": "2013-11",
            "price": "61.59",
            "revenue": 116559
        },
        "2013-12": {
            "month": "2013-12",
            "price": "62.90",
            "revenue": 141475
        },
        "2014-01": {
            "month": "2014-01",
            "price": "63.69",
            "revenue": 118000
        },
        "2014-02": {
            "month": "2014-02",
            "price": "80.04",
            "revenue": 97931
        },
        "2014-03": {
            "month": "2014-03",
            "price": "82.23",
            "revenue": 112325
        },
        "2014-04": {
            "month": "2014-04",
            "price": "72.90",
            "revenue": 108193
        },
        "2014-05": {
            "month": "2014-05",
            "price": "71.13",
            "revenue": 108860
        },
        "2014-06": {
            "month": "2014-06",
            "price": "69.10",
            "revenue": 129007
        },
        "2014-07": {
            "month": "2014-07",
            "price": "62.62",
            "revenue": 120002
        },
        "2014-08": {
            "month": "2014-08",
            "price": "53.92",
            "revenue": 125310
        },
        "2014-09": {
            "month": "2014-09",
            "price": "53.51",
            "revenue": 140126
        },
        "2014-10": {
            "month": "2014-10",
            "price": "51.14",
            "revenue": 146405
        },
        "2014-11": {
            "month": "2014-11",
            "price": "46.41",
            "revenue": 136343
        },
        "2014-12": {
            "month": "2014-12",
            "price": "44.14",
            "revenue": 182168
        },
        "2015-01": {
            "month": "2015-01",
            "price": "43.88",
            "revenue": 125022
        },
        "2015-02": {
            "month": "2015-02",
            "price": "42.39",
            "revenue": 99016
        },
        "2015-03": {
            "month": "2015-03",
            "price": "49.15",
            "revenue": 150091
        },
        "2015-04": {
            "month": "2015-04",
            "price": "54.57",
            "revenue": 112554
        },
        "2015-05": {
            "month": "2015-05",
            "price": "53.31",
            "revenue": 139237
        },
        "2015-06": {
            "month": "2015-06",
            "price": "59.30",
            "revenue": 114937
        },
        "2015-07": {
            "month": "2015-07",
            "price": "62.83",
            "revenue": 147839
        },
        "2015-08": {
            "month": "2015-08",
            "price": "55.84",
            "revenue": 133208
        },
        "2015-09": {
            "month": "2015-09",
            "price": "49.57",
            "revenue": 147130
        },
        "2015-10": {
            "month": "2015-10",
            "price": "51.39",
            "revenue": 126444
        },
        "2015-11": {
            "month": "2015-11",
            "price": "57.92",
            "revenue": 113380
        },
        "2015-12": {
            "month": "2015-12",
            "price": "61.54",
            "revenue": 200860
        },
        "2016-01": {
            "month": "2016-01",
            "price": "52.91",
            "revenue": 94406
        },
        "2016-02": {
            "month": "2016-02",
            "price": "53.27",
            "revenue": 102850
        },
        "2016-03": {
            "month": "2016-03",
            "price": "52.90",
            "revenue": 137934
        },
        "2016-04": {
            "month": "2016-04",
            "price": "48.09",
            "revenue": 148982
        },
        "2016-05": {
            "month": "2016-05",
            "price": "47.07",
            "revenue": 153663
        },
        "2016-06": {
            "month": "2016-06",
            "price": "49.61",
            "revenue": 130112
        },
        "2016-07": {
            "month": "2016-07",
            "price": "50.08",
            "revenue": 129930
        },
        "2016-08": {
            "month": "2016-08",
            "price": "47.53",
            "revenue": 157361
        },
        "2016-09": {
            "month": "2016-09",
            "price": "46.03",
            "revenue": 158415
        },
        "2016-10": {
            "month": "2016-10",
            "price": "47.08",
            "revenue": 175698
        },
        "2016-11": {
            "month": "2016-11",
            "price": "48.57",
            "revenue": 162336
        },
        "2016-12": {
            "month": "2016-12",
            "price": "55.49",
            "revenue": 188624
        },
        "2017-01": {
            "month": "2017-01",
            "price": "57.38",
            "revenue": 122611
        },
        "2017-02": {
            "month": "2017-02",
            "price": "59.77",
            "revenue": 111618
        },
        "2017-03": {
            "month": "2017-03",
            "price": "66.63",
            "revenue": 151170
        },
        "2017-04": {
            "month": "2017-04",
            "price": "72.68",
            "revenue": 144577
        },
        "2017-05": {
            "month": "2017-05",
            "price": "72.96",
            "revenue": 145287
        },
        "2017-06": {
            "month": "2017-06",
            "price": "71.67",
            "revenue": 132117
        },
        "2017-07": {
            "month": "2017-07",
            "price": "67.43",
            "revenue": 137513
        },
        "2017-08": {
            "month": "2017-08",
            "price": "59.49",
            "revenue": 146764
        },
        "2017-09": {
            "month": "2017-09",
            "price": "56.85",
            "revenue": 152340
        },
        "2017-10": {
            "month": "2017-10",
            "price": "52.49",
            "revenue": 224646
        },
        "2017-11": {
            "month": "2017-11",
            "price": "54.18",
            "revenue": 175847
        },
        "2017-12": {
            "month": "2017-12",
            "price": "54.76",
            "revenue": 175776
        },
        "2018-01": {
            "month": "2018-01",
            "price": "54.34",
            "revenue": 107024
        },
        "2018-02": {
            "month": "2018-02",
            "price": "50.75",
            "revenue": 101375
        },
        "2018-03": {
            "month": "2018-03",
            "price": "55.83",
            "revenue": 177235
        },
        "2018-04": {
            "month": "2018-04",
            "price": "59.51",
            "revenue": 124682
        },
        "2018-05": {
            "month": "2018-05",
            "price": "57.29",
            "revenue": 152969
        },
        "2018-06": {
            "month": "2018-06",
            "price": "56.48",
            "revenue": 165959
        },
        "2018-07": {
            "month": "2018-07",
            "price": "53.25",
            "revenue": 171081
        },
        "2018-08": {
            "month": "2018-08",
            "price": "50.75",
            "revenue": 178243
        },
        "2018-09": {
            "month": "2018-09",
            "price": "50.83",
            "revenue": 206669
        },
        "2018-10": {
            "month": "2018-10",
            "price": "49.64",
            "revenue": 236321
        },
        "2018-11": {
            "month": "2018-11",
            "price": "47.88",
            "revenue": 185185
        },
        "2018-12": {
            "month": "2018-12",
            "price": "47.33",
            "revenue": 200480
        },
        "2019-01": {
            "month": "2019-01",
            "price": "47.17",
            "revenue": 122788
        },
        "2019-02": {
            "month": "2019-02",
            "price": "51.30",
            "revenue": 93837
        },
        "2019-03": {
            "month": "2019-03",
            "price": "52.35",
            "revenue": 147566
        },
        "2019-04": {
            "month": "2019-04",
            "price": "50.44",
            "revenue": 198277
        },
        "2019-05": {
            "month": "2019-05",
            "price": "50.41",
            "revenue": 216116
        },
        "2019-06": {
            "month": "2019-06",
            "price": "50.72",
            "revenue": 156389
        },
        "2019-07": {
            "month": "2019-07",
            "price": "50.55",
            "revenue": 185973
        },
        "2019-08": {
            "month": "2019-08",
            "price": "49.20",
            "revenue": 141004
        },
        "2019-09": {
            "month": "2019-09",
            "price": "51.77",
            "revenue": 159536
        },
        "2019-10": {
            "month": "2019-10",
            "price": "60.22",
            "revenue": 311630
        },
        "2019-11": {
            "month": "2019-11",
            "price": "65.48",
            "revenue": 170764
        },
        "2019-12": {
            "month": "2019-12",
            "price": "80.00",
            "revenue": 269043
        },
        "2020-01": {
            "month": "2020-01",
            "price": "85.37",
            "revenue": 91540
        },
        "2020-02": {
            "month": "2020-02",
            "price": "81.77",
            "revenue": 154186
        },
        "2020-03": {
            "month": "2020-03",
            "price": "66.24",
            "revenue": 107680
        },
        "2020-04": {
            "month": "2020-04",
            "price": "66.92",
            "revenue": 117527
        },
        "2020-05": {
            "month": "2020-05",
            "price": "66.29",
            "revenue": 119822
        },
        "2020-06": {
            "month": "2020-06",
            "price": "67.85",
            "revenue": 122062
        },
        "2020-07": {
            "month": "2020-07",
            "price": "74.71",
            "revenue": 117052
        },
        "2020-08": {
            "month": "2020-08",
            "price": "71.50",
            "revenue": 151697
        },
        "2020-09": {
            "month": "2020-09",
            "price": "72.91",
            "revenue": 199098
        },
        "2020-10": {
            "month": "2020-10",
            "price": "71.35",
            "revenue": 99385
        },
        "2020-11": {
            "month": "2020-11",
            "price": "70.54",
            "revenue": 117448
        },
        "2020-12": {
            "month": "2020-12",
            "price": "67.29",
            "revenue": 290319
        },
        "2021-01": {
            "month": "2021-01",
            "price": "65.81",
            "revenue": 210797
        },
        "2021-02": {
            "month": "2021-02",
            "price": "71.42",
            "revenue": 121064
        },
        "2021-03": {
            "month": "2021-03",
            "price": "80.73",
            "revenue": 131937
        },
        "2021-04": {
            "month": "2021-04",
            "price": "79.22",
            "revenue": 130341
        },
        "2021-05": {
            "month": "2021-05",
            "price": "73.87",
            "revenue": 126419
        },
        "2021-06": {
            "month": "2021-06",
            "price": "70.40",
            "revenue": 155828
        },
        "2021-07": {
            "month": "2021-07",
            "price": "68.32",
            "revenue": 162210
        },
        "2021-08": {
            "month": "2021-08",
            "price": "70.85",
            "revenue": 148344
        },
        "2021-09": {
            "month": "2021-09",
            "price": "69.50",
            "revenue": 185323
        },
        "2021-10": {
            "month": "2021-10",
            "price": "68.06",
            "revenue": 147234
        },
        "2021-11": {
            "month": "2021-11",
            "price": "67.45",
            "revenue": 150125
        },
        "2021-12": {
            "month": "2021-12",
            "price": "73.98",
            "revenue": 180301
        },
        "2022-01": {
            "month": "2022-01",
            "price": "72.57",
            "revenue": 100995
        },
        "2022-02": {
            "month": "2022-02",
            "price": "69.15",
            "revenue": 115287
        },
        "2022-03": {
            "month": "2022-03",
            "price": "68.59",
            "revenue": 259364
        },
        "2022-04": {
            "month": "2022-04",
            "price": "73.51",
            "revenue": 175027
        },
        "2022-05": {
            "month": "2022-05",
            "price": "71.84",
            "revenue": 138974
        },
        "2022-06": {
            "month": "2022-06",
            "price": "73.92",
            "revenue": 259327
        },
        "2022-07": {
            "month": "2022-07",
            "price": "73.72",
            "revenue": 164715
        },
        "2022-08": {
            "month": "2022-08",
            "price": "82.49",
            "revenue": 144384
        },
        "2022-09": {
            "month": "2022-09",
            "price": "82.10",
            "revenue": 255740
        },
        "2022-10": {
            "month": "2022-10",
            "price": "74.38",
            "revenue": 226694
        },
        "2022-11": {
            "month": "2022-11",
            "price": "77.33",
            "revenue": 183793
        },
        "2022-12": {
            "month": "2022-12",
            "price": "77.55",
            "revenue": 186148
        },
        "2023-01": {
            "month": "2023-01",
            "price": "77.12",
            "revenue": 123272
        },
        "2023-02": {
            "month": "2023-02",
            "price": "78.53",
            "revenue": 150250
        },
        "2023-03": {
            "month": "2023-03",
            "price": "78.30",
            "revenue": 141601
        },
        "2023-04": {
            "month": "2023-04",
            "price": "75.46",
            "revenue": 88096
        },
        "2023-05": {
            "month": "2023-05",
            "price": "76.37",
            "revenue": 154875
        }
    }
}
