{
    "summary": {
        "stock_name": "康普",
        "stock_id": "4739",
        "category": "化工",
        "main_business": "氧化觸媒生產製造買賣及進出口業務<br>先進材料生產製造買賣及進出口業務<br>動力電池材料生產製造買賣及進出口業務",
        "website_url": "http://www.coremaxcorp.com",
        "ceo": "何柏樟",
        "pe_ratio": 37,
        "report_year_from": 2008,
        "report_year_to": 2023,
        "age": 15,
        "eps_negative_percentage": 7,
        "eps_growth_avg": {
            "last_all": 28.56,
            "last_2y": 41.62,
            "last_4y": 8.39,
            "last_8y": 26.72,
            "last_12y": null,
            "last_16y": null,
            "last_20y": null,
            "at_2006_last_3y": null,
            "at_2007_last_3y": null,
            "at_2008_last_3y": null,
            "at_2009_last_3y": null,
            "at_2010_last_3y": null,
            "at_2011_last_3y": null,
            "at_2012_last_3y": null,
            "at_2013_last_3y": null,
            "at_2014_last_3y": 50.56,
            "at_2015_last_3y": 12.75,
            "at_2016_last_3y": 55.33,
            "at_2017_last_3y": 49.62,
            "at_2018_last_3y": 21.3,
            "at_2019_last_3y": 16.71,
            "at_2020_last_3y": 4.24,
            "at_2021_last_3y": 9.95,
            "at_2022_last_3y": 13.81,
            "at_2023_last_3y": 13.81,
            "at_2006_last_all": null,
            "at_2007_last_all": null,
            "at_2008_last_all": null,
            "at_2009_last_all": null,
            "at_2010_last_all": null,
            "at_2011_last_all": null,
            "at_2012_last_all": 1.12,
            "at_2013_last_all": 34.08,
            "at_2014_last_all": 50.56,
            "at_2015_last_all": 30.2,
            "at_2016_last_all": 37.26,
            "at_2017_last_all": 42.96,
            "at_2018_last_all": 35.93,
            "at_2019_last_all": 24.2,
            "at_2020_last_all": 24.05,
            "at_2021_last_all": 30.96,
            "at_2022_last_all": 28.56,
            "at_2023_last_all": 28.56
        },
        "latest_eps": 2.42,
        "latest_price": 89.5,
        "latest_roe": 5.07,
        "latest_gross_margin": 1.35,
        "latest_equity": 5898552,
        "latest_revenue": 1535632,
        "latest_gross_profit": 20802,
        "latest_net_income": -52388,
        "latest_debt_ratio": 43.2,
        "latest_current_ratio": 227.1,
        "latest_account_receivable_turnover_ratio": 2.57,
        "latest_inventory_turnover_ratio": 0.76,
        "latest_reinvestment_rate": 74.37,
        "latest_research_to_sale_ratio": 0.16
    },
    "eps_dividends": {
        "2001": {
            "cash": 0,
            "stock": 0,
            "eps": 0
        },
        "2002": {
            "cash": 0,
            "stock": 0,
            "eps": 0
        },
        "2003": {
            "cash": 0,
            "stock": 0,
            "eps": 0
        },
        "2004": {
            "cash": 0,
            "stock": 0,
            "eps": 0
        },
        "2005": {
            "cash": 0,
            "stock": 0,
            "eps": 0
        },
        "2006": {
            "cash": 0,
            "stock": 0,
            "eps": 0
        },
        "2007": {
            "cash": 0,
            "stock": 0,
            "eps": 0
        },
        "2008": {
            "cash": 0,
            "stock": 0,
            "eps": 0
        },
        "2009": {
            "cash": 1,
            "stock": 1,
            "eps": 0
        },
        "2010": {
            "cash": 1,
            "stock": 0,
            "eps": 0.48
        },
        "2011": {
            "cash": 2,
            "stock": 0,
            "eps": 1.79
        },
        "2012": {
            "cash": 0,
            "stock": 0,
            "eps": 0.04
        },
        "2013": {
            "cash": 0,
            "stock": 1,
            "eps": 0.28
        },
        "2014": {
            "cash": 1,
            "stock": 0,
            "eps": 3.59
        },
        "2015": {
            "cash": 1,
            "stock": 0,
            "eps": 1.75
        },
        "2016": {
            "cash": 2,
            "stock": 0,
            "eps": 3.02
        },
        "2017": {
            "cash": 3,
            "stock": 0,
            "eps": 5.35
        },
        "2018": {
            "cash": 3,
            "stock": 0,
            "eps": 4.64
        },
        "2019": {
            "cash": 3,
            "stock": 0,
            "eps": 1.41
        },
        "2020": {
            "cash": 1,
            "stock": 0,
            "eps": 1.73
        },
        "2021": {
            "cash": 1,
            "stock": 0,
            "eps": 4.63
        },
        "2022": {
            "cash": 3,
            "stock": 0,
            "eps": 4.73
        },
        "2023": {
            "cash": 3,
            "stock": 0,
            "eps": -0.52
        }
    },
    "dividends": {
        "2009-04-08": {
            "cash": 0.5,
            "stock": 0.5
        },
        "2010-03-26": {
            "cash": 0.5,
            "stock": 0
        },
        "2011-01-01": {
            "cash": 1.2,
            "stock": 0
        },
        "2011-04-18": {
            "cash": 1.07,
            "stock": 0
        },
        "2013-06-20": {
            "cash": 0.3,
            "stock": 0.5
        },
        "2014-09-16": {
            "cash": 0.5,
            "stock": 0
        },
        "2015-08-14": {
            "cash": 1.09,
            "stock": 0
        },
        "2016-07-28": {
            "cash": 1.6,
            "stock": 0
        },
        "2017-07-26": {
            "cash": 2.7,
            "stock": 0
        },
        "2018-07-30": {
            "cash": 3.01,
            "stock": 0
        },
        "2019-07-31": {
            "cash": 3.2,
            "stock": 0
        },
        "2020-07-24": {
            "cash": 1.2,
            "stock": 0
        },
        "2021-08-13": {
            "cash": 1.2,
            "stock": 0
        },
        "2022-07-20": {
            "cash": 3,
            "stock": 0
        },
        "2023-03-01": {
            "cash": 3,
            "stock": 0
        }
    },
    "prices": {
        "200101": "無",
        "200102": "無",
        "200103": "無",
        "200104": "無",
        "200105": "無",
        "200106": "無",
        "200107": "無",
        "200108": "無",
        "200109": "無",
        "200110": "無",
        "200111": "無",
        "200112": "無",
        "200201": "無",
        "200202": "無",
        "200203": "無",
        "200204": "無",
        "200205": "無",
        "200206": "無",
        "200207": "無",
        "200208": "無",
        "200209": "無",
        "200210": "無",
        "200211": "無",
        "200212": "無",
        "200301": "無",
        "200302": "無",
        "200303": "無",
        "200304": "無",
        "200305": "無",
        "200306": "無",
        "200307": "無",
        "200308": "無",
        "200309": "無",
        "200310": "無",
        "200311": "無",
        "200312": "無",
        "200401": "無",
        "200402": "無",
        "200403": "無",
        "200404": "無",
        "200405": "無",
        "200406": "無",
        "200407": "無",
        "200408": "無",
        "200409": "無",
        "200410": "無",
        "200411": "無",
        "200412": "無",
        "200501": "無",
        "200502": "無",
        "200503": "無",
        "200504": "無",
        "200505": "無",
        "200506": "無",
        "200507": "無",
        "200508": "無",
        "200509": "無",
        "200510": "無",
        "200511": "無",
        "200512": "無",
        "200601": "無",
        "200602": "無",
        "200603": "無",
        "200604": "無",
        "200605": "無",
        "200606": "無",
        "200607": "無",
        "200608": "無",
        "200609": "無",
        "200610": "無",
        "200611": "無",
        "200612": "無",
        "200701": "無",
        "200702": "無",
        "200703": "無",
        "200704": "無",
        "200705": "無",
        "200706": "無",
        "200707": "無",
        "200708": "無",
        "200709": "無",
        "200710": "無",
        "200711": "無",
        "200712": "無",
        "200801": "無",
        "200802": "無",
        "200803": "無",
        "200804": "無",
        "200805": "無",
        "200806": "無",
        "200807": "無",
        "200808": "無",
        "200809": "無",
        "200810": "無",
        "200811": "無",
        "200812": "無",
        "200901": "無",
        "200902": "無",
        "200903": "無",
        "200904": "無",
        "200905": "無",
        "200906": "無",
        "200907": "無",
        "200908": "無",
        "200909": "無",
        "200910": "無",
        "200911": "無",
        "200912": "無",
        "201001": "無",
        "201002": "無",
        "201003": "無",
        "201004": "無",
        "201005": "無",
        "201006": "無",
        "201007": "無",
        "201008": "無",
        "201009": "無",
        "201010": "無",
        "201011": "無",
        "201012": "33.99",
        "201101": "33.83",
        "201102": "34.13",
        "201103": "34.20",
        "201104": "33.95",
        "201105": "38.17",
        "201106": "39.00",
        "201107": "35.33",
        "201108": "31.80",
        "201109": "29.73",
        "201110": "26.42",
        "201111": "27.33",
        "201112": "22.20",
        "201201": "21.07",
        "201202": "26.13",
        "201203": "26.58",
        "201204": "24.72",
        "201205": "23.12",
        "201206": "21.96",
        "201207": "21.55",
        "201208": "21.51",
        "201209": "20.80",
        "201210": "19.71",
        "201211": "18.65",
        "201212": "18.21",
        "201301": "18.01",
        "201302": "18.58",
        "201303": "18.93",
        "201304": "20.73",
        "201305": "19.75",
        "201306": "18.90",
        "201307": "18.92",
        "201308": "18.68",
        "201309": "19.80",
        "201310": "19.80",
        "201311": "19.11",
        "201312": "20.11",
        "201401": "20.03",
        "201402": "22.73",
        "201403": "24.56",
        "201404": "25.38",
        "201405": "24.69",
        "201406": "24.16",
        "201407": "23.62",
        "201408": "32.02",
        "201409": "38.06",
        "201410": "34.87",
        "201411": "34.99",
        "201412": "37.48",
        "201501": "41.64",
        "201502": "42.64",
        "201503": "44.02",
        "201504": "48.12",
        "201505": "53.58",
        "201506": "60.52",
        "201507": "55.91",
        "201508": "39.56",
        "201509": "41.82",
        "201510": "44.26",
        "201511": "39.75",
        "201512": "39.45",
        "201601": "37.20",
        "201602": "39.01",
        "201603": "45.68",
        "201604": "52.32",
        "201605": "46.09",
        "201606": "48.32",
        "201607": "46.58",
        "201608": "44.57",
        "201609": "43.05",
        "201610": "42.63",
        "201611": "40.23",
        "201612": "41.72",
        "201701": "41.73",
        "201702": "50.42",
        "201703": "54.00",
        "201704": "54.24",
        "201705": "63.70",
        "201706": "70.01",
        "201707": "73.16",
        "201708": "88.07",
        "201709": "119.27",
        "201710": "134.32",
        "201711": "119.89",
        "201712": "111.23",
        "201801": "114.02",
        "201802": "124.69",
        "201803": "139.04",
        "201804": "129.33",
        "201805": "120.82",
        "201806": "125.65",
        "201807": "114.45",
        "201808": "102.33",
        "201809": "86.00",
        "201810": "85.51",
        "201811": "90.16",
        "201812": "89.96",
        "201901": "91.51",
        "201902": "100.32",
        "201903": "95.48",
        "201904": "89.48",
        "201905": "75.55",
        "201906": "74.79",
        "201907": "79.31",
        "201908": "74.82",
        "201909": "81.73",
        "201910": "80.64",
        "201911": "76.51",
        "201912": "74.67",
        "202001": "74.61",
        "202002": "66.96",
        "202003": "46.21",
        "202004": "51.98",
        "202005": "59.82",
        "202006": "60.16",
        "202007": "60.67",
        "202008": "58.29",
        "202009": "60.30",
        "202010": "55.70",
        "202011": "55.53",
        "202012": "63.03",
        "202101": "65.20",
        "202102": "66.30",
        "202103": "71.78",
        "202104": "81.38",
        "202105": "70.47",
        "202106": "82.17",
        "202107": "115.16",
        "202108": "115.66",
        "202109": "111.48",
        "202110": "126.12",
        "202111": "151.84",
        "202112": "142.52",
        "202201": "135.75",
        "202202": "144.63",
        "202203": "155.80",
        "202204": "146.58",
        "202205": "130.12",
        "202206": "135.90",
        "202207": "117.60",
        "202208": "123.11",
        "202209": "114.50",
        "202210": "89.80",
        "202211": "95.50",
        "202212": "98.52",
        "202301": "93.71",
        "202302": "101.99",
        "202303": "99.51",
        "202304": "96.64",
        "202305": "89.38"
    },
    "quarters": {
        "20011": {
            "year_quarter": 20011,
            "year": 2001,
            "quarter": 1,
            "eps": null,
            "eps_growth_year": null,
            "eps_4q": null,
            "eps_4q_growth_year": null,
            "roe": null,
            "roe_4q": 0,
            "gross_profit": null,
            "gross_margin": null,
            "gross_margin_4q_avg": 0,
            "net_income": null,
            "revenue": null,
            "common_shares": null,
            "book_valuer_per_share": null,
            "book_valuer_per_share_4q_avg": 0,
            "equity": null,
            "current_ratio": null,
            "debt_ratio": null,
            "inventory_turnover_ratio": null,
            "account_receivable_turnover_ratio": null,
            "reinvestment_rate": null,
            "research_to_sale_ratio": null,
            "price_fair": 0,
            "eps_avg_yearly": 0,
            "eps_latest_yearly": 0,
            "eps_growth_yearly": 0
        },
        "20012": {
            "year_quarter": 20012,
            "year": 2001,
            "quarter": 2,
            "eps": null,
            "eps_growth_year": null,
            "eps_4q": null,
            "eps_4q_growth_year": null,
            "roe": null,
            "roe_4q": 0,
            "gross_profit": null,
            "gross_margin": null,
            "gross_margin_4q_avg": 0,
            "net_income": null,
            "revenue": null,
            "common_shares": null,
            "book_valuer_per_share": null,
            "book_valuer_per_share_4q_avg": 0,
            "equity": null,
            "current_ratio": null,
            "debt_ratio": null,
            "inventory_turnover_ratio": null,
            "account_receivable_turnover_ratio": null,
            "reinvestment_rate": null,
            "research_to_sale_ratio": null,
            "price_fair": 0,
            "eps_avg_yearly": 0,
            "eps_latest_yearly": 0,
            "eps_growth_yearly": 0
        },
        "20013": {
            "year_quarter": 20013,
            "year": 2001,
            "quarter": 3,
            "eps": null,
            "eps_growth_year": null,
            "eps_4q": null,
            "eps_4q_growth_year": null,
            "roe": null,
            "roe_4q": 0,
            "gross_profit": null,
            "gross_margin": null,
            "gross_margin_4q_avg": 0,
            "net_income": null,
            "revenue": null,
            "common_shares": null,
            "book_valuer_per_share": null,
            "book_valuer_per_share_4q_avg": 0,
            "equity": null,
            "current_ratio": null,
            "debt_ratio": null,
            "inventory_turnover_ratio": null,
            "account_receivable_turnover_ratio": null,
            "reinvestment_rate": null,
            "research_to_sale_ratio": null,
            "price_fair": 0,
            "eps_avg_yearly": 0,
            "eps_latest_yearly": 0,
            "eps_growth_yearly": 0
        },
        "20014": {
            "year_quarter": 20014,
            "year": 2001,
            "quarter": 4,
            "eps": null,
            "eps_growth_year": null,
            "eps_4q": null,
            "eps_4q_growth_year": null,
            "roe": null,
            "roe_4q": 0,
            "gross_profit": null,
            "gross_margin": null,
            "gross_margin_4q_avg": 0,
            "net_income": null,
            "revenue": null,
            "common_shares": null,
            "book_valuer_per_share": null,
            "book_valuer_per_share_4q_avg": 0,
            "equity": null,
            "current_ratio": null,
            "debt_ratio": null,
            "inventory_turnover_ratio": null,
            "account_receivable_turnover_ratio": null,
            "reinvestment_rate": null,
            "research_to_sale_ratio": null,
            "price_fair": 0,
            "eps_avg_yearly": 0,
            "eps_latest_yearly": 0,
            "eps_growth_yearly": 0
        },
        "20021": {
            "year_quarter": 20021,
            "year": 2002,
            "quarter": 1,
            "eps": null,
            "eps_growth_year": null,
            "eps_4q": null,
            "eps_4q_growth_year": null,
            "roe": null,
            "roe_4q": 0,
            "gross_profit": null,
            "gross_margin": null,
            "gross_margin_4q_avg": 0,
            "net_income": null,
            "revenue": null,
            "common_shares": null,
            "book_valuer_per_share": null,
            "book_valuer_per_share_4q_avg": 0,
            "equity": null,
            "current_ratio": null,
            "debt_ratio": null,
            "inventory_turnover_ratio": null,
            "account_receivable_turnover_ratio": null,
            "reinvestment_rate": null,
            "research_to_sale_ratio": null,
            "price_fair": 0,
            "eps_avg_yearly": 0,
            "eps_latest_yearly": 0,
            "eps_growth_yearly": 0
        },
        "20022": {
            "year_quarter": 20022,
            "year": 2002,
            "quarter": 2,
            "eps": null,
            "eps_growth_year": null,
            "eps_4q": null,
            "eps_4q_growth_year": null,
            "roe": null,
            "roe_4q": 0,
            "gross_profit": null,
            "gross_margin": null,
            "gross_margin_4q_avg": 0,
            "net_income": null,
            "revenue": null,
            "common_shares": null,
            "book_valuer_per_share": null,
            "book_valuer_per_share_4q_avg": 0,
            "equity": null,
            "current_ratio": null,
            "debt_ratio": null,
            "inventory_turnover_ratio": null,
            "account_receivable_turnover_ratio": null,
            "reinvestment_rate": null,
            "research_to_sale_ratio": null,
            "price_fair": 0,
            "eps_avg_yearly": 0,
            "eps_latest_yearly": 0,
            "eps_growth_yearly": 0
        },
        "20023": {
            "year_quarter": 20023,
            "year": 2002,
            "quarter": 3,
            "eps": null,
            "eps_growth_year": null,
            "eps_4q": null,
            "eps_4q_growth_year": null,
            "roe": null,
            "roe_4q": 0,
            "gross_profit": null,
            "gross_margin": null,
            "gross_margin_4q_avg": 0,
            "net_income": null,
            "revenue": null,
            "common_shares": null,
            "book_valuer_per_share": null,
            "book_valuer_per_share_4q_avg": 0,
            "equity": null,
            "current_ratio": null,
            "debt_ratio": null,
            "inventory_turnover_ratio": null,
            "account_receivable_turnover_ratio": null,
            "reinvestment_rate": null,
            "research_to_sale_ratio": null,
            "price_fair": 0,
            "eps_avg_yearly": 0,
            "eps_latest_yearly": 0,
            "eps_growth_yearly": 0
        },
        "20024": {
            "year_quarter": 20024,
            "year": 2002,
            "quarter": 4,
            "eps": null,
            "eps_growth_year": null,
            "eps_4q": null,
            "eps_4q_growth_year": null,
            "roe": null,
            "roe_4q": 0,
            "gross_profit": null,
            "gross_margin": null,
            "gross_margin_4q_avg": 0,
            "net_income": null,
            "revenue": null,
            "common_shares": null,
            "book_valuer_per_share": null,
            "book_valuer_per_share_4q_avg": 0,
            "equity": null,
            "current_ratio": null,
            "debt_ratio": null,
            "inventory_turnover_ratio": null,
            "account_receivable_turnover_ratio": null,
            "reinvestment_rate": null,
            "research_to_sale_ratio": null,
            "price_fair": 0,
            "eps_avg_yearly": 0,
            "eps_latest_yearly": 0,
            "eps_growth_yearly": 0
        },
        "20031": {
            "year_quarter": 20031,
            "year": 2003,
            "quarter": 1,
            "eps": null,
            "eps_growth_year": null,
            "eps_4q": null,
            "eps_4q_growth_year": null,
            "roe": null,
            "roe_4q": 0,
            "gross_profit": null,
            "gross_margin": null,
            "gross_margin_4q_avg": 0,
            "net_income": null,
            "revenue": null,
            "common_shares": null,
            "book_valuer_per_share": null,
            "book_valuer_per_share_4q_avg": 0,
            "equity": null,
            "current_ratio": null,
            "debt_ratio": null,
            "inventory_turnover_ratio": null,
            "account_receivable_turnover_ratio": null,
            "reinvestment_rate": null,
            "research_to_sale_ratio": null,
            "price_fair": 0,
            "eps_avg_yearly": 0,
            "eps_latest_yearly": 0,
            "eps_growth_yearly": 0
        },
        "20032": {
            "year_quarter": 20032,
            "year": 2003,
            "quarter": 2,
            "eps": null,
            "eps_growth_year": null,
            "eps_4q": null,
            "eps_4q_growth_year": null,
            "roe": null,
            "roe_4q": 0,
            "gross_profit": null,
            "gross_margin": null,
            "gross_margin_4q_avg": 0,
            "net_income": null,
            "revenue": null,
            "common_shares": null,
            "book_valuer_per_share": null,
            "book_valuer_per_share_4q_avg": 0,
            "equity": null,
            "current_ratio": null,
            "debt_ratio": null,
            "inventory_turnover_ratio": null,
            "account_receivable_turnover_ratio": null,
            "reinvestment_rate": null,
            "research_to_sale_ratio": null,
            "price_fair": 0,
            "eps_avg_yearly": 0,
            "eps_latest_yearly": 0,
            "eps_growth_yearly": 0
        },
        "20033": {
            "year_quarter": 20033,
            "year": 2003,
            "quarter": 3,
            "eps": null,
            "eps_growth_year": null,
            "eps_4q": null,
            "eps_4q_growth_year": null,
            "roe": null,
            "roe_4q": 0,
            "gross_profit": null,
            "gross_margin": null,
            "gross_margin_4q_avg": 0,
            "net_income": null,
            "revenue": null,
            "common_shares": null,
            "book_valuer_per_share": null,
            "book_valuer_per_share_4q_avg": 0,
            "equity": null,
            "current_ratio": null,
            "debt_ratio": null,
            "inventory_turnover_ratio": null,
            "account_receivable_turnover_ratio": null,
            "reinvestment_rate": null,
            "research_to_sale_ratio": null,
            "price_fair": 0,
            "eps_avg_yearly": 0,
            "eps_latest_yearly": 0,
            "eps_growth_yearly": 0
        },
        "20034": {
            "year_quarter": 20034,
            "year": 2003,
            "quarter": 4,
            "eps": null,
            "eps_growth_year": null,
            "eps_4q": null,
            "eps_4q_growth_year": null,
            "roe": null,
            "roe_4q": 0,
            "gross_profit": null,
            "gross_margin": null,
            "gross_margin_4q_avg": 0,
            "net_income": null,
            "revenue": null,
            "common_shares": 168000,
            "book_valuer_per_share": 16.29,
            "book_valuer_per_share_4q_avg": 4.07,
            "equity": 273651,
            "current_ratio": 148.01,
            "debt_ratio": 37.76,
            "inventory_turnover_ratio": null,
            "account_receivable_turnover_ratio": null,
            "reinvestment_rate": null,
            "research_to_sale_ratio": null,
            "price_fair": 0,
            "eps_avg_yearly": 0,
            "eps_latest_yearly": 0,
            "eps_growth_yearly": 0
        },
        "20041": {
            "year_quarter": 20041,
            "year": 2004,
            "quarter": 1,
            "eps": null,
            "eps_growth_year": null,
            "eps_4q": null,
            "eps_4q_growth_year": null,
            "roe": null,
            "roe_4q": 0,
            "gross_profit": null,
            "gross_margin": null,
            "gross_margin_4q_avg": 0,
            "net_income": null,
            "revenue": null,
            "common_shares": null,
            "book_valuer_per_share": null,
            "book_valuer_per_share_4q_avg": 4.07,
            "equity": null,
            "current_ratio": null,
            "debt_ratio": null,
            "inventory_turnover_ratio": null,
            "account_receivable_turnover_ratio": null,
            "reinvestment_rate": null,
            "research_to_sale_ratio": null,
            "price_fair": 0,
            "eps_avg_yearly": 0,
            "eps_latest_yearly": 0,
            "eps_growth_yearly": 0
        },
        "20042": {
            "year_quarter": 20042,
            "year": 2004,
            "quarter": 2,
            "eps": null,
            "eps_growth_year": null,
            "eps_4q": null,
            "eps_4q_growth_year": null,
            "roe": null,
            "roe_4q": 0,
            "gross_profit": null,
            "gross_margin": null,
            "gross_margin_4q_avg": 0,
            "net_income": null,
            "revenue": null,
            "common_shares": null,
            "book_valuer_per_share": null,
            "book_valuer_per_share_4q_avg": 4.07,
            "equity": null,
            "current_ratio": null,
            "debt_ratio": null,
            "inventory_turnover_ratio": null,
            "account_receivable_turnover_ratio": null,
            "reinvestment_rate": null,
            "research_to_sale_ratio": null,
            "price_fair": 0,
            "eps_avg_yearly": 0,
            "eps_latest_yearly": 0,
            "eps_growth_yearly": 0
        },
        "20043": {
            "year_quarter": 20043,
            "year": 2004,
            "quarter": 3,
            "eps": null,
            "eps_growth_year": null,
            "eps_4q": null,
            "eps_4q_growth_year": null,
            "roe": null,
            "roe_4q": 0,
            "gross_profit": null,
            "gross_margin": null,
            "gross_margin_4q_avg": 0,
            "net_income": null,
            "revenue": null,
            "common_shares": null,
            "book_valuer_per_share": null,
            "book_valuer_per_share_4q_avg": 4.07,
            "equity": null,
            "current_ratio": null,
            "debt_ratio": null,
            "inventory_turnover_ratio": null,
            "account_receivable_turnover_ratio": null,
            "reinvestment_rate": null,
            "research_to_sale_ratio": null,
            "price_fair": 0,
            "eps_avg_yearly": 0,
            "eps_latest_yearly": 0,
            "eps_growth_yearly": 0
        },
        "20044": {
            "year_quarter": 20044,
            "year": 2004,
            "quarter": 4,
            "eps": null,
            "eps_growth_year": null,
            "eps_4q": null,
            "eps_4q_growth_year": null,
            "roe": null,
            "roe_4q": 0,
            "gross_profit": null,
            "gross_margin": null,
            "gross_margin_4q_avg": 0,
            "net_income": null,
            "revenue": null,
            "common_shares": 268400,
            "book_valuer_per_share": 15.55,
            "book_valuer_per_share_4q_avg": 3.89,
            "equity": 417472,
            "current_ratio": 162.7,
            "debt_ratio": 51.45,
            "inventory_turnover_ratio": null,
            "account_receivable_turnover_ratio": null,
            "reinvestment_rate": null,
            "research_to_sale_ratio": null,
            "price_fair": 0,
            "eps_avg_yearly": 0,
            "eps_latest_yearly": 0,
            "eps_growth_yearly": 0
        },
        "20051": {
            "year_quarter": 20051,
            "year": 2005,
            "quarter": 1,
            "eps": null,
            "eps_growth_year": null,
            "eps_4q": null,
            "eps_4q_growth_year": null,
            "roe": null,
            "roe_4q": 0,
            "gross_profit": null,
            "gross_margin": null,
            "gross_margin_4q_avg": 0,
            "net_income": null,
            "revenue": null,
            "common_shares": null,
            "book_valuer_per_share": null,
            "book_valuer_per_share_4q_avg": 3.89,
            "equity": null,
            "current_ratio": null,
            "debt_ratio": null,
            "inventory_turnover_ratio": null,
            "account_receivable_turnover_ratio": null,
            "reinvestment_rate": null,
            "research_to_sale_ratio": null,
            "price_fair": 0,
            "eps_avg_yearly": 0,
            "eps_latest_yearly": 0,
            "eps_growth_yearly": 0
        },
        "20052": {
            "year_quarter": 20052,
            "year": 2005,
            "quarter": 2,
            "eps": null,
            "eps_growth_year": null,
            "eps_4q": null,
            "eps_4q_growth_year": null,
            "roe": null,
            "roe_4q": 0,
            "gross_profit": null,
            "gross_margin": null,
            "gross_margin_4q_avg": 0,
            "net_income": null,
            "revenue": null,
            "common_shares": null,
            "book_valuer_per_share": null,
            "book_valuer_per_share_4q_avg": 3.89,
            "equity": null,
            "current_ratio": null,
            "debt_ratio": null,
            "inventory_turnover_ratio": null,
            "account_receivable_turnover_ratio": null,
            "reinvestment_rate": null,
            "research_to_sale_ratio": null,
            "price_fair": 0,
            "eps_avg_yearly": 0,
            "eps_latest_yearly": 0,
            "eps_growth_yearly": 0
        },
        "20053": {
            "year_quarter": 20053,
            "year": 2005,
            "quarter": 3,
            "eps": null,
            "eps_growth_year": null,
            "eps_4q": null,
            "eps_4q_growth_year": null,
            "roe": null,
            "roe_4q": 0,
            "gross_profit": null,
            "gross_margin": null,
            "gross_margin_4q_avg": 0,
            "net_income": null,
            "revenue": null,
            "common_shares": null,
            "book_valuer_per_share": null,
            "book_valuer_per_share_4q_avg": 3.89,
            "equity": null,
            "current_ratio": null,
            "debt_ratio": null,
            "inventory_turnover_ratio": null,
            "account_receivable_turnover_ratio": null,
            "reinvestment_rate": null,
            "research_to_sale_ratio": null,
            "price_fair": 0,
            "eps_avg_yearly": 0,
            "eps_latest_yearly": 0,
            "eps_growth_yearly": 0
        },
        "20054": {
            "year_quarter": 20054,
            "year": 2005,
            "quarter": 4,
            "eps": null,
            "eps_growth_year": null,
            "eps_4q": null,
            "eps_4q_growth_year": null,
            "roe": null,
            "roe_4q": 0,
            "gross_profit": null,
            "gross_margin": null,
            "gross_margin_4q_avg": 0,
            "net_income": null,
            "revenue": null,
            "common_shares": 324580,
            "book_valuer_per_share": 12.19,
            "book_valuer_per_share_4q_avg": 3.05,
            "equity": 395533,
            "current_ratio": 138.52,
            "debt_ratio": 46.45,
            "inventory_turnover_ratio": null,
            "account_receivable_turnover_ratio": null,
            "reinvestment_rate": null,
            "research_to_sale_ratio": null,
            "price_fair": 0,
            "eps_avg_yearly": 0,
            "eps_latest_yearly": 0,
            "eps_growth_yearly": 0
        },
        "20061": {
            "year_quarter": 20061,
            "year": 2006,
            "quarter": 1,
            "eps": null,
            "eps_growth_year": null,
            "eps_4q": null,
            "eps_4q_growth_year": null,
            "roe": null,
            "roe_4q": 0,
            "gross_profit": null,
            "gross_margin": null,
            "gross_margin_4q_avg": 0,
            "net_income": null,
            "revenue": null,
            "common_shares": null,
            "book_valuer_per_share": null,
            "book_valuer_per_share_4q_avg": 3.05,
            "equity": null,
            "current_ratio": null,
            "debt_ratio": null,
            "inventory_turnover_ratio": null,
            "account_receivable_turnover_ratio": null,
            "reinvestment_rate": null,
            "research_to_sale_ratio": null,
            "price_fair": 0,
            "eps_avg_yearly": 0,
            "eps_latest_yearly": 0,
            "eps_growth_yearly": 0
        },
        "20062": {
            "year_quarter": 20062,
            "year": 2006,
            "quarter": 2,
            "eps": null,
            "eps_growth_year": null,
            "eps_4q": null,
            "eps_4q_growth_year": null,
            "roe": null,
            "roe_4q": 0,
            "gross_profit": null,
            "gross_margin": null,
            "gross_margin_4q_avg": 0,
            "net_income": null,
            "revenue": null,
            "common_shares": null,
            "book_valuer_per_share": null,
            "book_valuer_per_share_4q_avg": 3.05,
            "equity": null,
            "current_ratio": null,
            "debt_ratio": null,
            "inventory_turnover_ratio": null,
            "account_receivable_turnover_ratio": null,
            "reinvestment_rate": null,
            "research_to_sale_ratio": null,
            "price_fair": 0,
            "eps_avg_yearly": 0,
            "eps_latest_yearly": 0,
            "eps_growth_yearly": 0
        },
        "20063": {
            "year_quarter": 20063,
            "year": 2006,
            "quarter": 3,
            "eps": null,
            "eps_growth_year": null,
            "eps_4q": null,
            "eps_4q_growth_year": null,
            "roe": null,
            "roe_4q": 0,
            "gross_profit": null,
            "gross_margin": null,
            "gross_margin_4q_avg": 0,
            "net_income": null,
            "revenue": null,
            "common_shares": null,
            "book_valuer_per_share": null,
            "book_valuer_per_share_4q_avg": 3.05,
            "equity": null,
            "current_ratio": null,
            "debt_ratio": null,
            "inventory_turnover_ratio": null,
            "account_receivable_turnover_ratio": null,
            "reinvestment_rate": null,
            "research_to_sale_ratio": null,
            "price_fair": 0,
            "eps_avg_yearly": 0,
            "eps_latest_yearly": 0,
            "eps_growth_yearly": 0
        },
        "20064": {
            "year_quarter": 20064,
            "year": 2006,
            "quarter": 4,
            "eps": null,
            "eps_growth_year": null,
            "eps_4q": null,
            "eps_4q_growth_year": null,
            "roe": null,
            "roe_4q": 0,
            "gross_profit": null,
            "gross_margin": null,
            "gross_margin_4q_avg": 0,
            "net_income": null,
            "revenue": null,
            "common_shares": 324580,
            "book_valuer_per_share": 13.86,
            "book_valuer_per_share_4q_avg": 3.47,
            "equity": 466202,
            "current_ratio": 179.13,
            "debt_ratio": 44.58,
            "inventory_turnover_ratio": null,
            "account_receivable_turnover_ratio": null,
            "reinvestment_rate": null,
            "research_to_sale_ratio": null,
            "price_fair": 0,
            "eps_avg_yearly": 0,
            "eps_latest_yearly": 0,
            "eps_growth_yearly": 0
        },
        "20071": {
            "year_quarter": 20071,
            "year": 2007,
            "quarter": 1,
            "eps": null,
            "eps_growth_year": null,
            "eps_4q": null,
            "eps_4q_growth_year": null,
            "roe": null,
            "roe_4q": 0,
            "gross_profit": null,
            "gross_margin": null,
            "gross_margin_4q_avg": 0,
            "net_income": null,
            "revenue": null,
            "common_shares": null,
            "book_valuer_per_share": null,
            "book_valuer_per_share_4q_avg": 3.47,
            "equity": null,
            "current_ratio": null,
            "debt_ratio": null,
            "inventory_turnover_ratio": null,
            "account_receivable_turnover_ratio": null,
            "reinvestment_rate": null,
            "research_to_sale_ratio": null,
            "price_fair": 0,
            "eps_avg_yearly": 0,
            "eps_latest_yearly": 0,
            "eps_growth_yearly": 0
        },
        "20072": {
            "year_quarter": 20072,
            "year": 2007,
            "quarter": 2,
            "eps": null,
            "eps_growth_year": null,
            "eps_4q": null,
            "eps_4q_growth_year": null,
            "roe": null,
            "roe_4q": 0,
            "gross_profit": null,
            "gross_margin": null,
            "gross_margin_4q_avg": 0,
            "net_income": null,
            "revenue": null,
            "common_shares": null,
            "book_valuer_per_share": null,
            "book_valuer_per_share_4q_avg": 3.47,
            "equity": null,
            "current_ratio": null,
            "debt_ratio": null,
            "inventory_turnover_ratio": null,
            "account_receivable_turnover_ratio": null,
            "reinvestment_rate": null,
            "research_to_sale_ratio": null,
            "price_fair": 0,
            "eps_avg_yearly": 0,
            "eps_latest_yearly": 0,
            "eps_growth_yearly": 0
        },
        "20073": {
            "year_quarter": 20073,
            "year": 2007,
            "quarter": 3,
            "eps": null,
            "eps_growth_year": null,
            "eps_4q": null,
            "eps_4q_growth_year": null,
            "roe": null,
            "roe_4q": 0,
            "gross_profit": null,
            "gross_margin": null,
            "gross_margin_4q_avg": 0,
            "net_income": null,
            "revenue": null,
            "common_shares": null,
            "book_valuer_per_share": null,
            "book_valuer_per_share_4q_avg": 3.47,
            "equity": null,
            "current_ratio": null,
            "debt_ratio": null,
            "inventory_turnover_ratio": null,
            "account_receivable_turnover_ratio": null,
            "reinvestment_rate": null,
            "research_to_sale_ratio": null,
            "price_fair": 0,
            "eps_avg_yearly": 0,
            "eps_latest_yearly": 0,
            "eps_growth_yearly": 0
        },
        "20074": {
            "year_quarter": 20074,
            "year": 2007,
            "quarter": 4,
            "eps": null,
            "eps_growth_year": null,
            "eps_4q": null,
            "eps_4q_growth_year": null,
            "roe": null,
            "roe_4q": 0,
            "gross_profit": null,
            "gross_margin": null,
            "gross_margin_4q_avg": 0,
            "net_income": null,
            "revenue": null,
            "common_shares": 340809,
            "book_valuer_per_share": 15.69,
            "book_valuer_per_share_4q_avg": 3.92,
            "equity": 556211,
            "current_ratio": 174.29,
            "debt_ratio": 44.76,
            "inventory_turnover_ratio": null,
            "account_receivable_turnover_ratio": null,
            "reinvestment_rate": null,
            "research_to_sale_ratio": null,
            "price_fair": 0,
            "eps_avg_yearly": 0,
            "eps_latest_yearly": 0,
            "eps_growth_yearly": 0
        },
        "20081": {
            "year_quarter": 20081,
            "year": 2008,
            "quarter": 1,
            "eps": null,
            "eps_growth_year": null,
            "eps_4q": null,
            "eps_4q_growth_year": null,
            "roe": null,
            "roe_4q": 0,
            "gross_profit": null,
            "gross_margin": null,
            "gross_margin_4q_avg": 0,
            "net_income": null,
            "revenue": null,
            "common_shares": null,
            "book_valuer_per_share": null,
            "book_valuer_per_share_4q_avg": 3.92,
            "equity": null,
            "current_ratio": null,
            "debt_ratio": null,
            "inventory_turnover_ratio": null,
            "account_receivable_turnover_ratio": null,
            "reinvestment_rate": null,
            "research_to_sale_ratio": null,
            "price_fair": 0,
            "eps_avg_yearly": 0,
            "eps_latest_yearly": 0,
            "eps_growth_yearly": 0
        },
        "20082": {
            "year_quarter": 20082,
            "year": 2008,
            "quarter": 2,
            "eps": null,
            "eps_growth_year": null,
            "eps_4q": null,
            "eps_4q_growth_year": null,
            "roe": null,
            "roe_4q": 0,
            "gross_profit": null,
            "gross_margin": null,
            "gross_margin_4q_avg": 0,
            "net_income": null,
            "revenue": null,
            "common_shares": null,
            "book_valuer_per_share": null,
            "book_valuer_per_share_4q_avg": 3.92,
            "equity": null,
            "current_ratio": null,
            "debt_ratio": null,
            "inventory_turnover_ratio": null,
            "account_receivable_turnover_ratio": null,
            "reinvestment_rate": null,
            "research_to_sale_ratio": null,
            "price_fair": 0,
            "eps_avg_yearly": 0,
            "eps_latest_yearly": 0,
            "eps_growth_yearly": 0
        },
        "20083": {
            "year_quarter": 20083,
            "year": 2008,
            "quarter": 3,
            "eps": null,
            "eps_growth_year": null,
            "eps_4q": null,
            "eps_4q_growth_year": null,
            "roe": null,
            "roe_4q": 0,
            "gross_profit": null,
            "gross_margin": null,
            "gross_margin_4q_avg": 0,
            "net_income": null,
            "revenue": null,
            "common_shares": null,
            "book_valuer_per_share": null,
            "book_valuer_per_share_4q_avg": 3.92,
            "equity": null,
            "current_ratio": null,
            "debt_ratio": null,
            "inventory_turnover_ratio": null,
            "account_receivable_turnover_ratio": null,
            "reinvestment_rate": null,
            "research_to_sale_ratio": null,
            "price_fair": 0,
            "eps_avg_yearly": 0,
            "eps_latest_yearly": 0,
            "eps_growth_yearly": 0
        },
        "20084": {
            "year_quarter": 20084,
            "year": 2008,
            "quarter": 4,
            "eps": null,
            "eps_growth_year": null,
            "eps_4q": null,
            "eps_4q_growth_year": null,
            "roe": null,
            "roe_4q": 0,
            "gross_profit": null,
            "gross_margin": null,
            "gross_margin_4q_avg": 0,
            "net_income": null,
            "revenue": null,
            "common_shares": 366666,
            "book_valuer_per_share": 14.72,
            "book_valuer_per_share_4q_avg": 3.68,
            "equity": 554707,
            "current_ratio": 179.03,
            "debt_ratio": 43.05,
            "inventory_turnover_ratio": null,
            "account_receivable_turnover_ratio": null,
            "reinvestment_rate": null,
            "research_to_sale_ratio": null,
            "price_fair": 0,
            "eps_avg_yearly": 0,
            "eps_latest_yearly": 0,
            "eps_growth_yearly": 0
        },
        "20091": {
            "year_quarter": 20091,
            "year": 2009,
            "quarter": 1,
            "eps": null,
            "eps_growth_year": null,
            "eps_4q": null,
            "eps_4q_growth_year": null,
            "roe": null,
            "roe_4q": 0,
            "gross_profit": null,
            "gross_margin": null,
            "gross_margin_4q_avg": 0,
            "net_income": null,
            "revenue": null,
            "common_shares": null,
            "book_valuer_per_share": null,
            "book_valuer_per_share_4q_avg": 3.68,
            "equity": null,
            "current_ratio": null,
            "debt_ratio": null,
            "inventory_turnover_ratio": null,
            "account_receivable_turnover_ratio": null,
            "reinvestment_rate": null,
            "research_to_sale_ratio": null,
            "price_fair": 0,
            "eps_avg_yearly": 0,
            "eps_latest_yearly": 0,
            "eps_growth_yearly": 0
        },
        "20092": {
            "year_quarter": 20092,
            "year": 2009,
            "quarter": 2,
            "eps": null,
            "eps_growth_year": null,
            "eps_4q": null,
            "eps_4q_growth_year": null,
            "roe": null,
            "roe_4q": 0,
            "gross_profit": null,
            "gross_margin": null,
            "gross_margin_4q_avg": 0,
            "net_income": null,
            "revenue": null,
            "common_shares": 366666,
            "book_valuer_per_share": null,
            "book_valuer_per_share_4q_avg": 3.68,
            "equity": 550453,
            "current_ratio": null,
            "debt_ratio": null,
            "inventory_turnover_ratio": null,
            "account_receivable_turnover_ratio": null,
            "reinvestment_rate": null,
            "research_to_sale_ratio": null,
            "price_fair": 0,
            "eps_avg_yearly": 0,
            "eps_latest_yearly": 0,
            "eps_growth_yearly": 0
        },
        "20093": {
            "year_quarter": 20093,
            "year": 2009,
            "quarter": 3,
            "eps": null,
            "eps_growth_year": null,
            "eps_4q": null,
            "eps_4q_growth_year": null,
            "roe": null,
            "roe_4q": 0,
            "gross_profit": null,
            "gross_margin": null,
            "gross_margin_4q_avg": 0,
            "net_income": null,
            "revenue": null,
            "common_shares": null,
            "book_valuer_per_share": null,
            "book_valuer_per_share_4q_avg": 3.68,
            "equity": null,
            "current_ratio": null,
            "debt_ratio": null,
            "inventory_turnover_ratio": null,
            "account_receivable_turnover_ratio": null,
            "reinvestment_rate": null,
            "research_to_sale_ratio": null,
            "price_fair": 0,
            "eps_avg_yearly": 0,
            "eps_latest_yearly": 0,
            "eps_growth_yearly": 0
        },
        "20094": {
            "year_quarter": 20094,
            "year": 2009,
            "quarter": 4,
            "eps": null,
            "eps_growth_year": null,
            "eps_4q": null,
            "eps_4q_growth_year": null,
            "roe": null,
            "roe_4q": 0,
            "gross_profit": null,
            "gross_margin": null,
            "gross_margin_4q_avg": 0,
            "net_income": null,
            "revenue": null,
            "common_shares": 384999,
            "book_valuer_per_share": 14.9,
            "book_valuer_per_share_4q_avg": 3.73,
            "equity": 1020129,
            "current_ratio": 108.29,
            "debt_ratio": 56.9,
            "inventory_turnover_ratio": null,
            "account_receivable_turnover_ratio": null,
            "reinvestment_rate": null,
            "research_to_sale_ratio": null,
            "price_fair": 0,
            "eps_avg_yearly": 0,
            "eps_latest_yearly": 0,
            "eps_growth_yearly": 0
        },
        "20101": {
            "year_quarter": 20101,
            "year": 2010,
            "quarter": 1,
            "eps": null,
            "eps_growth_year": null,
            "eps_4q": null,
            "eps_4q_growth_year": null,
            "roe": null,
            "roe_4q": 0,
            "gross_profit": 45511,
            "gross_margin": null,
            "gross_margin_4q_avg": 0,
            "net_income": 24740,
            "revenue": 421253,
            "common_shares": 384999,
            "book_valuer_per_share": 15.55,
            "book_valuer_per_share_4q_avg": 7.61,
            "equity": 598531,
            "current_ratio": 127.12,
            "debt_ratio": 45.63,
            "inventory_turnover_ratio": null,
            "account_receivable_turnover_ratio": null,
            "reinvestment_rate": null,
            "research_to_sale_ratio": null,
            "price_fair": 0,
            "eps_avg_yearly": 0,
            "eps_latest_yearly": 0,
            "eps_growth_yearly": 0
        },
        "20102": {
            "year_quarter": 20102,
            "year": 2010,
            "quarter": 2,
            "eps": 0.48,
            "eps_growth_year": null,
            "eps_4q": null,
            "eps_4q_growth_year": null,
            "roe": 2.29,
            "roe_4q": 2.29,
            "gross_profit": 71861,
            "gross_margin": 7.15,
            "gross_margin_4q_avg": 1.79,
            "net_income": 19745,
            "revenue": 1004895,
            "common_shares": 414999,
            "book_valuer_per_share": 16.22,
            "book_valuer_per_share_4q_avg": 11.67,
            "equity": 1123627,
            "current_ratio": 114.88,
            "debt_ratio": 54.23,
            "inventory_turnover_ratio": 2.57,
            "account_receivable_turnover_ratio": 6.6,
            "reinvestment_rate": null,
            "research_to_sale_ratio": null,
            "price_fair": 0,
            "eps_avg_yearly": 0,
            "eps_latest_yearly": 0,
            "eps_growth_yearly": 0
        },
        "20103": {
            "year_quarter": 20103,
            "year": 2010,
            "quarter": 3,
            "eps": null,
            "eps_growth_year": null,
            "eps_4q": null,
            "eps_4q_growth_year": null,
            "roe": null,
            "roe_4q": 2.29,
            "gross_profit": 56076,
            "gross_margin": null,
            "gross_margin_4q_avg": 1.79,
            "net_income": 33642,
            "revenue": 469335,
            "common_shares": 414999,
            "book_valuer_per_share": 16.93,
            "book_valuer_per_share_4q_avg": 15.9,
            "equity": 702605,
            "current_ratio": 140.12,
            "debt_ratio": 47.46,
            "inventory_turnover_ratio": null,
            "account_receivable_turnover_ratio": null,
            "reinvestment_rate": null,
            "research_to_sale_ratio": null,
            "price_fair": 0,
            "eps_avg_yearly": 0,
            "eps_latest_yearly": 0,
            "eps_growth_yearly": 0
        },
        "20104": {
            "year_quarter": 20104,
            "year": 2010,
            "quarter": 4,
            "eps": null,
            "eps_growth_year": null,
            "eps_4q": null,
            "eps_4q_growth_year": null,
            "roe": null,
            "roe_4q": 2.29,
            "gross_profit": 271614,
            "gross_margin": null,
            "gross_margin_4q_avg": 1.79,
            "net_income": 120179,
            "revenue": 2957402,
            "common_shares": 414999,
            "book_valuer_per_share": 17.44,
            "book_valuer_per_share_4q_avg": 16.54,
            "equity": 1183382,
            "current_ratio": 131.88,
            "debt_ratio": 54.69,
            "inventory_turnover_ratio": null,
            "account_receivable_turnover_ratio": null,
            "reinvestment_rate": null,
            "research_to_sale_ratio": null,
            "price_fair": 0,
            "eps_avg_yearly": 0,
            "eps_latest_yearly": 0,
            "eps_growth_yearly": 0
        },
        "20111": {
            "year_quarter": 20111,
            "year": 2011,
            "quarter": 1,
            "eps": 0.49,
            "eps_growth_year": null,
            "eps_4q": 0.97,
            "eps_4q_growth_year": null,
            "roe": 2.55,
            "roe_4q": 4.84,
            "gross_profit": 74155,
            "gross_margin": 9.74,
            "gross_margin_4q_avg": 4.22,
            "net_income": 30639,
            "revenue": 761106,
            "common_shares": 414999,
            "book_valuer_per_share": 17.98,
            "book_valuer_per_share_4q_avg": 17.14,
            "equity": 1216423,
            "current_ratio": 139.14,
            "debt_ratio": 52.08,
            "inventory_turnover_ratio": 1.19,
            "account_receivable_turnover_ratio": 2.17,
            "reinvestment_rate": null,
            "research_to_sale_ratio": 0.31,
            "price_fair": 0,
            "eps_avg_yearly": 0,
            "eps_latest_yearly": 0,
            "eps_growth_yearly": 0
        },
        "20112": {
            "year_quarter": 20112,
            "year": 2011,
            "quarter": 2,
            "eps": 0.43,
            "eps_growth_year": -8.71,
            "eps_4q": 0.93,
            "eps_4q_growth_year": null,
            "roe": 2.46,
            "roe_4q": 5.01,
            "gross_profit": 70598,
            "gross_margin": 8.66,
            "gross_margin_4q_avg": 4.6,
            "net_income": 29604,
            "revenue": 815133,
            "common_shares": 414999,
            "book_valuer_per_share": 17.23,
            "book_valuer_per_share_4q_avg": 17.4,
            "equity": 1190056,
            "current_ratio": 128.44,
            "debt_ratio": 54.63,
            "inventory_turnover_ratio": 1.33,
            "account_receivable_turnover_ratio": 2.11,
            "reinvestment_rate": null,
            "research_to_sale_ratio": 0.48,
            "price_fair": 5.16,
            "eps_avg_yearly": 1.72,
            "eps_latest_yearly": 1.72,
            "eps_growth_yearly": -48.98
        },
        "20113": {
            "year_quarter": 20113,
            "year": 2011,
            "quarter": 3,
            "eps": 0.63,
            "eps_growth_year": null,
            "eps_4q": 1.49,
            "eps_4q_growth_year": null,
            "roe": 4.02,
            "roe_4q": 9.03,
            "gross_profit": 89405,
            "gross_margin": 10.2,
            "gross_margin_4q_avg": 7.15,
            "net_income": 50714,
            "revenue": 876347,
            "common_shares": 444999,
            "book_valuer_per_share": 18.81,
            "book_valuer_per_share_4q_avg": 17.87,
            "equity": 1334762,
            "current_ratio": 140.16,
            "debt_ratio": 53.36,
            "inventory_turnover_ratio": 1.26,
            "account_receivable_turnover_ratio": 1.88,
            "reinvestment_rate": null,
            "research_to_sale_ratio": 0.55,
            "price_fair": 74.2,
            "eps_avg_yearly": 2.12,
            "eps_latest_yearly": 2.52,
            "eps_growth_yearly": 68.53
        },
        "20114": {
            "year_quarter": 20114,
            "year": 2011,
            "quarter": 4,
            "eps": 0.24,
            "eps_growth_year": null,
            "eps_4q": 1.6,
            "eps_4q_growth_year": null,
            "roe": 1.12,
            "roe_4q": 10.149999999999999,
            "gross_profit": 70778,
            "gross_margin": 11.28,
            "gross_margin_4q_avg": 9.97,
            "net_income": 15694,
            "revenue": 627283,
            "common_shares": 486299,
            "book_valuer_per_share": 19.91,
            "book_valuer_per_share_4q_avg": 18.48,
            "equity": 1477495,
            "current_ratio": 151.76,
            "debt_ratio": 50.09,
            "inventory_turnover_ratio": 0.71,
            "account_receivable_turnover_ratio": 1.39,
            "reinvestment_rate": null,
            "research_to_sale_ratio": 0.78,
            "price_fair": 5.2,
            "eps_avg_yearly": 1.73,
            "eps_latest_yearly": 0.96,
            "eps_growth_yearly": -36.85
        },
        "20121": {
            "year_quarter": 20121,
            "year": 2012,
            "quarter": 1,
            "eps": 0.18,
            "eps_growth_year": -63.27,
            "eps_4q": 1.36,
            "eps_4q_growth_year": 40.85,
            "roe": 1.35,
            "roe_4q": 8.95,
            "gross_profit": 41151,
            "gross_margin": 5.85,
            "gross_margin_4q_avg": 9,
            "net_income": 20053,
            "revenue": 703607,
            "common_shares": 486299,
            "book_valuer_per_share": 19.97,
            "book_valuer_per_share_4q_avg": 18.98,
            "equity": 1491570,
            "current_ratio": 142.58,
            "debt_ratio": 51.1,
            "inventory_turnover_ratio": 0.76,
            "account_receivable_turnover_ratio": 1.68,
            "reinvestment_rate": null,
            "research_to_sale_ratio": 0.43,
            "price_fair": 4.44,
            "eps_avg_yearly": 1.48,
            "eps_latest_yearly": 0.72,
            "eps_growth_yearly": -52.64
        },
        "20122": {
            "year_quarter": 20122,
            "year": 2012,
            "quarter": 2,
            "eps": 0.05,
            "eps_growth_year": -89.13,
            "eps_4q": 1.04,
            "eps_4q_growth_year": 12.2,
            "roe": 0.68,
            "roe_4q": 7.17,
            "gross_profit": 42728,
            "gross_margin": 6.55,
            "gross_margin_4q_avg": 8.47,
            "net_income": 9921,
            "revenue": 651977,
            "common_shares": 486299,
            "book_valuer_per_share": 18.84,
            "book_valuer_per_share_4q_avg": 19.38,
            "equity": 1430795,
            "current_ratio": 136.43,
            "debt_ratio": 51.31,
            "inventory_turnover_ratio": 0.75,
            "account_receivable_turnover_ratio": 1.46,
            "reinvestment_rate": null,
            "research_to_sale_ratio": 0.36,
            "price_fair": 3.67,
            "eps_avg_yearly": 1.22,
            "eps_latest_yearly": 0.2,
            "eps_growth_yearly": -99.89
        },
        "20123": {
            "year_quarter": 20123,
            "year": 2012,
            "quarter": 3,
            "eps": -0.1,
            "eps_growth_year": -116.33,
            "eps_4q": 0.36,
            "eps_4q_growth_year": -76.13,
            "roe": -0.1,
            "roe_4q": 3.0500000000000003,
            "gross_profit": 23015,
            "gross_margin": 3.43,
            "gross_margin_4q_avg": 6.78,
            "net_income": -1445,
            "revenue": 670957,
            "common_shares": 486299,
            "book_valuer_per_share": 20.1,
            "book_valuer_per_share_4q_avg": 19.71,
            "equity": 1469656,
            "current_ratio": 199.08,
            "debt_ratio": 51.1,
            "inventory_turnover_ratio": 0.85,
            "account_receivable_turnover_ratio": 1.53,
            "reinvestment_rate": null,
            "research_to_sale_ratio": 0.45,
            "price_fair": 3.67,
            "eps_avg_yearly": 1.22,
            "eps_latest_yearly": 0.2,
            "eps_growth_yearly": -99.89
        },
        "20124": {
            "year_quarter": 20124,
            "year": 2012,
            "quarter": 4,
            "eps": -0.09,
            "eps_growth_year": -139.34,
            "eps_4q": 0.03,
            "eps_4q_growth_year": -98.28,
            "roe": -0.21,
            "roe_4q": 1.7200000000000002,
            "gross_profit": 31379,
            "gross_margin": 5.62,
            "gross_margin_4q_avg": 5.36,
            "net_income": -3093,
            "revenue": 558840,
            "common_shares": 486299,
            "book_valuer_per_share": 19.89,
            "book_valuer_per_share_4q_avg": 19.7,
            "equity": 1471994,
            "current_ratio": 172.62,
            "debt_ratio": 50.38,
            "inventory_turnover_ratio": 0.7,
            "account_receivable_turnover_ratio": 1.44,
            "reinvestment_rate": null,
            "research_to_sale_ratio": 0.49,
            "price_fair": 3.67,
            "eps_avg_yearly": 1.22,
            "eps_latest_yearly": 0.2,
            "eps_growth_yearly": -99.89
        },
        "20131": {
            "year_quarter": 20131,
            "year": 2013,
            "quarter": 1,
            "eps": -0.12,
            "eps_growth_year": -166.67,
            "eps_4q": -0.27,
            "eps_4q_growth_year": -119.86,
            "roe": -0.52,
            "roe_4q": -0.1499999999999999,
            "gross_profit": 12345,
            "gross_margin": 1.9,
            "gross_margin_4q_avg": 4.38,
            "net_income": -7614,
            "revenue": 649335,
            "common_shares": 486299,
            "book_valuer_per_share": 19.73,
            "book_valuer_per_share_4q_avg": 19.64,
            "equity": 1445043,
            "current_ratio": 142.39,
            "debt_ratio": 54.85,
            "inventory_turnover_ratio": 0.91,
            "account_receivable_turnover_ratio": 1.59,
            "reinvestment_rate": null,
            "research_to_sale_ratio": 0.43,
            "price_fair": 3.67,
            "eps_avg_yearly": 1.22,
            "eps_latest_yearly": 0.2,
            "eps_growth_yearly": -99.89
        },
        "20132": {
            "year_quarter": 20132,
            "year": 2013,
            "quarter": 2,
            "eps": 0.09,
            "eps_growth_year": 90.62,
            "eps_4q": -0.21,
            "eps_4q_growth_year": -120.5,
            "roe": 0.41,
            "roe_4q": -0.42000000000000004,
            "gross_profit": 33705,
            "gross_margin": 5.95,
            "gross_margin_4q_avg": 4.23,
            "net_income": 5937,
            "revenue": 566842,
            "common_shares": 486299,
            "book_valuer_per_share": 19.6,
            "book_valuer_per_share_4q_avg": 19.83,
            "equity": 1434569,
            "current_ratio": 138.12,
            "debt_ratio": 54.07,
            "inventory_turnover_ratio": 0.93,
            "account_receivable_turnover_ratio": 1.34,
            "reinvestment_rate": null,
            "research_to_sale_ratio": 0.27,
            "price_fair": 3.67,
            "eps_avg_yearly": 1.22,
            "eps_latest_yearly": 0.2,
            "eps_growth_yearly": -99.89
        },
        "20133": {
            "year_quarter": 20133,
            "year": 2013,
            "quarter": 3,
            "eps": 0.25,
            "eps_growth_year": null,
            "eps_4q": 0.14,
            "eps_4q_growth_year": -61.41,
            "roe": 0.94,
            "roe_4q": 0.6199999999999999,
            "gross_profit": 36174,
            "gross_margin": 5.46,
            "gross_margin_4q_avg": 4.73,
            "net_income": 13473,
            "revenue": 662799,
            "common_shares": 510614,
            "book_valuer_per_share": 18.82,
            "book_valuer_per_share_4q_avg": 19.51,
            "equity": 1442306,
            "current_ratio": 124.47,
            "debt_ratio": 56.86,
            "inventory_turnover_ratio": 1.13,
            "account_receivable_turnover_ratio": 1.71,
            "reinvestment_rate": null,
            "research_to_sale_ratio": 0.48,
            "price_fair": 41.53,
            "eps_avg_yearly": 1.19,
            "eps_latest_yearly": 1,
            "eps_growth_yearly": 35.28
        },
        "20134": {
            "year_quarter": 20134,
            "year": 2013,
            "quarter": 4,
            "eps": 0.06,
            "eps_growth_year": null,
            "eps_4q": 0.28,
            "eps_4q_growth_year": 934.66,
            "roe": 0.37,
            "roe_4q": 1.2,
            "gross_profit": 33128,
            "gross_margin": 6.38,
            "gross_margin_4q_avg": 4.92,
            "net_income": 5567,
            "revenue": 519164,
            "common_shares": 510614,
            "book_valuer_per_share": 21.9,
            "book_valuer_per_share_4q_avg": 20.01,
            "equity": 1599288,
            "current_ratio": 117.08,
            "debt_ratio": 52.39,
            "inventory_turnover_ratio": 0.78,
            "account_receivable_turnover_ratio": 1.57,
            "reinvestment_rate": 129.86,
            "research_to_sale_ratio": 0.27,
            "price_fair": 3.15,
            "eps_avg_yearly": 1.05,
            "eps_latest_yearly": 0.24,
            "eps_growth_yearly": -13.19
        },
        "20141": {
            "year_quarter": 20141,
            "year": 2014,
            "quarter": 1,
            "eps": 0.46,
            "eps_growth_year": null,
            "eps_4q": 0.86,
            "eps_4q_growth_year": null,
            "roe": 1.49,
            "roe_4q": 3.21,
            "gross_profit": 52843,
            "gross_margin": 7.98,
            "gross_margin_4q_avg": 6.44,
            "net_income": 24055,
            "revenue": 662446,
            "common_shares": 514171,
            "book_valuer_per_share": 22.44,
            "book_valuer_per_share_4q_avg": 20.69,
            "equity": 1635888,
            "current_ratio": 111.5,
            "debt_ratio": 53.53,
            "inventory_turnover_ratio": 1,
            "account_receivable_turnover_ratio": 2.12,
            "reinvestment_rate": 479.18,
            "research_to_sale_ratio": 0.17,
            "price_fair": 40.25,
            "eps_avg_yearly": 1.15,
            "eps_latest_yearly": 1.84,
            "eps_growth_yearly": 321.79
        },
        "20142": {
            "year_quarter": 20142,
            "year": 2014,
            "quarter": 2,
            "eps": 0.94,
            "eps_growth_year": 944.44,
            "eps_4q": 1.7,
            "eps_4q_growth_year": null,
            "roe": 4.65,
            "roe_4q": 7.450000000000001,
            "gross_profit": 57196,
            "gross_margin": 8.7,
            "gross_margin_4q_avg": 7.13,
            "net_income": 77188,
            "revenue": 657786,
            "common_shares": 514583,
            "book_valuer_per_share": 22.75,
            "book_valuer_per_share_4q_avg": 21.48,
            "equity": 1680868,
            "current_ratio": 106.74,
            "debt_ratio": 54.27,
            "inventory_turnover_ratio": 0.99,
            "account_receivable_turnover_ratio": 1.88,
            "reinvestment_rate": -17.54,
            "research_to_sale_ratio": 0.12,
            "price_fair": 50.4,
            "eps_avg_yearly": 1.44,
            "eps_latest_yearly": 3.76,
            "eps_growth_yearly": 332.41
        },
        "20143": {
            "year_quarter": 20143,
            "year": 2014,
            "quarter": 3,
            "eps": 0.99,
            "eps_growth_year": 296,
            "eps_4q": 2.18,
            "eps_4q_growth_year": 1483.25,
            "roe": 3.22,
            "roe_4q": 9.73,
            "gross_profit": 29648,
            "gross_margin": 3.56,
            "gross_margin_4q_avg": 6.66,
            "net_income": 57325,
            "revenue": 832952,
            "common_shares": 584217,
            "book_valuer_per_share": 23.39,
            "book_valuer_per_share_4q_avg": 22.62,
            "equity": 1881665,
            "current_ratio": 83.01,
            "debt_ratio": 53.12,
            "inventory_turnover_ratio": 1.22,
            "account_receivable_turnover_ratio": 2.03,
            "reinvestment_rate": 436.99,
            "research_to_sale_ratio": 0.1,
            "price_fair": 59.22,
            "eps_avg_yearly": 1.69,
            "eps_latest_yearly": 3.96,
            "eps_growth_yearly": 301.3
        },
        "20144": {
            "year_quarter": 20144,
            "year": 2014,
            "quarter": 4,
            "eps": 1.2,
            "eps_growth_year": 1950.78,
            "eps_4q": 3.32,
            "eps_4q_growth_year": 1066.46,
            "roe": 2.6,
            "roe_4q": 11.96,
            "gross_profit": 70145,
            "gross_margin": 8.61,
            "gross_margin_4q_avg": 7.21,
            "net_income": 51539,
            "revenue": 814595,
            "common_shares": 616363,
            "book_valuer_per_share": 25.22,
            "book_valuer_per_share_4q_avg": 23.45,
            "equity": 2080216,
            "current_ratio": 92.02,
            "debt_ratio": 54.78,
            "inventory_turnover_ratio": 0.93,
            "account_receivable_turnover_ratio": 1.8,
            "reinvestment_rate": 243.92,
            "research_to_sale_ratio": 0.18,
            "price_fair": 69.11,
            "eps_avg_yearly": 1.97,
            "eps_latest_yearly": 4.8,
            "eps_growth_yearly": 281.62
        },
        "20151": {
            "year_quarter": 20151,
            "year": 2015,
            "quarter": 1,
            "eps": 0.76,
            "eps_growth_year": 65.22,
            "eps_4q": 3.36,
            "eps_4q_growth_year": 293.11,
            "roe": 3.02,
            "roe_4q": 13.49,
            "gross_profit": 112867,
            "gross_margin": 11.9,
            "gross_margin_4q_avg": 8.19,
            "net_income": 65616,
            "revenue": 948701,
            "common_shares": 684374,
            "book_valuer_per_share": 25.15,
            "book_valuer_per_share_4q_avg": 24.13,
            "equity": 2262757,
            "current_ratio": 98.07,
            "debt_ratio": 53.91,
            "inventory_turnover_ratio": 0.93,
            "account_receivable_turnover_ratio": 2.01,
            "reinvestment_rate": 235.42,
            "research_to_sale_ratio": 0.16,
            "price_fair": 72.22,
            "eps_avg_yearly": 2.06,
            "eps_latest_yearly": 3.04,
            "eps_growth_yearly": 245.93
        },
        "20152": {
            "year_quarter": 20152,
            "year": 2015,
            "quarter": 2,
            "eps": 0.44,
            "eps_growth_year": -53.19,
            "eps_4q": 2.99,
            "eps_4q_growth_year": 75.67,
            "roe": 1.77,
            "roe_4q": 10.610000000000001,
            "gross_profit": 107455,
            "gross_margin": 11.02,
            "gross_margin_4q_avg": 8.77,
            "net_income": 40246,
            "revenue": 974963,
            "common_shares": 702646,
            "book_valuer_per_share": 24.79,
            "book_valuer_per_share_4q_avg": 24.64,
            "equity": 2289768,
            "current_ratio": 149.7,
            "debt_ratio": 55.83,
            "inventory_turnover_ratio": 0.92,
            "account_receivable_turnover_ratio": 1.78,
            "reinvestment_rate": 340.03,
            "research_to_sale_ratio": 0.09,
            "price_fair": 72.33,
            "eps_avg_yearly": 2.07,
            "eps_latest_yearly": 1.76,
            "eps_growth_yearly": 235.98
        },
        "20153": {
            "year_quarter": 20153,
            "year": 2015,
            "quarter": 3,
            "eps": 0.15,
            "eps_growth_year": -84.85,
            "eps_4q": 2.36,
            "eps_4q_growth_year": 8.41,
            "roe": 0.98,
            "roe_4q": 8.37,
            "gross_profit": 114154,
            "gross_margin": 11.79,
            "gross_margin_4q_avg": 10.83,
            "net_income": 22567,
            "revenue": 968003,
            "common_shares": 702646,
            "book_valuer_per_share": 25.04,
            "book_valuer_per_share_4q_avg": 25.05,
            "equity": 2316599,
            "current_ratio": 146.2,
            "debt_ratio": 57.26,
            "inventory_turnover_ratio": 0.85,
            "account_receivable_turnover_ratio": 1.77,
            "reinvestment_rate": 494.94,
            "research_to_sale_ratio": 0.07,
            "price_fair": 66.73,
            "eps_avg_yearly": 1.91,
            "eps_latest_yearly": 0.6,
            "eps_growth_yearly": 198.51
        },
        "20154": {
            "year_quarter": 20154,
            "year": 2015,
            "quarter": 4,
            "eps": 0.4,
            "eps_growth_year": -66.72,
            "eps_4q": 1.72,
            "eps_4q_growth_year": -48.3,
            "roe": 1.53,
            "roe_4q": 7.299999999999999,
            "gross_profit": 88432,
            "gross_margin": 8.72,
            "gross_margin_4q_avg": 10.86,
            "net_income": 35555,
            "revenue": 1014325,
            "common_shares": 702646,
            "book_valuer_per_share": 25.65,
            "book_valuer_per_share_4q_avg": 25.16,
            "equity": 2341885,
            "current_ratio": 174.71,
            "debt_ratio": 52.79,
            "inventory_turnover_ratio": 0.93,
            "account_receivable_turnover_ratio": 2,
            "reinvestment_rate": 489.71,
            "research_to_sale_ratio": 0.11,
            "price_fair": 68.6,
            "eps_avg_yearly": 1.96,
            "eps_latest_yearly": 1.6,
            "eps_growth_yearly": 274.7
        },
        "20161": {
            "year_quarter": 20161,
            "year": 2016,
            "quarter": 1,
            "eps": 1.74,
            "eps_growth_year": 128.95,
            "eps_4q": 2.66,
            "eps_4q_growth_year": -21,
            "roe": 5.32,
            "roe_4q": 9.6,
            "gross_profit": 81322,
            "gross_margin": 8.31,
            "gross_margin_4q_avg": 9.96,
            "net_income": 128260,
            "revenue": 978494,
            "common_shares": 746453,
            "book_valuer_per_share": 30.15,
            "book_valuer_per_share_4q_avg": 26.41,
            "equity": 2477624,
            "current_ratio": 177.36,
            "debt_ratio": 50.69,
            "inventory_turnover_ratio": 0.99,
            "account_receivable_turnover_ratio": 1.93,
            "reinvestment_rate": 360.29,
            "research_to_sale_ratio": 0.12,
            "price_fair": 86.8,
            "eps_avg_yearly": 2.48,
            "eps_latest_yearly": 6.96,
            "eps_growth_yearly": 394.7
        },
        "20162": {
            "year_quarter": 20162,
            "year": 2016,
            "quarter": 2,
            "eps": 0.57,
            "eps_growth_year": 29.55,
            "eps_4q": 2.78,
            "eps_4q_growth_year": -7.13,
            "roe": 1.85,
            "roe_4q": 9.68,
            "gross_profit": 87286,
            "gross_margin": 9.03,
            "gross_margin_4q_avg": 9.46,
            "net_income": 45021,
            "revenue": 966434,
            "common_shares": 757144,
            "book_valuer_per_share": 28.81,
            "book_valuer_per_share_4q_avg": 27.41,
            "equity": 2392362,
            "current_ratio": 158.27,
            "debt_ratio": 53.29,
            "inventory_turnover_ratio": 1.02,
            "account_receivable_turnover_ratio": 1.72,
            "reinvestment_rate": 235.4,
            "research_to_sale_ratio": 0.11,
            "price_fair": 92.87,
            "eps_avg_yearly": 2.65,
            "eps_latest_yearly": 2.28,
            "eps_growth_yearly": 396.36
        },
        "20163": {
            "year_quarter": 20163,
            "year": 2016,
            "quarter": 3,
            "eps": 0.46,
            "eps_growth_year": 206.67,
            "eps_4q": 3.1,
            "eps_4q_growth_year": 30.99,
            "roe": 1.62,
            "roe_4q": 10.32,
            "gross_profit": 87166,
            "gross_margin": 8.4,
            "gross_margin_4q_avg": 8.62,
            "net_income": 38902,
            "revenue": 1037518,
            "common_shares": 757254,
            "book_valuer_per_share": 29.18,
            "book_valuer_per_share_4q_avg": 28.45,
            "equity": 2423934,
            "current_ratio": 173.72,
            "debt_ratio": 52.49,
            "inventory_turnover_ratio": 1.09,
            "account_receivable_turnover_ratio": 1.69,
            "reinvestment_rate": 294.71,
            "research_to_sale_ratio": 0.11,
            "price_fair": 90.68,
            "eps_avg_yearly": 2.59,
            "eps_latest_yearly": 1.84,
            "eps_growth_yearly": 359.93
        },
        "20164": {
            "year_quarter": 20164,
            "year": 2016,
            "quarter": 4,
            "eps": 0.25,
            "eps_growth_year": -36.46,
            "eps_4q": 2.98,
            "eps_4q_growth_year": 73.57,
            "roe": 0.93,
            "roe_4q": 9.72,
            "gross_profit": 90693,
            "gross_margin": 8.97,
            "gross_margin_4q_avg": 8.68,
            "net_income": 22719,
            "revenue": 1011235,
            "common_shares": 757254,
            "book_valuer_per_share": 29.37,
            "book_valuer_per_share_4q_avg": 29.38,
            "equity": 2442588,
            "current_ratio": 161.86,
            "debt_ratio": 52.54,
            "inventory_turnover_ratio": 1.06,
            "account_receivable_turnover_ratio": 1.6,
            "reinvestment_rate": 262.6,
            "research_to_sale_ratio": 0.07,
            "price_fair": 86.7,
            "eps_avg_yearly": 2.48,
            "eps_latest_yearly": 1,
            "eps_growth_yearly": 321.18
        },
        "20171": {
            "year_quarter": 20171,
            "year": 2017,
            "quarter": 1,
            "eps": 1.28,
            "eps_growth_year": -26.44,
            "eps_4q": 2.56,
            "eps_4q_growth_year": -3.67,
            "roe": 4.11,
            "roe_4q": 8.51,
            "gross_profit": 184813,
            "gross_margin": 14.61,
            "gross_margin_4q_avg": 10.25,
            "net_income": 102037,
            "revenue": 1265051,
            "common_shares": 757254,
            "book_valuer_per_share": 30.38,
            "book_valuer_per_share_4q_avg": 29.44,
            "equity": 2524758,
            "current_ratio": 157.11,
            "debt_ratio": 53.39,
            "inventory_turnover_ratio": 1.22,
            "account_receivable_turnover_ratio": 1.93,
            "reinvestment_rate": 235.91,
            "research_to_sale_ratio": 0.07,
            "price_fair": 92.87,
            "eps_avg_yearly": 2.65,
            "eps_latest_yearly": 5.12,
            "eps_growth_yearly": 409.63
        },
        "20172": {
            "year_quarter": 20172,
            "year": 2017,
            "quarter": 2,
            "eps": 1.08,
            "eps_growth_year": 89.47,
            "eps_4q": 3.07,
            "eps_4q_growth_year": 10.57,
            "roe": 3.49,
            "roe_4q": 10.150000000000002,
            "gross_profit": 145839,
            "gross_margin": 13.33,
            "gross_margin_4q_avg": 11.33,
            "net_income": 86129,
            "revenue": 1094144,
            "common_shares": 757977,
            "book_valuer_per_share": 28.88,
            "book_valuer_per_share_4q_avg": 29.45,
            "equity": 2406292,
            "current_ratio": 108.19,
            "debt_ratio": 56.14,
            "inventory_turnover_ratio": 0.96,
            "account_receivable_turnover_ratio": 1.68,
            "reinvestment_rate": 212.42,
            "research_to_sale_ratio": 0.05,
            "price_fair": 96.51,
            "eps_avg_yearly": 2.76,
            "eps_latest_yearly": 4.32,
            "eps_growth_yearly": 380.12
        },
        "20173": {
            "year_quarter": 20173,
            "year": 2017,
            "quarter": 3,
            "eps": 1.54,
            "eps_growth_year": 234.78,
            "eps_4q": 3.72,
            "eps_4q_growth_year": 20.22,
            "roe": 4.67,
            "roe_4q": 13.2,
            "gross_profit": 203479,
            "gross_margin": 15.68,
            "gross_margin_4q_avg": 13.15,
            "net_income": 129438,
            "revenue": 1297517,
            "common_shares": 861234,
            "book_valuer_per_share": 32.67,
            "book_valuer_per_share_4q_avg": 30.33,
            "equity": 3139308,
            "current_ratio": 171.84,
            "debt_ratio": 44.31,
            "inventory_turnover_ratio": 1.05,
            "account_receivable_turnover_ratio": 1.99,
            "reinvestment_rate": 186.94,
            "research_to_sale_ratio": 0.05,
            "price_fair": 107.8,
            "eps_avg_yearly": 3.08,
            "eps_latest_yearly": 6.16,
            "eps_growth_yearly": 346.33
        },
        "20174": {
            "year_quarter": 20174,
            "year": 2017,
            "quarter": 4,
            "eps": 1.45,
            "eps_growth_year": 470.3,
            "eps_4q": 4.93,
            "eps_4q_growth_year": 65.48,
            "roe": 3.85,
            "roe_4q": 16.12,
            "gross_profit": 215835,
            "gross_margin": 16.3,
            "gross_margin_4q_avg": 14.98,
            "net_income": 123647,
            "revenue": 1324111,
            "common_shares": 861234,
            "book_valuer_per_share": 34.3,
            "book_valuer_per_share_4q_avg": 31.56,
            "equity": 3291932,
            "current_ratio": 168.64,
            "debt_ratio": 43.18,
            "inventory_turnover_ratio": 1,
            "account_receivable_turnover_ratio": 1.86,
            "reinvestment_rate": 156.02,
            "research_to_sale_ratio": 0.05,
            "price_fair": 119.96,
            "eps_avg_yearly": 3.43,
            "eps_latest_yearly": 5.8,
            "eps_growth_yearly": 363.87
        },
        "20181": {
            "year_quarter": 20181,
            "year": 2018,
            "quarter": 1,
            "eps": 1.7,
            "eps_growth_year": 32.81,
            "eps_4q": 5.52,
            "eps_4q_growth_year": 115.57,
            "roe": 4.56,
            "roe_4q": 16.57,
            "gross_profit": 223101,
            "gross_margin": 13.85,
            "gross_margin_4q_avg": 14.79,
            "net_income": 153838,
            "revenue": 1610775,
            "common_shares": 864737,
            "book_valuer_per_share": 35.99,
            "book_valuer_per_share_4q_avg": 32.96,
            "equity": 3449738,
            "current_ratio": 167.41,
            "debt_ratio": 43.51,
            "inventory_turnover_ratio": 1.07,
            "account_receivable_turnover_ratio": 2.2,
            "reinvestment_rate": 131.09,
            "research_to_sale_ratio": 0.3,
            "price_fair": 130.81,
            "eps_avg_yearly": 3.74,
            "eps_latest_yearly": 6.8,
            "eps_growth_yearly": 201.51
        },
        "20182": {
            "year_quarter": 20182,
            "year": 2018,
            "quarter": 2,
            "eps": 1.31,
            "eps_growth_year": 21.3,
            "eps_4q": 5.88,
            "eps_4q_growth_year": 91.54,
            "roe": 3.79,
            "roe_4q": 16.869999999999997,
            "gross_profit": 219308,
            "gross_margin": 14.07,
            "gross_margin_4q_avg": 14.98,
            "net_income": 132779,
            "revenue": 1558488,
            "common_shares": 866262,
            "book_valuer_per_share": 34.85,
            "book_valuer_per_share_4q_avg": 34.45,
            "equity": 3565315,
            "current_ratio": 149.5,
            "debt_ratio": 45.88,
            "inventory_turnover_ratio": 0.89,
            "account_receivable_turnover_ratio": 1.94,
            "reinvestment_rate": 135.67,
            "research_to_sale_ratio": 0.4,
            "price_fair": 134.05,
            "eps_avg_yearly": 3.83,
            "eps_latest_yearly": 5.24,
            "eps_growth_yearly": 169.69
        },
        "20183": {
            "year_quarter": 20183,
            "year": 2018,
            "quarter": 3,
            "eps": 1.21,
            "eps_growth_year": -21.43,
            "eps_4q": 5.68,
            "eps_4q_growth_year": 52.68,
            "roe": 2.87,
            "roe_4q": 15.069999999999999,
            "gross_profit": 221820,
            "gross_margin": 13.32,
            "gross_margin_4q_avg": 14.39,
            "net_income": 103682,
            "revenue": 1665796,
            "common_shares": 867467,
            "book_valuer_per_share": 35.89,
            "book_valuer_per_share_4q_avg": 35.26,
            "equity": 3655609,
            "current_ratio": 148.44,
            "debt_ratio": 47.57,
            "inventory_turnover_ratio": 0.88,
            "account_receivable_turnover_ratio": 1.85,
            "reinvestment_rate": 150.73,
            "research_to_sale_ratio": 0.34,
            "price_fair": 135.98,
            "eps_avg_yearly": 3.89,
            "eps_latest_yearly": 4.84,
            "eps_growth_yearly": 166.45
        },
        "20184": {
            "year_quarter": 20184,
            "year": 2018,
            "quarter": 4,
            "eps": 0.42,
            "eps_growth_year": -71.2,
            "eps_4q": 4.37,
            "eps_4q_growth_year": -11.37,
            "roe": 1,
            "roe_4q": 12.219999999999999,
            "gross_profit": 116581,
            "gross_margin": 7.9,
            "gross_margin_4q_avg": 12.29,
            "net_income": 39131,
            "revenue": 1475578,
            "common_shares": 928452,
            "book_valuer_per_share": 38.97,
            "book_valuer_per_share_4q_avg": 36.43,
            "equity": 4158305,
            "current_ratio": 158.73,
            "debt_ratio": 42.91,
            "inventory_turnover_ratio": 0.81,
            "account_receivable_turnover_ratio": 1.81,
            "reinvestment_rate": 136.08,
            "research_to_sale_ratio": 0.36,
            "price_fair": 129.15,
            "eps_avg_yearly": 3.69,
            "eps_latest_yearly": 1.68,
            "eps_growth_yearly": 144.82
        },
        "20191": {
            "year_quarter": 20191,
            "year": 2019,
            "quarter": 1,
            "eps": 0.09,
            "eps_growth_year": -94.71,
            "eps_4q": 2.87,
            "eps_4q_growth_year": -47.98,
            "roe": 0.35,
            "roe_4q": 8.010000000000002,
            "gross_profit": 90295,
            "gross_margin": 5.81,
            "gross_margin_4q_avg": 10.28,
            "net_income": 14605,
            "revenue": 1555437,
            "common_shares": 928452,
            "book_valuer_per_share": 39.16,
            "book_valuer_per_share_4q_avg": 37.22,
            "equity": 4190315,
            "current_ratio": 159.63,
            "debt_ratio": 41.53,
            "inventory_turnover_ratio": 0.8,
            "account_receivable_turnover_ratio": 2.15,
            "reinvestment_rate": 141.36,
            "research_to_sale_ratio": 0.38,
            "price_fair": 123.29,
            "eps_avg_yearly": 3.52,
            "eps_latest_yearly": 0.36,
            "eps_growth_yearly": 134.35
        },
        "20192": {
            "year_quarter": 20192,
            "year": 2019,
            "quarter": 2,
            "eps": 0.26,
            "eps_growth_year": -80.15,
            "eps_4q": 1.91,
            "eps_4q_growth_year": -67.61,
            "roe": 0.77,
            "roe_4q": 4.99,
            "gross_profit": 116531,
            "gross_margin": 7.73,
            "gross_margin_4q_avg": 8.69,
            "net_income": 31350,
            "revenue": 1507358,
            "common_shares": 930293,
            "book_valuer_per_share": 36.21,
            "book_valuer_per_share_4q_avg": 37.56,
            "equity": 4002814,
            "current_ratio": 154.11,
            "debt_ratio": 46.22,
            "inventory_turnover_ratio": 0.74,
            "account_receivable_turnover_ratio": 2.24,
            "reinvestment_rate": 80.99,
            "research_to_sale_ratio": 0.39,
            "price_fair": 121.71,
            "eps_avg_yearly": 3.48,
            "eps_latest_yearly": 1.04,
            "eps_growth_yearly": 192.1
        },
        "20193": {
            "year_quarter": 20193,
            "year": 2019,
            "quarter": 3,
            "eps": 0.68,
            "eps_growth_year": -43.8,
            "eps_4q": 1.46,
            "eps_4q_growth_year": -74.38,
            "roe": 1.76,
            "roe_4q": 3.8800000000000003,
            "gross_profit": 159456,
            "gross_margin": 9.4,
            "gross_margin_4q_avg": 7.71,
            "net_income": 70826,
            "revenue": 1696667,
            "common_shares": 930293,
            "book_valuer_per_share": 36.58,
            "book_valuer_per_share_4q_avg": 37.73,
            "equity": 4023738,
            "current_ratio": 164.54,
            "debt_ratio": 43.38,
            "inventory_turnover_ratio": 0.92,
            "account_receivable_turnover_ratio": 2.54,
            "reinvestment_rate": 76.14,
            "research_to_sale_ratio": 0.39,
            "price_fair": 126.35,
            "eps_avg_yearly": 3.61,
            "eps_latest_yearly": 2.72,
            "eps_growth_yearly": 248.96
        },
        "20194": {
            "year_quarter": 20194,
            "year": 2019,
            "quarter": 4,
            "eps": 0.38,
            "eps_growth_year": -8.1,
            "eps_4q": 1.42,
            "eps_4q_growth_year": -67.46,
            "roe": 0.9,
            "roe_4q": 3.7800000000000002,
            "gross_profit": 123658,
            "gross_margin": 7.68,
            "gross_margin_4q_avg": 7.66,
            "net_income": 36286,
            "revenue": 1610058,
            "common_shares": 930293,
            "book_valuer_per_share": 36.9,
            "book_valuer_per_share_4q_avg": 37.21,
            "equity": 4052939,
            "current_ratio": 155.26,
            "debt_ratio": 41.84,
            "inventory_turnover_ratio": 1.01,
            "account_receivable_turnover_ratio": 2.57,
            "reinvestment_rate": 79.65,
            "research_to_sale_ratio": 0.49,
            "price_fair": 126.18,
            "eps_avg_yearly": 3.61,
            "eps_latest_yearly": 1.52,
            "eps_growth_yearly": 196.26
        },
        "20201": {
            "year_quarter": 20201,
            "year": 2020,
            "quarter": 1,
            "eps": 0.15,
            "eps_growth_year": 66.67,
            "eps_4q": 1.49,
            "eps_4q_growth_year": -48.16,
            "roe": 0.41,
            "roe_4q": 3.8400000000000003,
            "gross_profit": 77720,
            "gross_margin": 5.72,
            "gross_margin_4q_avg": 7.63,
            "net_income": 16707,
            "revenue": 1358016,
            "common_shares": 930293,
            "book_valuer_per_share": 36.99,
            "book_valuer_per_share_4q_avg": 36.67,
            "equity": 4064427,
            "current_ratio": 146.91,
            "debt_ratio": 43.56,
            "inventory_turnover_ratio": 0.98,
            "account_receivable_turnover_ratio": 2.25,
            "reinvestment_rate": 91.27,
            "research_to_sale_ratio": 0.55,
            "price_fair": 112.26,
            "eps_avg_yearly": 3.21,
            "eps_latest_yearly": 0.6,
            "eps_growth_yearly": 97.38
        },
        "20202": {
            "year_quarter": 20202,
            "year": 2020,
            "quarter": 2,
            "eps": 0.04,
            "eps_growth_year": -84.62,
            "eps_4q": 1.3,
            "eps_4q_growth_year": -31.95,
            "roe": 0.26,
            "roe_4q": 3.33,
            "gross_profit": 98930,
            "gross_margin": 8.03,
            "gross_margin_4q_avg": 7.71,
            "net_income": 10280,
            "revenue": 1232590,
            "common_shares": 930293,
            "book_valuer_per_share": 35.27,
            "book_valuer_per_share_4q_avg": 36.44,
            "equity": 3820052,
            "current_ratio": 132.13,
            "debt_ratio": 44.94,
            "inventory_turnover_ratio": 0.97,
            "account_receivable_turnover_ratio": 1.88,
            "reinvestment_rate": 101.15,
            "research_to_sale_ratio": 0.57,
            "price_fair": 107.63,
            "eps_avg_yearly": 3.08,
            "eps_latest_yearly": 0.16,
            "eps_growth_yearly": 95.86
        },
        "20203": {
            "year_quarter": 20203,
            "year": 2020,
            "quarter": 3,
            "eps": 0.77,
            "eps_growth_year": 13.24,
            "eps_4q": 1.38,
            "eps_4q_growth_year": -5.05,
            "roe": 1.9,
            "roe_4q": 3.47,
            "gross_profit": 163193,
            "gross_margin": 11.43,
            "gross_margin_4q_avg": 8.22,
            "net_income": 73474,
            "revenue": 1428279,
            "common_shares": 930293,
            "book_valuer_per_share": 36.09,
            "book_valuer_per_share_4q_avg": 36.31,
            "equity": 3895727,
            "current_ratio": 142.45,
            "debt_ratio": 41.99,
            "inventory_turnover_ratio": 1.15,
            "account_receivable_turnover_ratio": 2.4,
            "reinvestment_rate": 100.7,
            "research_to_sale_ratio": 0.48,
            "price_fair": 110.34,
            "eps_avg_yearly": 3.15,
            "eps_latest_yearly": 3.08,
            "eps_growth_yearly": 556.93
        },
        "20204": {
            "year_quarter": 20204,
            "year": 2020,
            "quarter": 4,
            "eps": 0.77,
            "eps_growth_year": 101.92,
            "eps_4q": 1.76,
            "eps_4q_growth_year": 24,
            "roe": 1.66,
            "roe_4q": 4.2299999999999995,
            "gross_profit": 135626,
            "gross_margin": 10.71,
            "gross_margin_4q_avg": 8.97,
            "net_income": 65184,
            "revenue": 1266480,
            "common_shares": 930293,
            "book_valuer_per_share": 36.97,
            "book_valuer_per_share_4q_avg": 36.33,
            "equity": 3970429,
            "current_ratio": 141.57,
            "debt_ratio": 44.99,
            "inventory_turnover_ratio": 1.06,
            "account_receivable_turnover_ratio": 2.14,
            "reinvestment_rate": 96.79,
            "research_to_sale_ratio": 0.64,
            "price_fair": 114.89,
            "eps_avg_yearly": 3.28,
            "eps_latest_yearly": 3.08,
            "eps_growth_yearly": 568.34
        },
        "20211": {
            "year_quarter": 20211,
            "year": 2021,
            "quarter": 1,
            "eps": 1,
            "eps_growth_year": 566.67,
            "eps_4q": 2.38,
            "eps_4q_growth_year": 59.7,
            "roe": 2.22,
            "roe_4q": 6.039999999999999,
            "gross_profit": 214423,
            "gross_margin": 12.66,
            "gross_margin_4q_avg": 10.71,
            "net_income": 95392,
            "revenue": 1693130,
            "common_shares": 1030293,
            "book_valuer_per_share": 38.64,
            "book_valuer_per_share_4q_avg": 36.74,
            "equity": 4609587,
            "current_ratio": 158.69,
            "debt_ratio": 44.69,
            "inventory_turnover_ratio": 1.23,
            "account_receivable_turnover_ratio": 2.48,
            "reinvestment_rate": 96.23,
            "research_to_sale_ratio": 0.11,
            "price_fair": 112.44,
            "eps_avg_yearly": 3.21,
            "eps_latest_yearly": 4,
            "eps_growth_yearly": 472.81
        },
        "20212": {
            "year_quarter": 20212,
            "year": 2021,
            "quarter": 2,
            "eps": 1.14,
            "eps_growth_year": 2750,
            "eps_4q": 3.54,
            "eps_4q_growth_year": 173.06,
            "roe": 2.62,
            "roe_4q": 8.4,
            "gross_profit": 248420,
            "gross_margin": 13.61,
            "gross_margin_4q_avg": 12.1,
            "net_income": 122359,
            "revenue": 1824815,
            "common_shares": 1030293,
            "book_valuer_per_share": 40.48,
            "book_valuer_per_share_4q_avg": 38.05,
            "equity": 4721947,
            "current_ratio": 162.4,
            "debt_ratio": 44.98,
            "inventory_turnover_ratio": 1.25,
            "account_receivable_turnover_ratio": 2.35,
            "reinvestment_rate": 97.44,
            "research_to_sale_ratio": 0.16,
            "price_fair": 112.96,
            "eps_avg_yearly": 3.23,
            "eps_latest_yearly": 4.56,
            "eps_growth_yearly": 480.22
        },
        "20213": {
            "year_quarter": 20213,
            "year": 2021,
            "quarter": 3,
            "eps": 1.42,
            "eps_growth_year": 84.42,
            "eps_4q": 4.26,
            "eps_4q_growth_year": 207.99,
            "roe": 2.56,
            "roe_4q": 9.06,
            "gross_profit": 235997,
            "gross_margin": 12.53,
            "gross_margin_4q_avg": 12.38,
            "net_income": 120980,
            "revenue": 1883989,
            "common_shares": 1030293,
            "book_valuer_per_share": 40.52,
            "book_valuer_per_share_4q_avg": 39.15,
            "equity": 4721278,
            "current_ratio": 155.07,
            "debt_ratio": 48.1,
            "inventory_turnover_ratio": 1.1,
            "account_receivable_turnover_ratio": 2.11,
            "reinvestment_rate": 88,
            "research_to_sale_ratio": 0.08,
            "price_fair": 111.91,
            "eps_avg_yearly": 3.2,
            "eps_latest_yearly": 5.68,
            "eps_growth_yearly": 475.71
        },
        "20214": {
            "year_quarter": 20214,
            "year": 2021,
            "quarter": 4,
            "eps": 1.07,
            "eps_growth_year": 38.15,
            "eps_4q": 4.38,
            "eps_4q_growth_year": 148.59,
            "roe": 2.15,
            "roe_4q": 9.55,
            "gross_profit": 244525,
            "gross_margin": 12.62,
            "gross_margin_4q_avg": 12.86,
            "net_income": 109689,
            "revenue": 1936849,
            "common_shares": 1070293,
            "book_valuer_per_share": 44.7,
            "book_valuer_per_share_4q_avg": 41.09,
            "equity": 5466591,
            "current_ratio": 217.81,
            "debt_ratio": 46.43,
            "inventory_turnover_ratio": 0.9,
            "account_receivable_turnover_ratio": 2.16,
            "reinvestment_rate": 86.39,
            "research_to_sale_ratio": 0.14,
            "price_fair": 108.59,
            "eps_avg_yearly": 3.1,
            "eps_latest_yearly": 4.28,
            "eps_growth_yearly": 471.01
        },
        "20221": {
            "year_quarter": 20221,
            "year": 2022,
            "quarter": 1,
            "eps": 1.76,
            "eps_growth_year": 76,
            "eps_4q": 5.2,
            "eps_4q_growth_year": 119.04,
            "roe": 3.31,
            "roe_4q": 10.64,
            "gross_profit": 366105,
            "gross_margin": 14.9,
            "gross_margin_4q_avg": 13.42,
            "net_income": 184505,
            "revenue": 2457408,
            "common_shares": 1070293,
            "book_valuer_per_share": 46.66,
            "book_valuer_per_share_4q_avg": 43.09,
            "equity": 5677867,
            "current_ratio": 202.11,
            "debt_ratio": 47.91,
            "inventory_turnover_ratio": 1.03,
            "account_receivable_turnover_ratio": 2.76,
            "reinvestment_rate": 100.53,
            "research_to_sale_ratio": 0.21,
            "price_fair": 109.11,
            "eps_avg_yearly": 3.12,
            "eps_latest_yearly": 7.04,
            "eps_growth_yearly": 482.82
        },
        "20222": {
            "year_quarter": 20222,
            "year": 2022,
            "quarter": 2,
            "eps": 1.8,
            "eps_growth_year": 57.89,
            "eps_4q": 6.01,
            "eps_4q_growth_year": 69.74,
            "roe": 3.65,
            "roe_4q": 11.67,
            "gross_profit": 403959,
            "gross_margin": 14.39,
            "gross_margin_4q_avg": 13.61,
            "net_income": 205823,
            "revenue": 2807266,
            "common_shares": 1070293,
            "book_valuer_per_share": 46.61,
            "book_valuer_per_share_4q_avg": 44.62,
            "equity": 5597881,
            "current_ratio": 183.72,
            "debt_ratio": 50.72,
            "inventory_turnover_ratio": 1.07,
            "account_receivable_turnover_ratio": 2.44,
            "reinvestment_rate": 84.85,
            "research_to_sale_ratio": 0.25,
            "price_fair": 113.4,
            "eps_avg_yearly": 3.24,
            "eps_latest_yearly": 7.2,
            "eps_growth_yearly": 489.12
        },
        "20223": {
            "year_quarter": 20223,
            "year": 2022,
            "quarter": 3,
            "eps": 1.03,
            "eps_growth_year": -27.46,
            "eps_4q": 5.67,
            "eps_4q_growth_year": 33.31,
            "roe": 2.08,
            "roe_4q": 11.190000000000001,
            "gross_profit": 181310,
            "gross_margin": 8.23,
            "gross_margin_4q_avg": 12.54,
            "net_income": 119421,
            "revenue": 2202533,
            "common_shares": 1070293,
            "book_valuer_per_share": 47.96,
            "book_valuer_per_share_4q_avg": 46.48,
            "equity": 5887900,
            "current_ratio": 192.86,
            "debt_ratio": 48.74,
            "inventory_turnover_ratio": 0.94,
            "account_receivable_turnover_ratio": 2.06,
            "reinvestment_rate": 71.14,
            "research_to_sale_ratio": 0.18,
            "price_fair": 111.83,
            "eps_avg_yearly": 3.2,
            "eps_latest_yearly": 4.12,
            "eps_growth_yearly": 480.34
        },
        "20224": {
            "year_quarter": 20224,
            "year": 2022,
            "quarter": 4,
            "eps": 0.14,
            "eps_growth_year": -87.19,
            "eps_4q": 4.67,
            "eps_4q_growth_year": 6.53,
            "roe": 0.34,
            "roe_4q": 9.38,
            "gross_profit": 73152,
            "gross_margin": 4.53,
            "gross_margin_4q_avg": 10.51,
            "net_income": 20351,
            "revenue": 1614414,
            "common_shares": 1070293,
            "book_valuer_per_share": 47.33,
            "book_valuer_per_share_4q_avg": 47.14,
            "equity": 5912347,
            "current_ratio": 196.59,
            "debt_ratio": 47.7,
            "inventory_turnover_ratio": 0.73,
            "account_receivable_turnover_ratio": 2.29,
            "reinvestment_rate": 71.83,
            "research_to_sale_ratio": 0.27,
            "price_fair": 109.38,
            "eps_avg_yearly": 3.13,
            "eps_latest_yearly": 0.56,
            "eps_growth_yearly": 475.06
        },
        "20231": {
            "year_quarter": 20231,
            "year": 2023,
            "quarter": 1,
            "eps": -0.52,
            "eps_growth_year": -129.55,
            "eps_4q": 2.42,
            "eps_4q_growth_year": -53.45,
            "roe": -0.89,
            "roe_4q": 5.18,
            "gross_profit": 20802,
            "gross_margin": 1.35,
            "gross_margin_4q_avg": 7.13,
            "net_income": -52388,
            "revenue": 1535632,
            "common_shares": 1070293,
            "book_valuer_per_share": 47.04,
            "book_valuer_per_share_4q_avg": 47.24,
            "equity": 5898552,
            "current_ratio": 227.1,
            "debt_ratio": 43.2,
            "inventory_turnover_ratio": 0.76,
            "account_receivable_turnover_ratio": 2.57,
            "reinvestment_rate": 74.37,
            "research_to_sale_ratio": 0.16,
            "price_fair": 115.83,
            "eps_avg_yearly": 3.31,
            "eps_latest_yearly": 0.56,
            "eps_growth_yearly": 527.68
        }
    },
    "months": {
        "2010-12": {
            "month": "2010-12",
            "price": "33.99",
            "revenue": 189179
        },
        "2011-01": {
            "month": "2011-01",
            "price": "33.83",
            "revenue": 135229
        },
        "2011-02": {
            "month": "2011-02",
            "price": "34.13",
            "revenue": 120920
        },
        "2011-03": {
            "month": "2011-03",
            "price": "34.20",
            "revenue": 125979
        },
        "2011-04": {
            "month": "2011-04",
            "price": "33.95",
            "revenue": 178663
        },
        "2011-05": {
            "month": "2011-05",
            "price": "38.17",
            "revenue": 142024
        },
        "2011-06": {
            "month": "2011-06",
            "price": "39.00",
            "revenue": 166600
        },
        "2011-07": {
            "month": "2011-07",
            "price": "35.33",
            "revenue": 165768
        },
        "2011-08": {
            "month": "2011-08",
            "price": "31.80",
            "revenue": 143098
        },
        "2011-09": {
            "month": "2011-09",
            "price": "29.73",
            "revenue": 157133
        },
        "2011-10": {
            "month": "2011-10",
            "price": "26.42",
            "revenue": 117207
        },
        "2011-11": {
            "month": "2011-11",
            "price": "27.33",
            "revenue": 119929
        },
        "2011-12": {
            "month": "2011-12",
            "price": "22.20",
            "revenue": 117453
        },
        "2012-01": {
            "month": "2012-01",
            "price": "21.07",
            "revenue": 234698
        },
        "2012-02": {
            "month": "2012-02",
            "price": "26.13",
            "revenue": 263037
        },
        "2012-03": {
            "month": "2012-03",
            "price": "26.58",
            "revenue": 201991
        },
        "2012-04": {
            "month": "2012-04",
            "price": "24.72",
            "revenue": 224003
        },
        "2012-05": {
            "month": "2012-05",
            "price": "23.12",
            "revenue": 208871
        },
        "2012-06": {
            "month": "2012-06",
            "price": "21.96",
            "revenue": 218349
        },
        "2012-07": {
            "month": "2012-07",
            "price": "21.55",
            "revenue": 207882
        },
        "2012-08": {
            "month": "2012-08",
            "price": "21.51",
            "revenue": 241742
        },
        "2012-09": {
            "month": "2012-09",
            "price": "20.80",
            "revenue": 213205
        },
        "2012-10": {
            "month": "2012-10",
            "price": "19.71",
            "revenue": 205448
        },
        "2012-11": {
            "month": "2012-11",
            "price": "18.65",
            "revenue": 177071
        },
        "2012-12": {
            "month": "2012-12",
            "price": "18.21",
            "revenue": 173286
        },
        "2013-01": {
            "month": "2013-01",
            "price": "18.01",
            "revenue": 209532
        },
        "2013-02": {
            "month": "2013-02",
            "price": "18.58",
            "revenue": 205119
        },
        "2013-03": {
            "month": "2013-03",
            "price": "18.93",
            "revenue": 232834
        },
        "2013-04": {
            "month": "2013-04",
            "price": "20.73",
            "revenue": 203130
        },
        "2013-05": {
            "month": "2013-05",
            "price": "19.75",
            "revenue": 206645
        },
        "2013-06": {
            "month": "2013-06",
            "price": "18.90",
            "revenue": 161287
        },
        "2013-07": {
            "month": "2013-07",
            "price": "18.92",
            "revenue": 203673
        },
        "2013-08": {
            "month": "2013-08",
            "price": "18.68",
            "revenue": 253069
        },
        "2013-09": {
            "month": "2013-09",
            "price": "19.80",
            "revenue": 206444
        },
        "2013-10": {
            "month": "2013-10",
            "price": "19.80",
            "revenue": 199706
        },
        "2013-11": {
            "month": "2013-11",
            "price": "19.11",
            "revenue": 163481
        },
        "2013-12": {
            "month": "2013-12",
            "price": "20.11",
            "revenue": 155955
        },
        "2014-01": {
            "month": "2014-01",
            "price": "20.03",
            "revenue": 227454
        },
        "2014-02": {
            "month": "2014-02",
            "price": "22.73",
            "revenue": 192840
        },
        "2014-03": {
            "month": "2014-03",
            "price": "24.56",
            "revenue": 239273
        },
        "2014-04": {
            "month": "2014-04",
            "price": "25.38",
            "revenue": 237674
        },
        "2014-05": {
            "month": "2014-05",
            "price": "24.69",
            "revenue": 226028
        },
        "2014-06": {
            "month": "2014-06",
            "price": "24.16",
            "revenue": 196846
        },
        "2014-07": {
            "month": "2014-07",
            "price": "23.62",
            "revenue": 264425
        },
        "2014-08": {
            "month": "2014-08",
            "price": "32.02",
            "revenue": 262693
        },
        "2014-09": {
            "month": "2014-09",
            "price": "38.06",
            "revenue": 305921
        },
        "2014-10": {
            "month": "2014-10",
            "price": "34.87",
            "revenue": 277259
        },
        "2014-11": {
            "month": "2014-11",
            "price": "34.99",
            "revenue": 248899
        },
        "2014-12": {
            "month": "2014-12",
            "price": "37.48",
            "revenue": 277046
        },
        "2015-01": {
            "month": "2015-01",
            "price": "41.64",
            "revenue": 309836
        },
        "2015-02": {
            "month": "2015-02",
            "price": "42.64",
            "revenue": 283865
        },
        "2015-03": {
            "month": "2015-03",
            "price": "44.02",
            "revenue": 355000
        },
        "2015-04": {
            "month": "2015-04",
            "price": "48.12",
            "revenue": 333912
        },
        "2015-05": {
            "month": "2015-05",
            "price": "53.58",
            "revenue": 322963
        },
        "2015-06": {
            "month": "2015-06",
            "price": "60.52",
            "revenue": 318088
        },
        "2015-07": {
            "month": "2015-07",
            "price": "55.91",
            "revenue": 306392
        },
        "2015-08": {
            "month": "2015-08",
            "price": "39.56",
            "revenue": 331006
        },
        "2015-09": {
            "month": "2015-09",
            "price": "41.82",
            "revenue": 330605
        },
        "2015-10": {
            "month": "2015-10",
            "price": "44.26",
            "revenue": 358894
        },
        "2015-11": {
            "month": "2015-11",
            "price": "39.75",
            "revenue": 340162
        },
        "2015-12": {
            "month": "2015-12",
            "price": "39.45",
            "revenue": 315269
        },
        "2016-01": {
            "month": "2016-01",
            "price": "37.20",
            "revenue": 364501
        },
        "2016-02": {
            "month": "2016-02",
            "price": "39.01",
            "revenue": 253590
        },
        "2016-03": {
            "month": "2016-03",
            "price": "45.68",
            "revenue": 360403
        },
        "2016-04": {
            "month": "2016-04",
            "price": "52.32",
            "revenue": 308533
        },
        "2016-05": {
            "month": "2016-05",
            "price": "46.09",
            "revenue": 345542
        },
        "2016-06": {
            "month": "2016-06",
            "price": "48.32",
            "revenue": 312359
        },
        "2016-07": {
            "month": "2016-07",
            "price": "46.58",
            "revenue": 321644
        },
        "2016-08": {
            "month": "2016-08",
            "price": "44.57",
            "revenue": 379767
        },
        "2016-09": {
            "month": "2016-09",
            "price": "43.05",
            "revenue": 336107
        },
        "2016-10": {
            "month": "2016-10",
            "price": "42.63",
            "revenue": 285522
        },
        "2016-11": {
            "month": "2016-11",
            "price": "40.23",
            "revenue": 363324
        },
        "2016-12": {
            "month": "2016-12",
            "price": "41.72",
            "revenue": 369094
        },
        "2017-01": {
            "month": "2017-01",
            "price": "41.73",
            "revenue": 407739
        },
        "2017-02": {
            "month": "2017-02",
            "price": "50.42",
            "revenue": 400127
        },
        "2017-03": {
            "month": "2017-03",
            "price": "54.00",
            "revenue": 457185
        },
        "2017-04": {
            "month": "2017-04",
            "price": "54.24",
            "revenue": 366735
        },
        "2017-05": {
            "month": "2017-05",
            "price": "63.70",
            "revenue": 361247
        },
        "2017-06": {
            "month": "2017-06",
            "price": "70.01",
            "revenue": 366162
        },
        "2017-07": {
            "month": "2017-07",
            "price": "73.16",
            "revenue": 395807
        },
        "2017-08": {
            "month": "2017-08",
            "price": "88.07",
            "revenue": 408606
        },
        "2017-09": {
            "month": "2017-09",
            "price": "119.27",
            "revenue": 493104
        },
        "2017-10": {
            "month": "2017-10",
            "price": "134.32",
            "revenue": 415857
        },
        "2017-11": {
            "month": "2017-11",
            "price": "119.89",
            "revenue": 470146
        },
        "2017-12": {
            "month": "2017-12",
            "price": "111.23",
            "revenue": 436972
        },
        "2018-01": {
            "month": "2018-01",
            "price": "114.02",
            "revenue": 515734
        },
        "2018-02": {
            "month": "2018-02",
            "price": "124.69",
            "revenue": 533907
        },
        "2018-03": {
            "month": "2018-03",
            "price": "139.04",
            "revenue": 561134
        },
        "2018-04": {
            "month": "2018-04",
            "price": "129.33",
            "revenue": 513070
        },
        "2018-05": {
            "month": "2018-05",
            "price": "120.82",
            "revenue": 502649
        },
        "2018-06": {
            "month": "2018-06",
            "price": "125.65",
            "revenue": 542769
        },
        "2018-07": {
            "month": "2018-07",
            "price": "114.45",
            "revenue": 560543
        },
        "2018-08": {
            "month": "2018-08",
            "price": "102.33",
            "revenue": 553461
        },
        "2018-09": {
            "month": "2018-09",
            "price": "86.00",
            "revenue": 551792
        },
        "2018-10": {
            "month": "2018-10",
            "price": "85.51",
            "revenue": 465716
        },
        "2018-11": {
            "month": "2018-11",
            "price": "90.16",
            "revenue": 430495
        },
        "2018-12": {
            "month": "2018-12",
            "price": "89.96",
            "revenue": 579367
        },
        "2019-01": {
            "month": "2019-01",
            "price": "91.51",
            "revenue": 588923
        },
        "2019-02": {
            "month": "2019-02",
            "price": "100.32",
            "revenue": 444605
        },
        "2019-03": {
            "month": "2019-03",
            "price": "95.48",
            "revenue": 521909
        },
        "2019-04": {
            "month": "2019-04",
            "price": "89.48",
            "revenue": 546626
        },
        "2019-05": {
            "month": "2019-05",
            "price": "75.55",
            "revenue": 495178
        },
        "2019-06": {
            "month": "2019-06",
            "price": "74.79",
            "revenue": 465554
        },
        "2019-07": {
            "month": "2019-07",
            "price": "79.31",
            "revenue": 548288
        },
        "2019-08": {
            "month": "2019-08",
            "price": "74.82",
            "revenue": 611247
        },
        "2019-09": {
            "month": "2019-09",
            "price": "81.73",
            "revenue": 537132
        },
        "2019-10": {
            "month": "2019-10",
            "price": "80.64",
            "revenue": 577026
        },
        "2019-11": {
            "month": "2019-11",
            "price": "76.51",
            "revenue": 526665
        },
        "2019-12": {
            "month": "2019-12",
            "price": "74.67",
            "revenue": 506367
        },
        "2020-01": {
            "month": "2020-01",
            "price": "74.61",
            "revenue": 524279
        },
        "2020-02": {
            "month": "2020-02",
            "price": "66.96",
            "revenue": 410636
        },
        "2020-03": {
            "month": "2020-03",
            "price": "46.21",
            "revenue": 423101
        },
        "2020-04": {
            "month": "2020-04",
            "price": "51.98",
            "revenue": 400871
        },
        "2020-05": {
            "month": "2020-05",
            "price": "59.82",
            "revenue": 395847
        },
        "2020-06": {
            "month": "2020-06",
            "price": "60.16",
            "revenue": 435872
        },
        "2020-07": {
            "month": "2020-07",
            "price": "60.67",
            "revenue": 532990
        },
        "2020-08": {
            "month": "2020-08",
            "price": "58.29",
            "revenue": 412698
        },
        "2020-09": {
            "month": "2020-09",
            "price": "60.30",
            "revenue": 482591
        },
        "2020-10": {
            "month": "2020-10",
            "price": "55.70",
            "revenue": 373386
        },
        "2020-11": {
            "month": "2020-11",
            "price": "55.53",
            "revenue": 415072
        },
        "2020-12": {
            "month": "2020-12",
            "price": "63.03",
            "revenue": 478022
        },
        "2021-01": {
            "month": "2021-01",
            "price": "65.20",
            "revenue": 549362
        },
        "2021-02": {
            "month": "2021-02",
            "price": "66.30",
            "revenue": 508755
        },
        "2021-03": {
            "month": "2021-03",
            "price": "71.78",
            "revenue": 635013
        },
        "2021-04": {
            "month": "2021-04",
            "price": "81.38",
            "revenue": 642018
        },
        "2021-05": {
            "month": "2021-05",
            "price": "70.47",
            "revenue": 621067
        },
        "2021-06": {
            "month": "2021-06",
            "price": "82.17",
            "revenue": 561730
        },
        "2021-07": {
            "month": "2021-07",
            "price": "115.16",
            "revenue": 607178
        },
        "2021-08": {
            "month": "2021-08",
            "price": "115.66",
            "revenue": 616595
        },
        "2021-09": {
            "month": "2021-09",
            "price": "111.48",
            "revenue": 660216
        },
        "2021-10": {
            "month": "2021-10",
            "price": "126.12",
            "revenue": 613633
        },
        "2021-11": {
            "month": "2021-11",
            "price": "151.84",
            "revenue": 664066
        },
        "2021-12": {
            "month": "2021-12",
            "price": "142.52",
            "revenue": 659151
        },
        "2022-01": {
            "month": "2022-01",
            "price": "135.75",
            "revenue": 708304
        },
        "2022-02": {
            "month": "2022-02",
            "price": "144.63",
            "revenue": 718046
        },
        "2022-03": {
            "month": "2022-03",
            "price": "155.80",
            "revenue": 1031058
        },
        "2022-04": {
            "month": "2022-04",
            "price": "146.58",
            "revenue": 857312
        },
        "2022-05": {
            "month": "2022-05",
            "price": "130.12",
            "revenue": 1031849
        },
        "2022-06": {
            "month": "2022-06",
            "price": "135.90",
            "revenue": 918105
        },
        "2022-07": {
            "month": "2022-07",
            "price": "117.60",
            "revenue": 797698
        },
        "2022-08": {
            "month": "2022-08",
            "price": "123.11",
            "revenue": 680910
        },
        "2022-09": {
            "month": "2022-09",
            "price": "114.50",
            "revenue": 723925
        },
        "2022-10": {
            "month": "2022-10",
            "price": "89.80",
            "revenue": 552607
        },
        "2022-11": {
            "month": "2022-11",
            "price": "95.50",
            "revenue": 558846
        },
        "2022-12": {
            "month": "2022-12",
            "price": "98.52",
            "revenue": 502961
        },
        "2023-01": {
            "month": "2023-01",
            "price": "93.71",
            "revenue": 482936
        },
        "2023-02": {
            "month": "2023-02",
            "price": "101.99",
            "revenue": 528696
        },
        "2023-03": {
            "month": "2023-03",
            "price": "99.51",
            "revenue": 524000
        },
        "2023-04": {
            "month": "2023-04",
            "price": "96.64",
            "revenue": 525346
        }
    }
}
