{
    "summary": {
        "stock_name": "泓瀚",
        "stock_id": "4741",
        "category": "化工",
        "main_business": "噴墨印刷、廣告設備及墨水生產<br>Micro LED, 半導體零配件,細胞染色,病毒檢測等噴墨製程代工<br>電子材料及特用化學品奈米化製造",
        "website_url": "http://www.jetbest.com",
        "ceo": "呂(木宜)境",
        "pe_ratio": 22,
        "report_year_from": 2008,
        "report_year_to": 2023,
        "age": 15,
        "eps_negative_percentage": 0,
        "eps_growth_avg": {
            "last_all": -1.48,
            "last_2y": 20.82,
            "last_4y": -1.48,
            "last_8y": null,
            "last_12y": null,
            "last_16y": null,
            "last_20y": null,
            "at_2006_last_3y": null,
            "at_2007_last_3y": null,
            "at_2008_last_3y": null,
            "at_2009_last_3y": null,
            "at_2010_last_3y": null,
            "at_2011_last_3y": null,
            "at_2012_last_3y": null,
            "at_2013_last_3y": null,
            "at_2014_last_3y": null,
            "at_2015_last_3y": null,
            "at_2016_last_3y": null,
            "at_2017_last_3y": null,
            "at_2018_last_3y": null,
            "at_2019_last_3y": null,
            "at_2020_last_3y": null,
            "at_2021_last_3y": -23.51,
            "at_2022_last_3y": 4.27,
            "at_2023_last_3y": 4.27,
            "at_2006_last_all": null,
            "at_2007_last_all": null,
            "at_2008_last_all": null,
            "at_2009_last_all": null,
            "at_2010_last_all": null,
            "at_2011_last_all": null,
            "at_2012_last_all": null,
            "at_2013_last_all": null,
            "at_2014_last_all": null,
            "at_2015_last_all": null,
            "at_2016_last_all": null,
            "at_2017_last_all": null,
            "at_2018_last_all": null,
            "at_2019_last_all": -34.92,
            "at_2020_last_all": -30.63,
            "at_2021_last_all": -23.51,
            "at_2022_last_all": -1.48,
            "at_2023_last_all": -1.48
        },
        "latest_eps": 1.73,
        "latest_price": 37.4,
        "latest_roe": 4.68,
        "latest_gross_margin": 28.13,
        "latest_equity": 900881,
        "latest_revenue": 170568,
        "latest_gross_profit": 47986,
        "latest_net_income": 13047,
        "latest_debt_ratio": 22.55,
        "latest_current_ratio": 230.95,
        "latest_account_receivable_turnover_ratio": 1.39,
        "latest_inventory_turnover_ratio": 1.07,
        "latest_reinvestment_rate": -43.68,
        "latest_research_to_sale_ratio": 8.07
    },
    "eps_dividends": {
        "2001": {
            "cash": 0,
            "stock": 0,
            "eps": 0
        },
        "2002": {
            "cash": 0,
            "stock": 0,
            "eps": 0
        },
        "2003": {
            "cash": 0,
            "stock": 0,
            "eps": 0
        },
        "2004": {
            "cash": 0,
            "stock": 0,
            "eps": 0
        },
        "2005": {
            "cash": 0,
            "stock": 0,
            "eps": 0
        },
        "2006": {
            "cash": 0,
            "stock": 0,
            "eps": 0
        },
        "2007": {
            "cash": 0,
            "stock": 0,
            "eps": 0
        },
        "2008": {
            "cash": 0,
            "stock": 0,
            "eps": 0
        },
        "2009": {
            "cash": 1.5,
            "stock": 1,
            "eps": 0
        },
        "2010": {
            "cash": 1.5,
            "stock": 1.5,
            "eps": 0
        },
        "2011": {
            "cash": 2.8,
            "stock": 0.6,
            "eps": 0
        },
        "2012": {
            "cash": 1.2,
            "stock": 1.2,
            "eps": 0
        },
        "2013": {
            "cash": 1.8,
            "stock": 0.6,
            "eps": 0
        },
        "2014": {
            "cash": 1.5,
            "stock": 0.8,
            "eps": 0
        },
        "2015": {
            "cash": 4,
            "stock": 1,
            "eps": 0
        },
        "2016": {
            "cash": 4,
            "stock": 0,
            "eps": 0
        },
        "2017": {
            "cash": 3.5,
            "stock": 0,
            "eps": 2.86
        },
        "2018": {
            "cash": 3,
            "stock": 0,
            "eps": 2.16
        },
        "2019": {
            "cash": 1.95,
            "stock": 0,
            "eps": 1.18
        },
        "2020": {
            "cash": 1.5,
            "stock": 0,
            "eps": 0.92
        },
        "2021": {
            "cash": 0.6,
            "stock": 0,
            "eps": 0.9
        },
        "2022": {
            "cash": 0.8,
            "stock": 0,
            "eps": 1.68
        },
        "2023": {
            "cash": 1.4,
            "stock": 0,
            "eps": 0.54
        }
    },
    "dividends": {
        "2009-04-02": {
            "cash": 1.5,
            "stock": 1
        },
        "2010-04-28": {
            "cash": 1.5,
            "stock": 1.5
        },
        "2011-04-22": {
            "cash": 2.8,
            "stock": 0.6
        },
        "2012-06-20": {
            "cash": 1.2,
            "stock": 1.2
        },
        "2013-06-24": {
            "cash": 1.8,
            "stock": 0.6
        },
        "2014-09-18": {
            "cash": 1.5,
            "stock": 0.8
        },
        "2015-09-10": {
            "cash": 4,
            "stock": 1
        },
        "2016-09-14": {
            "cash": 4,
            "stock": 0
        },
        "2017-08-18": {
            "cash": 3.5,
            "stock": 0
        },
        "2018-09-12": {
            "cash": 3,
            "stock": 0
        },
        "2019-09-10": {
            "cash": 1.95,
            "stock": 0
        },
        "2020-07-21": {
            "cash": 1.5,
            "stock": 0
        },
        "2021-08-06": {
            "cash": 0.6,
            "stock": 0
        },
        "2022-08-02": {
            "cash": 0.8,
            "stock": 0
        },
        "2023-03-16": {
            "cash": 1.4,
            "stock": 0
        }
    },
    "prices": {
        "200101": "無",
        "200102": "無",
        "200103": "無",
        "200104": "無",
        "200105": "無",
        "200106": "無",
        "200107": "無",
        "200108": "無",
        "200109": "無",
        "200110": "無",
        "200111": "無",
        "200112": "無",
        "200201": "無",
        "200202": "無",
        "200203": "無",
        "200204": "無",
        "200205": "無",
        "200206": "無",
        "200207": "無",
        "200208": "無",
        "200209": "無",
        "200210": "無",
        "200211": "無",
        "200212": "無",
        "200301": "無",
        "200302": "無",
        "200303": "無",
        "200304": "無",
        "200305": "無",
        "200306": "無",
        "200307": "無",
        "200308": "無",
        "200309": "無",
        "200310": "無",
        "200311": "無",
        "200312": "無",
        "200401": "無",
        "200402": "無",
        "200403": "無",
        "200404": "無",
        "200405": "無",
        "200406": "無",
        "200407": "無",
        "200408": "無",
        "200409": "無",
        "200410": "無",
        "200411": "無",
        "200412": "無",
        "200501": "無",
        "200502": "無",
        "200503": "無",
        "200504": "無",
        "200505": "無",
        "200506": "無",
        "200507": "無",
        "200508": "無",
        "200509": "無",
        "200510": "無",
        "200511": "無",
        "200512": "無",
        "200601": "無",
        "200602": "無",
        "200603": "無",
        "200604": "無",
        "200605": "無",
        "200606": "無",
        "200607": "無",
        "200608": "無",
        "200609": "無",
        "200610": "無",
        "200611": "無",
        "200612": "無",
        "200701": "無",
        "200702": "無",
        "200703": "無",
        "200704": "無",
        "200705": "無",
        "200706": "無",
        "200707": "無",
        "200708": "無",
        "200709": "無",
        "200710": "無",
        "200711": "無",
        "200712": "無",
        "200801": "無",
        "200802": "無",
        "200803": "無",
        "200804": "無",
        "200805": "無",
        "200806": "無",
        "200807": "無",
        "200808": "無",
        "200809": "無",
        "200810": "無",
        "200811": "無",
        "200812": "無",
        "200901": "無",
        "200902": "無",
        "200903": "無",
        "200904": "無",
        "200905": "無",
        "200906": "無",
        "200907": "無",
        "200908": "無",
        "200909": "無",
        "200910": "無",
        "200911": "無",
        "200912": "無",
        "201001": "47.48",
        "201002": "46.55",
        "201003": "47.19",
        "201004": "47.94",
        "201005": "51.56",
        "201006": "51.94",
        "201007": "57.09",
        "201008": "65.74",
        "201009": "66.16",
        "201010": "65.40",
        "201011": "59.63",
        "201012": "58.75",
        "201101": "59.32",
        "201102": "59.46",
        "201103": "58.25",
        "201104": "57.43",
        "201105": "59.56",
        "201106": "58.56",
        "201107": "53.70",
        "201108": "47.80",
        "201109": "42.48",
        "201110": "37.27",
        "201111": "34.66",
        "201112": "34.85",
        "201201": "36.54",
        "201202": "37.45",
        "201203": "38.18",
        "201204": "37.47",
        "201205": "38.16",
        "201206": "36.31",
        "201207": "35.64",
        "201208": "39.71",
        "201209": "43.18",
        "201210": "42.42",
        "201211": "45.85",
        "201212": "51.46",
        "201301": "55.82",
        "201302": "56.42",
        "201303": "61.07",
        "201304": "58.96",
        "201305": "58.23",
        "201306": "55.17",
        "201307": "55.10",
        "201308": "54.57",
        "201309": "50.57",
        "201310": "49.96",
        "201311": "48.29",
        "201312": "48.06",
        "201401": "54.58",
        "201402": "65.60",
        "201403": "79.10",
        "201404": "77.65",
        "201405": "103.77",
        "201406": "154.37",
        "201407": "174.16",
        "201408": "159.65",
        "201409": "131.32",
        "201410": "105.26",
        "201411": "93.35",
        "201412": "86.65",
        "201501": "99.57",
        "201502": "96.94",
        "201503": "89.80",
        "201504": "96.64",
        "201505": "99.50",
        "201506": "91.14",
        "201507": "79.20",
        "201508": "75.87",
        "201509": "66.95",
        "201510": "64.53",
        "201511": "62.76",
        "201512": "78.70",
        "201601": "81.06",
        "201602": "78.62",
        "201603": "76.62",
        "201604": "83.78",
        "201605": "81.57",
        "201606": "91.13",
        "201607": "96.30",
        "201608": "87.07",
        "201609": "84.10",
        "201610": "85.29",
        "201611": "81.84",
        "201612": "80.42",
        "201701": "77.42",
        "201702": "80.59",
        "201703": "92.07",
        "201704": "92.01",
        "201705": "89.49",
        "201706": "81.83",
        "201707": "77.85",
        "201708": "78.05",
        "201709": "76.57",
        "201710": "74.31",
        "201711": "74.40",
        "201712": "69.16",
        "201801": "67.05",
        "201802": "67.96",
        "201803": "65.58",
        "201804": "63.57",
        "201805": "62.90",
        "201806": "63.78",
        "201807": "58.79",
        "201808": "53.45",
        "201809": "48.71",
        "201810": "43.13",
        "201811": "35.03",
        "201812": "34.64",
        "201901": "33.32",
        "201902": "36.31",
        "201903": "43.95",
        "201904": "41.09",
        "201905": "35.62",
        "201906": "29.67",
        "201907": "31.38",
        "201908": "32.23",
        "201909": "30.82",
        "201910": "31.12",
        "201911": "30.49",
        "201912": "30.26",
        "202001": "29.88",
        "202002": "29.26",
        "202003": "24.82",
        "202004": "24.31",
        "202005": "25.34",
        "202006": "25.43",
        "202007": "29.25",
        "202008": "32.37",
        "202009": "30.58",
        "202010": "28.76",
        "202011": "28.19",
        "202012": "27.44",
        "202101": "27.28",
        "202102": "26.97",
        "202103": "27.26",
        "202104": "27.24",
        "202105": "26.23",
        "202106": "25.09",
        "202107": "24.67",
        "202108": "24.04",
        "202109": "24.09",
        "202110": "25.25",
        "202111": "26.67",
        "202112": "26.79",
        "202201": "26.50",
        "202202": "26.50",
        "202203": "26.44",
        "202204": "25.64",
        "202205": "25.51",
        "202206": "24.85",
        "202207": "24.14",
        "202208": "25.60",
        "202209": "25.97",
        "202210": "25.01",
        "202211": "25.96",
        "202212": "25.62",
        "202301": "26.00",
        "202302": "26.13",
        "202303": "27.15",
        "202304": "31.08",
        "202305": "34.67",
        "202306": "35.38"
    },
    "quarters": {
        "20011": {
            "year_quarter": 20011,
            "year": 2001,
            "quarter": 1,
            "eps": null,
            "eps_growth_year": null,
            "eps_4q": null,
            "eps_4q_growth_year": null,
            "roe": null,
            "roe_4q": 0,
            "gross_profit": null,
            "gross_margin": null,
            "gross_margin_4q_avg": 0,
            "net_income": null,
            "revenue": null,
            "common_shares": null,
            "book_valuer_per_share": null,
            "book_valuer_per_share_4q_avg": 0,
            "equity": null,
            "current_ratio": null,
            "debt_ratio": null,
            "inventory_turnover_ratio": null,
            "account_receivable_turnover_ratio": null,
            "reinvestment_rate": null,
            "research_to_sale_ratio": null,
            "price_fair": 0,
            "eps_avg_yearly": 0,
            "eps_latest_yearly": 0,
            "eps_growth_yearly": 0
        },
        "20012": {
            "year_quarter": 20012,
            "year": 2001,
            "quarter": 2,
            "eps": null,
            "eps_growth_year": null,
            "eps_4q": null,
            "eps_4q_growth_year": null,
            "roe": null,
            "roe_4q": 0,
            "gross_profit": null,
            "gross_margin": null,
            "gross_margin_4q_avg": 0,
            "net_income": null,
            "revenue": null,
            "common_shares": null,
            "book_valuer_per_share": null,
            "book_valuer_per_share_4q_avg": 0,
            "equity": null,
            "current_ratio": null,
            "debt_ratio": null,
            "inventory_turnover_ratio": null,
            "account_receivable_turnover_ratio": null,
            "reinvestment_rate": null,
            "research_to_sale_ratio": null,
            "price_fair": 0,
            "eps_avg_yearly": 0,
            "eps_latest_yearly": 0,
            "eps_growth_yearly": 0
        },
        "20013": {
            "year_quarter": 20013,
            "year": 2001,
            "quarter": 3,
            "eps": null,
            "eps_growth_year": null,
            "eps_4q": null,
            "eps_4q_growth_year": null,
            "roe": null,
            "roe_4q": 0,
            "gross_profit": null,
            "gross_margin": null,
            "gross_margin_4q_avg": 0,
            "net_income": null,
            "revenue": null,
            "common_shares": null,
            "book_valuer_per_share": null,
            "book_valuer_per_share_4q_avg": 0,
            "equity": null,
            "current_ratio": null,
            "debt_ratio": null,
            "inventory_turnover_ratio": null,
            "account_receivable_turnover_ratio": null,
            "reinvestment_rate": null,
            "research_to_sale_ratio": null,
            "price_fair": 0,
            "eps_avg_yearly": 0,
            "eps_latest_yearly": 0,
            "eps_growth_yearly": 0
        },
        "20014": {
            "year_quarter": 20014,
            "year": 2001,
            "quarter": 4,
            "eps": null,
            "eps_growth_year": null,
            "eps_4q": null,
            "eps_4q_growth_year": null,
            "roe": null,
            "roe_4q": 0,
            "gross_profit": null,
            "gross_margin": null,
            "gross_margin_4q_avg": 0,
            "net_income": null,
            "revenue": null,
            "common_shares": null,
            "book_valuer_per_share": null,
            "book_valuer_per_share_4q_avg": 0,
            "equity": null,
            "current_ratio": null,
            "debt_ratio": null,
            "inventory_turnover_ratio": null,
            "account_receivable_turnover_ratio": null,
            "reinvestment_rate": null,
            "research_to_sale_ratio": null,
            "price_fair": 0,
            "eps_avg_yearly": 0,
            "eps_latest_yearly": 0,
            "eps_growth_yearly": 0
        },
        "20021": {
            "year_quarter": 20021,
            "year": 2002,
            "quarter": 1,
            "eps": null,
            "eps_growth_year": null,
            "eps_4q": null,
            "eps_4q_growth_year": null,
            "roe": null,
            "roe_4q": 0,
            "gross_profit": null,
            "gross_margin": null,
            "gross_margin_4q_avg": 0,
            "net_income": null,
            "revenue": null,
            "common_shares": null,
            "book_valuer_per_share": null,
            "book_valuer_per_share_4q_avg": 0,
            "equity": null,
            "current_ratio": null,
            "debt_ratio": null,
            "inventory_turnover_ratio": null,
            "account_receivable_turnover_ratio": null,
            "reinvestment_rate": null,
            "research_to_sale_ratio": null,
            "price_fair": 0,
            "eps_avg_yearly": 0,
            "eps_latest_yearly": 0,
            "eps_growth_yearly": 0
        },
        "20022": {
            "year_quarter": 20022,
            "year": 2002,
            "quarter": 2,
            "eps": null,
            "eps_growth_year": null,
            "eps_4q": null,
            "eps_4q_growth_year": null,
            "roe": null,
            "roe_4q": 0,
            "gross_profit": null,
            "gross_margin": null,
            "gross_margin_4q_avg": 0,
            "net_income": null,
            "revenue": null,
            "common_shares": null,
            "book_valuer_per_share": null,
            "book_valuer_per_share_4q_avg": 0,
            "equity": null,
            "current_ratio": null,
            "debt_ratio": null,
            "inventory_turnover_ratio": null,
            "account_receivable_turnover_ratio": null,
            "reinvestment_rate": null,
            "research_to_sale_ratio": null,
            "price_fair": 0,
            "eps_avg_yearly": 0,
            "eps_latest_yearly": 0,
            "eps_growth_yearly": 0
        },
        "20023": {
            "year_quarter": 20023,
            "year": 2002,
            "quarter": 3,
            "eps": null,
            "eps_growth_year": null,
            "eps_4q": null,
            "eps_4q_growth_year": null,
            "roe": null,
            "roe_4q": 0,
            "gross_profit": null,
            "gross_margin": null,
            "gross_margin_4q_avg": 0,
            "net_income": null,
            "revenue": null,
            "common_shares": null,
            "book_valuer_per_share": null,
            "book_valuer_per_share_4q_avg": 0,
            "equity": null,
            "current_ratio": null,
            "debt_ratio": null,
            "inventory_turnover_ratio": null,
            "account_receivable_turnover_ratio": null,
            "reinvestment_rate": null,
            "research_to_sale_ratio": null,
            "price_fair": 0,
            "eps_avg_yearly": 0,
            "eps_latest_yearly": 0,
            "eps_growth_yearly": 0
        },
        "20024": {
            "year_quarter": 20024,
            "year": 2002,
            "quarter": 4,
            "eps": null,
            "eps_growth_year": null,
            "eps_4q": null,
            "eps_4q_growth_year": null,
            "roe": null,
            "roe_4q": 0,
            "gross_profit": null,
            "gross_margin": null,
            "gross_margin_4q_avg": 0,
            "net_income": null,
            "revenue": null,
            "common_shares": null,
            "book_valuer_per_share": null,
            "book_valuer_per_share_4q_avg": 0,
            "equity": null,
            "current_ratio": null,
            "debt_ratio": null,
            "inventory_turnover_ratio": null,
            "account_receivable_turnover_ratio": null,
            "reinvestment_rate": null,
            "research_to_sale_ratio": null,
            "price_fair": 0,
            "eps_avg_yearly": 0,
            "eps_latest_yearly": 0,
            "eps_growth_yearly": 0
        },
        "20031": {
            "year_quarter": 20031,
            "year": 2003,
            "quarter": 1,
            "eps": null,
            "eps_growth_year": null,
            "eps_4q": null,
            "eps_4q_growth_year": null,
            "roe": null,
            "roe_4q": 0,
            "gross_profit": null,
            "gross_margin": null,
            "gross_margin_4q_avg": 0,
            "net_income": null,
            "revenue": null,
            "common_shares": null,
            "book_valuer_per_share": null,
            "book_valuer_per_share_4q_avg": 0,
            "equity": null,
            "current_ratio": null,
            "debt_ratio": null,
            "inventory_turnover_ratio": null,
            "account_receivable_turnover_ratio": null,
            "reinvestment_rate": null,
            "research_to_sale_ratio": null,
            "price_fair": 0,
            "eps_avg_yearly": 0,
            "eps_latest_yearly": 0,
            "eps_growth_yearly": 0
        },
        "20032": {
            "year_quarter": 20032,
            "year": 2003,
            "quarter": 2,
            "eps": null,
            "eps_growth_year": null,
            "eps_4q": null,
            "eps_4q_growth_year": null,
            "roe": null,
            "roe_4q": 0,
            "gross_profit": null,
            "gross_margin": null,
            "gross_margin_4q_avg": 0,
            "net_income": null,
            "revenue": null,
            "common_shares": null,
            "book_valuer_per_share": null,
            "book_valuer_per_share_4q_avg": 0,
            "equity": null,
            "current_ratio": null,
            "debt_ratio": null,
            "inventory_turnover_ratio": null,
            "account_receivable_turnover_ratio": null,
            "reinvestment_rate": null,
            "research_to_sale_ratio": null,
            "price_fair": 0,
            "eps_avg_yearly": 0,
            "eps_latest_yearly": 0,
            "eps_growth_yearly": 0
        },
        "20033": {
            "year_quarter": 20033,
            "year": 2003,
            "quarter": 3,
            "eps": null,
            "eps_growth_year": null,
            "eps_4q": null,
            "eps_4q_growth_year": null,
            "roe": null,
            "roe_4q": 0,
            "gross_profit": null,
            "gross_margin": null,
            "gross_margin_4q_avg": 0,
            "net_income": null,
            "revenue": null,
            "common_shares": null,
            "book_valuer_per_share": null,
            "book_valuer_per_share_4q_avg": 0,
            "equity": null,
            "current_ratio": null,
            "debt_ratio": null,
            "inventory_turnover_ratio": null,
            "account_receivable_turnover_ratio": null,
            "reinvestment_rate": null,
            "research_to_sale_ratio": null,
            "price_fair": 0,
            "eps_avg_yearly": 0,
            "eps_latest_yearly": 0,
            "eps_growth_yearly": 0
        },
        "20034": {
            "year_quarter": 20034,
            "year": 2003,
            "quarter": 4,
            "eps": null,
            "eps_growth_year": null,
            "eps_4q": null,
            "eps_4q_growth_year": null,
            "roe": null,
            "roe_4q": 0,
            "gross_profit": null,
            "gross_margin": null,
            "gross_margin_4q_avg": 0,
            "net_income": null,
            "revenue": null,
            "common_shares": null,
            "book_valuer_per_share": null,
            "book_valuer_per_share_4q_avg": 0,
            "equity": null,
            "current_ratio": null,
            "debt_ratio": null,
            "inventory_turnover_ratio": null,
            "account_receivable_turnover_ratio": null,
            "reinvestment_rate": null,
            "research_to_sale_ratio": null,
            "price_fair": 0,
            "eps_avg_yearly": 0,
            "eps_latest_yearly": 0,
            "eps_growth_yearly": 0
        },
        "20041": {
            "year_quarter": 20041,
            "year": 2004,
            "quarter": 1,
            "eps": null,
            "eps_growth_year": null,
            "eps_4q": null,
            "eps_4q_growth_year": null,
            "roe": null,
            "roe_4q": 0,
            "gross_profit": null,
            "gross_margin": null,
            "gross_margin_4q_avg": 0,
            "net_income": null,
            "revenue": null,
            "common_shares": null,
            "book_valuer_per_share": null,
            "book_valuer_per_share_4q_avg": 0,
            "equity": null,
            "current_ratio": null,
            "debt_ratio": null,
            "inventory_turnover_ratio": null,
            "account_receivable_turnover_ratio": null,
            "reinvestment_rate": null,
            "research_to_sale_ratio": null,
            "price_fair": 0,
            "eps_avg_yearly": 0,
            "eps_latest_yearly": 0,
            "eps_growth_yearly": 0
        },
        "20042": {
            "year_quarter": 20042,
            "year": 2004,
            "quarter": 2,
            "eps": null,
            "eps_growth_year": null,
            "eps_4q": null,
            "eps_4q_growth_year": null,
            "roe": null,
            "roe_4q": 0,
            "gross_profit": null,
            "gross_margin": null,
            "gross_margin_4q_avg": 0,
            "net_income": null,
            "revenue": null,
            "common_shares": null,
            "book_valuer_per_share": null,
            "book_valuer_per_share_4q_avg": 0,
            "equity": null,
            "current_ratio": null,
            "debt_ratio": null,
            "inventory_turnover_ratio": null,
            "account_receivable_turnover_ratio": null,
            "reinvestment_rate": null,
            "research_to_sale_ratio": null,
            "price_fair": 0,
            "eps_avg_yearly": 0,
            "eps_latest_yearly": 0,
            "eps_growth_yearly": 0
        },
        "20043": {
            "year_quarter": 20043,
            "year": 2004,
            "quarter": 3,
            "eps": null,
            "eps_growth_year": null,
            "eps_4q": null,
            "eps_4q_growth_year": null,
            "roe": null,
            "roe_4q": 0,
            "gross_profit": null,
            "gross_margin": null,
            "gross_margin_4q_avg": 0,
            "net_income": null,
            "revenue": null,
            "common_shares": null,
            "book_valuer_per_share": null,
            "book_valuer_per_share_4q_avg": 0,
            "equity": null,
            "current_ratio": null,
            "debt_ratio": null,
            "inventory_turnover_ratio": null,
            "account_receivable_turnover_ratio": null,
            "reinvestment_rate": null,
            "research_to_sale_ratio": null,
            "price_fair": 0,
            "eps_avg_yearly": 0,
            "eps_latest_yearly": 0,
            "eps_growth_yearly": 0
        },
        "20044": {
            "year_quarter": 20044,
            "year": 2004,
            "quarter": 4,
            "eps": null,
            "eps_growth_year": null,
            "eps_4q": null,
            "eps_4q_growth_year": null,
            "roe": null,
            "roe_4q": 0,
            "gross_profit": null,
            "gross_margin": null,
            "gross_margin_4q_avg": 0,
            "net_income": null,
            "revenue": null,
            "common_shares": null,
            "book_valuer_per_share": null,
            "book_valuer_per_share_4q_avg": 0,
            "equity": null,
            "current_ratio": null,
            "debt_ratio": null,
            "inventory_turnover_ratio": null,
            "account_receivable_turnover_ratio": null,
            "reinvestment_rate": null,
            "research_to_sale_ratio": null,
            "price_fair": 0,
            "eps_avg_yearly": 0,
            "eps_latest_yearly": 0,
            "eps_growth_yearly": 0
        },
        "20051": {
            "year_quarter": 20051,
            "year": 2005,
            "quarter": 1,
            "eps": null,
            "eps_growth_year": null,
            "eps_4q": null,
            "eps_4q_growth_year": null,
            "roe": null,
            "roe_4q": 0,
            "gross_profit": null,
            "gross_margin": null,
            "gross_margin_4q_avg": 0,
            "net_income": null,
            "revenue": null,
            "common_shares": null,
            "book_valuer_per_share": null,
            "book_valuer_per_share_4q_avg": 0,
            "equity": null,
            "current_ratio": null,
            "debt_ratio": null,
            "inventory_turnover_ratio": null,
            "account_receivable_turnover_ratio": null,
            "reinvestment_rate": null,
            "research_to_sale_ratio": null,
            "price_fair": 0,
            "eps_avg_yearly": 0,
            "eps_latest_yearly": 0,
            "eps_growth_yearly": 0
        },
        "20052": {
            "year_quarter": 20052,
            "year": 2005,
            "quarter": 2,
            "eps": null,
            "eps_growth_year": null,
            "eps_4q": null,
            "eps_4q_growth_year": null,
            "roe": null,
            "roe_4q": 0,
            "gross_profit": null,
            "gross_margin": null,
            "gross_margin_4q_avg": 0,
            "net_income": null,
            "revenue": null,
            "common_shares": null,
            "book_valuer_per_share": null,
            "book_valuer_per_share_4q_avg": 0,
            "equity": null,
            "current_ratio": null,
            "debt_ratio": null,
            "inventory_turnover_ratio": null,
            "account_receivable_turnover_ratio": null,
            "reinvestment_rate": null,
            "research_to_sale_ratio": null,
            "price_fair": 0,
            "eps_avg_yearly": 0,
            "eps_latest_yearly": 0,
            "eps_growth_yearly": 0
        },
        "20053": {
            "year_quarter": 20053,
            "year": 2005,
            "quarter": 3,
            "eps": null,
            "eps_growth_year": null,
            "eps_4q": null,
            "eps_4q_growth_year": null,
            "roe": null,
            "roe_4q": 0,
            "gross_profit": null,
            "gross_margin": null,
            "gross_margin_4q_avg": 0,
            "net_income": null,
            "revenue": null,
            "common_shares": null,
            "book_valuer_per_share": null,
            "book_valuer_per_share_4q_avg": 0,
            "equity": null,
            "current_ratio": null,
            "debt_ratio": null,
            "inventory_turnover_ratio": null,
            "account_receivable_turnover_ratio": null,
            "reinvestment_rate": null,
            "research_to_sale_ratio": null,
            "price_fair": 0,
            "eps_avg_yearly": 0,
            "eps_latest_yearly": 0,
            "eps_growth_yearly": 0
        },
        "20054": {
            "year_quarter": 20054,
            "year": 2005,
            "quarter": 4,
            "eps": null,
            "eps_growth_year": null,
            "eps_4q": null,
            "eps_4q_growth_year": null,
            "roe": null,
            "roe_4q": 0,
            "gross_profit": null,
            "gross_margin": null,
            "gross_margin_4q_avg": 0,
            "net_income": null,
            "revenue": null,
            "common_shares": null,
            "book_valuer_per_share": null,
            "book_valuer_per_share_4q_avg": 0,
            "equity": null,
            "current_ratio": null,
            "debt_ratio": null,
            "inventory_turnover_ratio": null,
            "account_receivable_turnover_ratio": null,
            "reinvestment_rate": null,
            "research_to_sale_ratio": null,
            "price_fair": 0,
            "eps_avg_yearly": 0,
            "eps_latest_yearly": 0,
            "eps_growth_yearly": 0
        },
        "20061": {
            "year_quarter": 20061,
            "year": 2006,
            "quarter": 1,
            "eps": null,
            "eps_growth_year": null,
            "eps_4q": null,
            "eps_4q_growth_year": null,
            "roe": null,
            "roe_4q": 0,
            "gross_profit": null,
            "gross_margin": null,
            "gross_margin_4q_avg": 0,
            "net_income": null,
            "revenue": null,
            "common_shares": null,
            "book_valuer_per_share": null,
            "book_valuer_per_share_4q_avg": 0,
            "equity": null,
            "current_ratio": null,
            "debt_ratio": null,
            "inventory_turnover_ratio": null,
            "account_receivable_turnover_ratio": null,
            "reinvestment_rate": null,
            "research_to_sale_ratio": null,
            "price_fair": 0,
            "eps_avg_yearly": 0,
            "eps_latest_yearly": 0,
            "eps_growth_yearly": 0
        },
        "20062": {
            "year_quarter": 20062,
            "year": 2006,
            "quarter": 2,
            "eps": null,
            "eps_growth_year": null,
            "eps_4q": null,
            "eps_4q_growth_year": null,
            "roe": null,
            "roe_4q": 0,
            "gross_profit": null,
            "gross_margin": null,
            "gross_margin_4q_avg": 0,
            "net_income": null,
            "revenue": null,
            "common_shares": null,
            "book_valuer_per_share": null,
            "book_valuer_per_share_4q_avg": 0,
            "equity": null,
            "current_ratio": null,
            "debt_ratio": null,
            "inventory_turnover_ratio": null,
            "account_receivable_turnover_ratio": null,
            "reinvestment_rate": null,
            "research_to_sale_ratio": null,
            "price_fair": 0,
            "eps_avg_yearly": 0,
            "eps_latest_yearly": 0,
            "eps_growth_yearly": 0
        },
        "20063": {
            "year_quarter": 20063,
            "year": 2006,
            "quarter": 3,
            "eps": null,
            "eps_growth_year": null,
            "eps_4q": null,
            "eps_4q_growth_year": null,
            "roe": null,
            "roe_4q": 0,
            "gross_profit": null,
            "gross_margin": null,
            "gross_margin_4q_avg": 0,
            "net_income": null,
            "revenue": null,
            "common_shares": null,
            "book_valuer_per_share": null,
            "book_valuer_per_share_4q_avg": 0,
            "equity": null,
            "current_ratio": null,
            "debt_ratio": null,
            "inventory_turnover_ratio": null,
            "account_receivable_turnover_ratio": null,
            "reinvestment_rate": null,
            "research_to_sale_ratio": null,
            "price_fair": 0,
            "eps_avg_yearly": 0,
            "eps_latest_yearly": 0,
            "eps_growth_yearly": 0
        },
        "20064": {
            "year_quarter": 20064,
            "year": 2006,
            "quarter": 4,
            "eps": null,
            "eps_growth_year": null,
            "eps_4q": null,
            "eps_4q_growth_year": null,
            "roe": null,
            "roe_4q": 0,
            "gross_profit": null,
            "gross_margin": null,
            "gross_margin_4q_avg": 0,
            "net_income": null,
            "revenue": null,
            "common_shares": null,
            "book_valuer_per_share": null,
            "book_valuer_per_share_4q_avg": 0,
            "equity": null,
            "current_ratio": null,
            "debt_ratio": null,
            "inventory_turnover_ratio": null,
            "account_receivable_turnover_ratio": null,
            "reinvestment_rate": null,
            "research_to_sale_ratio": null,
            "price_fair": 0,
            "eps_avg_yearly": 0,
            "eps_latest_yearly": 0,
            "eps_growth_yearly": 0
        },
        "20071": {
            "year_quarter": 20071,
            "year": 2007,
            "quarter": 1,
            "eps": null,
            "eps_growth_year": null,
            "eps_4q": null,
            "eps_4q_growth_year": null,
            "roe": null,
            "roe_4q": 0,
            "gross_profit": null,
            "gross_margin": null,
            "gross_margin_4q_avg": 0,
            "net_income": null,
            "revenue": null,
            "common_shares": null,
            "book_valuer_per_share": null,
            "book_valuer_per_share_4q_avg": 0,
            "equity": null,
            "current_ratio": null,
            "debt_ratio": null,
            "inventory_turnover_ratio": null,
            "account_receivable_turnover_ratio": null,
            "reinvestment_rate": null,
            "research_to_sale_ratio": null,
            "price_fair": 0,
            "eps_avg_yearly": 0,
            "eps_latest_yearly": 0,
            "eps_growth_yearly": 0
        },
        "20072": {
            "year_quarter": 20072,
            "year": 2007,
            "quarter": 2,
            "eps": null,
            "eps_growth_year": null,
            "eps_4q": null,
            "eps_4q_growth_year": null,
            "roe": null,
            "roe_4q": 0,
            "gross_profit": null,
            "gross_margin": null,
            "gross_margin_4q_avg": 0,
            "net_income": null,
            "revenue": null,
            "common_shares": null,
            "book_valuer_per_share": null,
            "book_valuer_per_share_4q_avg": 0,
            "equity": null,
            "current_ratio": null,
            "debt_ratio": null,
            "inventory_turnover_ratio": null,
            "account_receivable_turnover_ratio": null,
            "reinvestment_rate": null,
            "research_to_sale_ratio": null,
            "price_fair": 0,
            "eps_avg_yearly": 0,
            "eps_latest_yearly": 0,
            "eps_growth_yearly": 0
        },
        "20073": {
            "year_quarter": 20073,
            "year": 2007,
            "quarter": 3,
            "eps": null,
            "eps_growth_year": null,
            "eps_4q": null,
            "eps_4q_growth_year": null,
            "roe": null,
            "roe_4q": 0,
            "gross_profit": null,
            "gross_margin": null,
            "gross_margin_4q_avg": 0,
            "net_income": null,
            "revenue": null,
            "common_shares": null,
            "book_valuer_per_share": null,
            "book_valuer_per_share_4q_avg": 0,
            "equity": null,
            "current_ratio": null,
            "debt_ratio": null,
            "inventory_turnover_ratio": null,
            "account_receivable_turnover_ratio": null,
            "reinvestment_rate": null,
            "research_to_sale_ratio": null,
            "price_fair": 0,
            "eps_avg_yearly": 0,
            "eps_latest_yearly": 0,
            "eps_growth_yearly": 0
        },
        "20074": {
            "year_quarter": 20074,
            "year": 2007,
            "quarter": 4,
            "eps": null,
            "eps_growth_year": null,
            "eps_4q": null,
            "eps_4q_growth_year": null,
            "roe": null,
            "roe_4q": 0,
            "gross_profit": null,
            "gross_margin": null,
            "gross_margin_4q_avg": 0,
            "net_income": null,
            "revenue": null,
            "common_shares": null,
            "book_valuer_per_share": null,
            "book_valuer_per_share_4q_avg": 0,
            "equity": null,
            "current_ratio": null,
            "debt_ratio": null,
            "inventory_turnover_ratio": null,
            "account_receivable_turnover_ratio": null,
            "reinvestment_rate": null,
            "research_to_sale_ratio": null,
            "price_fair": 0,
            "eps_avg_yearly": 0,
            "eps_latest_yearly": 0,
            "eps_growth_yearly": 0
        },
        "20081": {
            "year_quarter": 20081,
            "year": 2008,
            "quarter": 1,
            "eps": null,
            "eps_growth_year": null,
            "eps_4q": null,
            "eps_4q_growth_year": null,
            "roe": null,
            "roe_4q": 0,
            "gross_profit": null,
            "gross_margin": null,
            "gross_margin_4q_avg": 0,
            "net_income": null,
            "revenue": null,
            "common_shares": null,
            "book_valuer_per_share": null,
            "book_valuer_per_share_4q_avg": 0,
            "equity": null,
            "current_ratio": null,
            "debt_ratio": null,
            "inventory_turnover_ratio": null,
            "account_receivable_turnover_ratio": null,
            "reinvestment_rate": null,
            "research_to_sale_ratio": null,
            "price_fair": 0,
            "eps_avg_yearly": 0,
            "eps_latest_yearly": 0,
            "eps_growth_yearly": 0
        },
        "20082": {
            "year_quarter": 20082,
            "year": 2008,
            "quarter": 2,
            "eps": null,
            "eps_growth_year": null,
            "eps_4q": null,
            "eps_4q_growth_year": null,
            "roe": null,
            "roe_4q": 0,
            "gross_profit": null,
            "gross_margin": null,
            "gross_margin_4q_avg": 0,
            "net_income": null,
            "revenue": null,
            "common_shares": null,
            "book_valuer_per_share": null,
            "book_valuer_per_share_4q_avg": 0,
            "equity": null,
            "current_ratio": null,
            "debt_ratio": null,
            "inventory_turnover_ratio": null,
            "account_receivable_turnover_ratio": null,
            "reinvestment_rate": null,
            "research_to_sale_ratio": null,
            "price_fair": 0,
            "eps_avg_yearly": 0,
            "eps_latest_yearly": 0,
            "eps_growth_yearly": 0
        },
        "20083": {
            "year_quarter": 20083,
            "year": 2008,
            "quarter": 3,
            "eps": null,
            "eps_growth_year": null,
            "eps_4q": null,
            "eps_4q_growth_year": null,
            "roe": null,
            "roe_4q": 0,
            "gross_profit": null,
            "gross_margin": null,
            "gross_margin_4q_avg": 0,
            "net_income": null,
            "revenue": null,
            "common_shares": null,
            "book_valuer_per_share": null,
            "book_valuer_per_share_4q_avg": 0,
            "equity": null,
            "current_ratio": null,
            "debt_ratio": null,
            "inventory_turnover_ratio": null,
            "account_receivable_turnover_ratio": null,
            "reinvestment_rate": null,
            "research_to_sale_ratio": null,
            "price_fair": 0,
            "eps_avg_yearly": 0,
            "eps_latest_yearly": 0,
            "eps_growth_yearly": 0
        },
        "20084": {
            "year_quarter": 20084,
            "year": 2008,
            "quarter": 4,
            "eps": null,
            "eps_growth_year": null,
            "eps_4q": null,
            "eps_4q_growth_year": null,
            "roe": null,
            "roe_4q": 0,
            "gross_profit": null,
            "gross_margin": null,
            "gross_margin_4q_avg": 0,
            "net_income": null,
            "revenue": null,
            "common_shares": 131335,
            "book_valuer_per_share": null,
            "book_valuer_per_share_4q_avg": 0,
            "equity": 256582,
            "current_ratio": null,
            "debt_ratio": null,
            "inventory_turnover_ratio": null,
            "account_receivable_turnover_ratio": null,
            "reinvestment_rate": null,
            "research_to_sale_ratio": null,
            "price_fair": 0,
            "eps_avg_yearly": 0,
            "eps_latest_yearly": 0,
            "eps_growth_yearly": 0
        },
        "20091": {
            "year_quarter": 20091,
            "year": 2009,
            "quarter": 1,
            "eps": null,
            "eps_growth_year": null,
            "eps_4q": null,
            "eps_4q_growth_year": null,
            "roe": null,
            "roe_4q": 0,
            "gross_profit": null,
            "gross_margin": null,
            "gross_margin_4q_avg": 0,
            "net_income": null,
            "revenue": null,
            "common_shares": null,
            "book_valuer_per_share": null,
            "book_valuer_per_share_4q_avg": 0,
            "equity": null,
            "current_ratio": null,
            "debt_ratio": null,
            "inventory_turnover_ratio": null,
            "account_receivable_turnover_ratio": null,
            "reinvestment_rate": null,
            "research_to_sale_ratio": null,
            "price_fair": 0,
            "eps_avg_yearly": 0,
            "eps_latest_yearly": 0,
            "eps_growth_yearly": 0
        },
        "20092": {
            "year_quarter": 20092,
            "year": 2009,
            "quarter": 2,
            "eps": null,
            "eps_growth_year": null,
            "eps_4q": null,
            "eps_4q_growth_year": null,
            "roe": null,
            "roe_4q": 0,
            "gross_profit": null,
            "gross_margin": null,
            "gross_margin_4q_avg": 0,
            "net_income": null,
            "revenue": null,
            "common_shares": 131335,
            "book_valuer_per_share": null,
            "book_valuer_per_share_4q_avg": 0,
            "equity": 256212,
            "current_ratio": null,
            "debt_ratio": null,
            "inventory_turnover_ratio": null,
            "account_receivable_turnover_ratio": null,
            "reinvestment_rate": null,
            "research_to_sale_ratio": null,
            "price_fair": 0,
            "eps_avg_yearly": 0,
            "eps_latest_yearly": 0,
            "eps_growth_yearly": 0
        },
        "20093": {
            "year_quarter": 20093,
            "year": 2009,
            "quarter": 3,
            "eps": null,
            "eps_growth_year": null,
            "eps_4q": null,
            "eps_4q_growth_year": null,
            "roe": null,
            "roe_4q": 0,
            "gross_profit": null,
            "gross_margin": null,
            "gross_margin_4q_avg": 0,
            "net_income": null,
            "revenue": null,
            "common_shares": null,
            "book_valuer_per_share": null,
            "book_valuer_per_share_4q_avg": 0,
            "equity": null,
            "current_ratio": null,
            "debt_ratio": null,
            "inventory_turnover_ratio": null,
            "account_receivable_turnover_ratio": null,
            "reinvestment_rate": null,
            "research_to_sale_ratio": null,
            "price_fair": 0,
            "eps_avg_yearly": 0,
            "eps_latest_yearly": 0,
            "eps_growth_yearly": 0
        },
        "20094": {
            "year_quarter": 20094,
            "year": 2009,
            "quarter": 4,
            "eps": null,
            "eps_growth_year": null,
            "eps_4q": null,
            "eps_4q_growth_year": null,
            "roe": null,
            "roe_4q": 0,
            "gross_profit": null,
            "gross_margin": null,
            "gross_margin_4q_avg": 0,
            "net_income": null,
            "revenue": null,
            "common_shares": 144919,
            "book_valuer_per_share": 19.71,
            "book_valuer_per_share_4q_avg": 4.93,
            "equity": 285610,
            "current_ratio": 371.47,
            "debt_ratio": 18,
            "inventory_turnover_ratio": null,
            "account_receivable_turnover_ratio": null,
            "reinvestment_rate": null,
            "research_to_sale_ratio": null,
            "price_fair": 0,
            "eps_avg_yearly": 0,
            "eps_latest_yearly": 0,
            "eps_growth_yearly": 0
        },
        "20101": {
            "year_quarter": 20101,
            "year": 2010,
            "quarter": 1,
            "eps": null,
            "eps_growth_year": null,
            "eps_4q": null,
            "eps_4q_growth_year": null,
            "roe": null,
            "roe_4q": 0,
            "gross_profit": null,
            "gross_margin": null,
            "gross_margin_4q_avg": 0,
            "net_income": null,
            "revenue": null,
            "common_shares": null,
            "book_valuer_per_share": null,
            "book_valuer_per_share_4q_avg": 4.93,
            "equity": null,
            "current_ratio": null,
            "debt_ratio": null,
            "inventory_turnover_ratio": null,
            "account_receivable_turnover_ratio": null,
            "reinvestment_rate": null,
            "research_to_sale_ratio": null,
            "price_fair": 0,
            "eps_avg_yearly": 0,
            "eps_latest_yearly": 0,
            "eps_growth_yearly": 0
        },
        "20102": {
            "year_quarter": 20102,
            "year": 2010,
            "quarter": 2,
            "eps": null,
            "eps_growth_year": null,
            "eps_4q": null,
            "eps_4q_growth_year": null,
            "roe": null,
            "roe_4q": 0,
            "gross_profit": null,
            "gross_margin": null,
            "gross_margin_4q_avg": 0,
            "net_income": null,
            "revenue": null,
            "common_shares": 145969,
            "book_valuer_per_share": 20.53,
            "book_valuer_per_share_4q_avg": 10.06,
            "equity": 299717,
            "current_ratio": 216.59,
            "debt_ratio": 31.41,
            "inventory_turnover_ratio": null,
            "account_receivable_turnover_ratio": null,
            "reinvestment_rate": null,
            "research_to_sale_ratio": null,
            "price_fair": 0,
            "eps_avg_yearly": 0,
            "eps_latest_yearly": 0,
            "eps_growth_yearly": 0
        },
        "20103": {
            "year_quarter": 20103,
            "year": 2010,
            "quarter": 3,
            "eps": null,
            "eps_growth_year": null,
            "eps_4q": null,
            "eps_4q_growth_year": null,
            "roe": null,
            "roe_4q": 0,
            "gross_profit": null,
            "gross_margin": null,
            "gross_margin_4q_avg": 0,
            "net_income": null,
            "revenue": null,
            "common_shares": null,
            "book_valuer_per_share": null,
            "book_valuer_per_share_4q_avg": 10.06,
            "equity": null,
            "current_ratio": null,
            "debt_ratio": null,
            "inventory_turnover_ratio": null,
            "account_receivable_turnover_ratio": null,
            "reinvestment_rate": null,
            "research_to_sale_ratio": null,
            "price_fair": 0,
            "eps_avg_yearly": 0,
            "eps_latest_yearly": 0,
            "eps_growth_yearly": 0
        },
        "20104": {
            "year_quarter": 20104,
            "year": 2010,
            "quarter": 4,
            "eps": null,
            "eps_growth_year": null,
            "eps_4q": null,
            "eps_4q_growth_year": null,
            "roe": null,
            "roe_4q": 0,
            "gross_profit": null,
            "gross_margin": null,
            "gross_margin_4q_avg": 0,
            "net_income": null,
            "revenue": null,
            "common_shares": 171034,
            "book_valuer_per_share": 19.75,
            "book_valuer_per_share_4q_avg": 10.07,
            "equity": 337713,
            "current_ratio": 293.34,
            "debt_ratio": 21.92,
            "inventory_turnover_ratio": null,
            "account_receivable_turnover_ratio": null,
            "reinvestment_rate": null,
            "research_to_sale_ratio": null,
            "price_fair": 0,
            "eps_avg_yearly": 0,
            "eps_latest_yearly": 0,
            "eps_growth_yearly": 0
        },
        "20111": {
            "year_quarter": 20111,
            "year": 2011,
            "quarter": 1,
            "eps": null,
            "eps_growth_year": null,
            "eps_4q": null,
            "eps_4q_growth_year": null,
            "roe": null,
            "roe_4q": 0,
            "gross_profit": null,
            "gross_margin": null,
            "gross_margin_4q_avg": 0,
            "net_income": null,
            "revenue": null,
            "common_shares": null,
            "book_valuer_per_share": null,
            "book_valuer_per_share_4q_avg": 10.07,
            "equity": null,
            "current_ratio": null,
            "debt_ratio": null,
            "inventory_turnover_ratio": null,
            "account_receivable_turnover_ratio": null,
            "reinvestment_rate": null,
            "research_to_sale_ratio": null,
            "price_fair": 0,
            "eps_avg_yearly": 0,
            "eps_latest_yearly": 0,
            "eps_growth_yearly": 0
        },
        "20112": {
            "year_quarter": 20112,
            "year": 2011,
            "quarter": 2,
            "eps": null,
            "eps_growth_year": null,
            "eps_4q": null,
            "eps_4q_growth_year": null,
            "roe": null,
            "roe_4q": 0,
            "gross_profit": null,
            "gross_margin": null,
            "gross_margin_4q_avg": 0,
            "net_income": null,
            "revenue": null,
            "common_shares": 171034,
            "book_valuer_per_share": 17.89,
            "book_valuer_per_share_4q_avg": 9.41,
            "equity": 305947,
            "current_ratio": 205.76,
            "debt_ratio": 32.56,
            "inventory_turnover_ratio": null,
            "account_receivable_turnover_ratio": null,
            "reinvestment_rate": null,
            "research_to_sale_ratio": null,
            "price_fair": 0,
            "eps_avg_yearly": 0,
            "eps_latest_yearly": 0,
            "eps_growth_yearly": 0
        },
        "20113": {
            "year_quarter": 20113,
            "year": 2011,
            "quarter": 3,
            "eps": null,
            "eps_growth_year": null,
            "eps_4q": null,
            "eps_4q_growth_year": null,
            "roe": null,
            "roe_4q": 0,
            "gross_profit": null,
            "gross_margin": null,
            "gross_margin_4q_avg": 0,
            "net_income": null,
            "revenue": null,
            "common_shares": null,
            "book_valuer_per_share": null,
            "book_valuer_per_share_4q_avg": 9.41,
            "equity": null,
            "current_ratio": null,
            "debt_ratio": null,
            "inventory_turnover_ratio": null,
            "account_receivable_turnover_ratio": null,
            "reinvestment_rate": null,
            "research_to_sale_ratio": null,
            "price_fair": 0,
            "eps_avg_yearly": 0,
            "eps_latest_yearly": 0,
            "eps_growth_yearly": 0
        },
        "20114": {
            "year_quarter": 20114,
            "year": 2011,
            "quarter": 4,
            "eps": null,
            "eps_growth_year": null,
            "eps_4q": null,
            "eps_4q_growth_year": null,
            "roe": null,
            "roe_4q": 0,
            "gross_profit": null,
            "gross_margin": null,
            "gross_margin_4q_avg": 0,
            "net_income": null,
            "revenue": null,
            "common_shares": 183546,
            "book_valuer_per_share": 18.59,
            "book_valuer_per_share_4q_avg": 9.12,
            "equity": 341302,
            "current_ratio": 282.47,
            "debt_ratio": 25.14,
            "inventory_turnover_ratio": null,
            "account_receivable_turnover_ratio": null,
            "reinvestment_rate": null,
            "research_to_sale_ratio": null,
            "price_fair": 0,
            "eps_avg_yearly": 0,
            "eps_latest_yearly": 0,
            "eps_growth_yearly": 0
        },
        "20121": {
            "year_quarter": 20121,
            "year": 2012,
            "quarter": 1,
            "eps": null,
            "eps_growth_year": null,
            "eps_4q": null,
            "eps_4q_growth_year": null,
            "roe": null,
            "roe_4q": 0,
            "gross_profit": null,
            "gross_margin": null,
            "gross_margin_4q_avg": 0,
            "net_income": null,
            "revenue": null,
            "common_shares": null,
            "book_valuer_per_share": null,
            "book_valuer_per_share_4q_avg": 9.12,
            "equity": null,
            "current_ratio": null,
            "debt_ratio": null,
            "inventory_turnover_ratio": null,
            "account_receivable_turnover_ratio": null,
            "reinvestment_rate": null,
            "research_to_sale_ratio": null,
            "price_fair": 0,
            "eps_avg_yearly": 0,
            "eps_latest_yearly": 0,
            "eps_growth_yearly": 0
        },
        "20122": {
            "year_quarter": 20122,
            "year": 2012,
            "quarter": 2,
            "eps": null,
            "eps_growth_year": null,
            "eps_4q": null,
            "eps_4q_growth_year": null,
            "roe": null,
            "roe_4q": 0,
            "gross_profit": null,
            "gross_margin": null,
            "gross_margin_4q_avg": 0,
            "net_income": null,
            "revenue": null,
            "common_shares": 183546,
            "book_valuer_per_share": 19.21,
            "book_valuer_per_share_4q_avg": 9.45,
            "equity": 352602,
            "current_ratio": 233.21,
            "debt_ratio": 30.49,
            "inventory_turnover_ratio": null,
            "account_receivable_turnover_ratio": null,
            "reinvestment_rate": null,
            "research_to_sale_ratio": null,
            "price_fair": 0,
            "eps_avg_yearly": 0,
            "eps_latest_yearly": 0,
            "eps_growth_yearly": 0
        },
        "20123": {
            "year_quarter": 20123,
            "year": 2012,
            "quarter": 3,
            "eps": null,
            "eps_growth_year": null,
            "eps_4q": null,
            "eps_4q_growth_year": null,
            "roe": null,
            "roe_4q": 0,
            "gross_profit": null,
            "gross_margin": null,
            "gross_margin_4q_avg": 0,
            "net_income": null,
            "revenue": null,
            "common_shares": null,
            "book_valuer_per_share": null,
            "book_valuer_per_share_4q_avg": 9.45,
            "equity": null,
            "current_ratio": null,
            "debt_ratio": null,
            "inventory_turnover_ratio": null,
            "account_receivable_turnover_ratio": null,
            "reinvestment_rate": null,
            "research_to_sale_ratio": null,
            "price_fair": 0,
            "eps_avg_yearly": 0,
            "eps_latest_yearly": 0,
            "eps_growth_yearly": 0
        },
        "20124": {
            "year_quarter": 20124,
            "year": 2012,
            "quarter": 4,
            "eps": null,
            "eps_growth_year": null,
            "eps_4q": null,
            "eps_4q_growth_year": null,
            "roe": null,
            "roe_4q": 0,
            "gross_profit": null,
            "gross_margin": null,
            "gross_margin_4q_avg": 0,
            "net_income": null,
            "revenue": null,
            "common_shares": 207781,
            "book_valuer_per_share": 20.22,
            "book_valuer_per_share_4q_avg": 9.86,
            "equity": 420032,
            "current_ratio": 227.69,
            "debt_ratio": 30.39,
            "inventory_turnover_ratio": null,
            "account_receivable_turnover_ratio": null,
            "reinvestment_rate": null,
            "research_to_sale_ratio": null,
            "price_fair": 0,
            "eps_avg_yearly": 0,
            "eps_latest_yearly": 0,
            "eps_growth_yearly": 0
        },
        "20131": {
            "year_quarter": 20131,
            "year": 2013,
            "quarter": 1,
            "eps": null,
            "eps_growth_year": null,
            "eps_4q": null,
            "eps_4q_growth_year": null,
            "roe": null,
            "roe_4q": 0,
            "gross_profit": null,
            "gross_margin": null,
            "gross_margin_4q_avg": 0,
            "net_income": null,
            "revenue": null,
            "common_shares": null,
            "book_valuer_per_share": null,
            "book_valuer_per_share_4q_avg": 9.86,
            "equity": null,
            "current_ratio": null,
            "debt_ratio": null,
            "inventory_turnover_ratio": null,
            "account_receivable_turnover_ratio": null,
            "reinvestment_rate": null,
            "research_to_sale_ratio": null,
            "price_fair": 0,
            "eps_avg_yearly": 0,
            "eps_latest_yearly": 0,
            "eps_growth_yearly": 0
        },
        "20132": {
            "year_quarter": 20132,
            "year": 2013,
            "quarter": 2,
            "eps": null,
            "eps_growth_year": null,
            "eps_4q": null,
            "eps_4q_growth_year": null,
            "roe": null,
            "roe_4q": 0,
            "gross_profit": null,
            "gross_margin": null,
            "gross_margin_4q_avg": 0,
            "net_income": null,
            "revenue": null,
            "common_shares": 207781,
            "book_valuer_per_share": 20.57,
            "book_valuer_per_share_4q_avg": 10.2,
            "equity": 427356,
            "current_ratio": 187.68,
            "debt_ratio": 46.23,
            "inventory_turnover_ratio": null,
            "account_receivable_turnover_ratio": null,
            "reinvestment_rate": null,
            "research_to_sale_ratio": null,
            "price_fair": 0,
            "eps_avg_yearly": 0,
            "eps_latest_yearly": 0,
            "eps_growth_yearly": 0
        },
        "20133": {
            "year_quarter": 20133,
            "year": 2013,
            "quarter": 3,
            "eps": null,
            "eps_growth_year": null,
            "eps_4q": null,
            "eps_4q_growth_year": null,
            "roe": null,
            "roe_4q": 0,
            "gross_profit": null,
            "gross_margin": null,
            "gross_margin_4q_avg": 0,
            "net_income": null,
            "revenue": null,
            "common_shares": null,
            "book_valuer_per_share": null,
            "book_valuer_per_share_4q_avg": 10.2,
            "equity": null,
            "current_ratio": null,
            "debt_ratio": null,
            "inventory_turnover_ratio": null,
            "account_receivable_turnover_ratio": null,
            "reinvestment_rate": null,
            "research_to_sale_ratio": null,
            "price_fair": 0,
            "eps_avg_yearly": 0,
            "eps_latest_yearly": 0,
            "eps_growth_yearly": 0
        },
        "20134": {
            "year_quarter": 20134,
            "year": 2013,
            "quarter": 4,
            "eps": null,
            "eps_growth_year": null,
            "eps_4q": null,
            "eps_4q_growth_year": null,
            "roe": null,
            "roe_4q": 0,
            "gross_profit": null,
            "gross_margin": null,
            "gross_margin_4q_avg": 0,
            "net_income": null,
            "revenue": null,
            "common_shares": 220248,
            "book_valuer_per_share": 22.74,
            "book_valuer_per_share_4q_avg": 10.83,
            "equity": 504177,
            "current_ratio": 245.39,
            "debt_ratio": 39.35,
            "inventory_turnover_ratio": null,
            "account_receivable_turnover_ratio": null,
            "reinvestment_rate": null,
            "research_to_sale_ratio": null,
            "price_fair": 0,
            "eps_avg_yearly": 0,
            "eps_latest_yearly": 0,
            "eps_growth_yearly": 0
        },
        "20141": {
            "year_quarter": 20141,
            "year": 2014,
            "quarter": 1,
            "eps": null,
            "eps_growth_year": null,
            "eps_4q": null,
            "eps_4q_growth_year": null,
            "roe": null,
            "roe_4q": 0,
            "gross_profit": null,
            "gross_margin": null,
            "gross_margin_4q_avg": 0,
            "net_income": null,
            "revenue": null,
            "common_shares": null,
            "book_valuer_per_share": null,
            "book_valuer_per_share_4q_avg": 10.83,
            "equity": null,
            "current_ratio": null,
            "debt_ratio": null,
            "inventory_turnover_ratio": null,
            "account_receivable_turnover_ratio": null,
            "reinvestment_rate": null,
            "research_to_sale_ratio": null,
            "price_fair": 0,
            "eps_avg_yearly": 0,
            "eps_latest_yearly": 0,
            "eps_growth_yearly": 0
        },
        "20142": {
            "year_quarter": 20142,
            "year": 2014,
            "quarter": 2,
            "eps": null,
            "eps_growth_year": null,
            "eps_4q": null,
            "eps_4q_growth_year": null,
            "roe": null,
            "roe_4q": 0,
            "gross_profit": null,
            "gross_margin": null,
            "gross_margin_4q_avg": 0,
            "net_income": null,
            "revenue": null,
            "common_shares": 242248,
            "book_valuer_per_share": 25.51,
            "book_valuer_per_share_4q_avg": 12.06,
            "equity": 618084,
            "current_ratio": 249.5,
            "debt_ratio": 36.78,
            "inventory_turnover_ratio": null,
            "account_receivable_turnover_ratio": null,
            "reinvestment_rate": null,
            "research_to_sale_ratio": null,
            "price_fair": 0,
            "eps_avg_yearly": 0,
            "eps_latest_yearly": 0,
            "eps_growth_yearly": 0
        },
        "20143": {
            "year_quarter": 20143,
            "year": 2014,
            "quarter": 3,
            "eps": null,
            "eps_growth_year": null,
            "eps_4q": null,
            "eps_4q_growth_year": null,
            "roe": null,
            "roe_4q": 0,
            "gross_profit": null,
            "gross_margin": null,
            "gross_margin_4q_avg": 0,
            "net_income": null,
            "revenue": null,
            "common_shares": null,
            "book_valuer_per_share": null,
            "book_valuer_per_share_4q_avg": 12.06,
            "equity": null,
            "current_ratio": null,
            "debt_ratio": null,
            "inventory_turnover_ratio": null,
            "account_receivable_turnover_ratio": null,
            "reinvestment_rate": null,
            "research_to_sale_ratio": null,
            "price_fair": 0,
            "eps_avg_yearly": 0,
            "eps_latest_yearly": 0,
            "eps_growth_yearly": 0
        },
        "20144": {
            "year_quarter": 20144,
            "year": 2014,
            "quarter": 4,
            "eps": null,
            "eps_growth_year": null,
            "eps_4q": null,
            "eps_4q_growth_year": null,
            "roe": null,
            "roe_4q": 0,
            "gross_profit": null,
            "gross_margin": null,
            "gross_margin_4q_avg": 0,
            "net_income": null,
            "revenue": null,
            "common_shares": 261628,
            "book_valuer_per_share": 26.8,
            "book_valuer_per_share_4q_avg": 13.08,
            "equity": 701187,
            "current_ratio": 250.08,
            "debt_ratio": 34.1,
            "inventory_turnover_ratio": null,
            "account_receivable_turnover_ratio": null,
            "reinvestment_rate": null,
            "research_to_sale_ratio": null,
            "price_fair": 0,
            "eps_avg_yearly": 0,
            "eps_latest_yearly": 0,
            "eps_growth_yearly": 0
        },
        "20151": {
            "year_quarter": 20151,
            "year": 2015,
            "quarter": 1,
            "eps": null,
            "eps_growth_year": null,
            "eps_4q": null,
            "eps_4q_growth_year": null,
            "roe": null,
            "roe_4q": 0,
            "gross_profit": null,
            "gross_margin": null,
            "gross_margin_4q_avg": 0,
            "net_income": null,
            "revenue": null,
            "common_shares": null,
            "book_valuer_per_share": null,
            "book_valuer_per_share_4q_avg": 13.08,
            "equity": null,
            "current_ratio": null,
            "debt_ratio": null,
            "inventory_turnover_ratio": null,
            "account_receivable_turnover_ratio": null,
            "reinvestment_rate": null,
            "research_to_sale_ratio": null,
            "price_fair": 0,
            "eps_avg_yearly": 0,
            "eps_latest_yearly": 0,
            "eps_growth_yearly": 0
        },
        "20152": {
            "year_quarter": 20152,
            "year": 2015,
            "quarter": 2,
            "eps": null,
            "eps_growth_year": null,
            "eps_4q": null,
            "eps_4q_growth_year": null,
            "roe": null,
            "roe_4q": 0,
            "gross_profit": null,
            "gross_margin": null,
            "gross_margin_4q_avg": 0,
            "net_income": null,
            "revenue": null,
            "common_shares": 261628,
            "book_valuer_per_share": 24.87,
            "book_valuer_per_share_4q_avg": 12.92,
            "equity": 650751,
            "current_ratio": 173.3,
            "debt_ratio": 42.9,
            "inventory_turnover_ratio": null,
            "account_receivable_turnover_ratio": null,
            "reinvestment_rate": null,
            "research_to_sale_ratio": null,
            "price_fair": 0,
            "eps_avg_yearly": 0,
            "eps_latest_yearly": 0,
            "eps_growth_yearly": 0
        },
        "20153": {
            "year_quarter": 20153,
            "year": 2015,
            "quarter": 3,
            "eps": null,
            "eps_growth_year": null,
            "eps_4q": null,
            "eps_4q_growth_year": null,
            "roe": null,
            "roe_4q": 0,
            "gross_profit": null,
            "gross_margin": null,
            "gross_margin_4q_avg": 0,
            "net_income": null,
            "revenue": null,
            "common_shares": null,
            "book_valuer_per_share": null,
            "book_valuer_per_share_4q_avg": 12.92,
            "equity": null,
            "current_ratio": null,
            "debt_ratio": null,
            "inventory_turnover_ratio": null,
            "account_receivable_turnover_ratio": null,
            "reinvestment_rate": null,
            "research_to_sale_ratio": null,
            "price_fair": 0,
            "eps_avg_yearly": 0,
            "eps_latest_yearly": 0,
            "eps_growth_yearly": 0
        },
        "20154": {
            "year_quarter": 20154,
            "year": 2015,
            "quarter": 4,
            "eps": null,
            "eps_growth_year": null,
            "eps_4q": null,
            "eps_4q_growth_year": null,
            "roe": null,
            "roe_4q": 0,
            "gross_profit": null,
            "gross_margin": null,
            "gross_margin_4q_avg": 0,
            "net_income": null,
            "revenue": null,
            "common_shares": 287791,
            "book_valuer_per_share": 25.68,
            "book_valuer_per_share_4q_avg": 12.64,
            "equity": 738927,
            "current_ratio": 193.09,
            "debt_ratio": 39.02,
            "inventory_turnover_ratio": null,
            "account_receivable_turnover_ratio": null,
            "reinvestment_rate": null,
            "research_to_sale_ratio": null,
            "price_fair": 0,
            "eps_avg_yearly": 0,
            "eps_latest_yearly": 0,
            "eps_growth_yearly": 0
        },
        "20161": {
            "year_quarter": 20161,
            "year": 2016,
            "quarter": 1,
            "eps": null,
            "eps_growth_year": null,
            "eps_4q": null,
            "eps_4q_growth_year": null,
            "roe": null,
            "roe_4q": 0,
            "gross_profit": null,
            "gross_margin": null,
            "gross_margin_4q_avg": 0,
            "net_income": null,
            "revenue": null,
            "common_shares": null,
            "book_valuer_per_share": null,
            "book_valuer_per_share_4q_avg": 12.64,
            "equity": null,
            "current_ratio": null,
            "debt_ratio": null,
            "inventory_turnover_ratio": null,
            "account_receivable_turnover_ratio": null,
            "reinvestment_rate": null,
            "research_to_sale_ratio": null,
            "price_fair": 0,
            "eps_avg_yearly": 0,
            "eps_latest_yearly": 0,
            "eps_growth_yearly": 0
        },
        "20162": {
            "year_quarter": 20162,
            "year": 2016,
            "quarter": 2,
            "eps": null,
            "eps_growth_year": null,
            "eps_4q": null,
            "eps_4q_growth_year": null,
            "roe": null,
            "roe_4q": 0,
            "gross_profit": null,
            "gross_margin": null,
            "gross_margin_4q_avg": 0,
            "net_income": null,
            "revenue": null,
            "common_shares": 289156,
            "book_valuer_per_share": 23.34,
            "book_valuer_per_share_4q_avg": 12.26,
            "equity": 674976,
            "current_ratio": 137.03,
            "debt_ratio": 45.33,
            "inventory_turnover_ratio": null,
            "account_receivable_turnover_ratio": null,
            "reinvestment_rate": null,
            "research_to_sale_ratio": null,
            "price_fair": 0,
            "eps_avg_yearly": 0,
            "eps_latest_yearly": 0,
            "eps_growth_yearly": 0
        },
        "20163": {
            "year_quarter": 20163,
            "year": 2016,
            "quarter": 3,
            "eps": null,
            "eps_growth_year": null,
            "eps_4q": null,
            "eps_4q_growth_year": null,
            "roe": null,
            "roe_4q": 0,
            "gross_profit": null,
            "gross_margin": null,
            "gross_margin_4q_avg": 0,
            "net_income": null,
            "revenue": null,
            "common_shares": null,
            "book_valuer_per_share": null,
            "book_valuer_per_share_4q_avg": 12.26,
            "equity": null,
            "current_ratio": null,
            "debt_ratio": null,
            "inventory_turnover_ratio": null,
            "account_receivable_turnover_ratio": null,
            "reinvestment_rate": null,
            "research_to_sale_ratio": null,
            "price_fair": 0,
            "eps_avg_yearly": 0,
            "eps_latest_yearly": 0,
            "eps_growth_yearly": 0
        },
        "20164": {
            "year_quarter": 20164,
            "year": 2016,
            "quarter": 4,
            "eps": null,
            "eps_growth_year": null,
            "eps_4q": null,
            "eps_4q_growth_year": null,
            "roe": null,
            "roe_4q": 0,
            "gross_profit": null,
            "gross_margin": null,
            "gross_margin_4q_avg": 0,
            "net_income": null,
            "revenue": null,
            "common_shares": 290261,
            "book_valuer_per_share": 25.34,
            "book_valuer_per_share_4q_avg": 12.17,
            "equity": 735604,
            "current_ratio": 164.82,
            "debt_ratio": 34.45,
            "inventory_turnover_ratio": null,
            "account_receivable_turnover_ratio": null,
            "reinvestment_rate": null,
            "research_to_sale_ratio": null,
            "price_fair": 0,
            "eps_avg_yearly": 0,
            "eps_latest_yearly": 0,
            "eps_growth_yearly": 0
        },
        "20171": {
            "year_quarter": 20171,
            "year": 2017,
            "quarter": 1,
            "eps": 0.44,
            "eps_growth_year": null,
            "eps_4q": null,
            "eps_4q_growth_year": null,
            "roe": 1.71,
            "roe_4q": 1.71,
            "gross_profit": 55662,
            "gross_margin": 33.23,
            "gross_margin_4q_avg": 8.31,
            "net_income": 12694,
            "revenue": 167498,
            "common_shares": 291916,
            "book_valuer_per_share": 25.78,
            "book_valuer_per_share_4q_avg": 18.62,
            "equity": 752642,
            "current_ratio": 168.17,
            "debt_ratio": 32.95,
            "inventory_turnover_ratio": 1.28,
            "account_receivable_turnover_ratio": 1.49,
            "reinvestment_rate": null,
            "research_to_sale_ratio": 6.13,
            "price_fair": 0,
            "eps_avg_yearly": 0,
            "eps_latest_yearly": 0,
            "eps_growth_yearly": 0
        },
        "20172": {
            "year_quarter": 20172,
            "year": 2017,
            "quarter": 2,
            "eps": 0.82,
            "eps_growth_year": null,
            "eps_4q": null,
            "eps_4q_growth_year": null,
            "roe": 3.34,
            "roe_4q": 5.05,
            "gross_profit": 61311,
            "gross_margin": 32.61,
            "gross_margin_4q_avg": 16.46,
            "net_income": 23802,
            "revenue": 188021,
            "common_shares": 291916,
            "book_valuer_per_share": 23.1,
            "book_valuer_per_share_4q_avg": 18.56,
            "equity": 674273,
            "current_ratio": 124.56,
            "debt_ratio": 40.96,
            "inventory_turnover_ratio": 1.5,
            "account_receivable_turnover_ratio": 1.65,
            "reinvestment_rate": null,
            "research_to_sale_ratio": 5.79,
            "price_fair": 114.8,
            "eps_avg_yearly": 3.28,
            "eps_latest_yearly": 3.28,
            "eps_growth_yearly": 345.45
        },
        "20173": {
            "year_quarter": 20173,
            "year": 2017,
            "quarter": 3,
            "eps": 0.78,
            "eps_growth_year": null,
            "eps_4q": null,
            "eps_4q_growth_year": null,
            "roe": 2.86,
            "roe_4q": 7.909999999999999,
            "gross_profit": 66360,
            "gross_margin": 35.84,
            "gross_margin_4q_avg": 25.42,
            "net_income": 22917,
            "revenue": 185156,
            "common_shares": 328416,
            "book_valuer_per_share": 28.2,
            "book_valuer_per_share_4q_avg": 25.61,
            "equity": 926259,
            "current_ratio": 247.64,
            "debt_ratio": 27.24,
            "inventory_turnover_ratio": 1.38,
            "account_receivable_turnover_ratio": 1.34,
            "reinvestment_rate": null,
            "research_to_sale_ratio": 7.16,
            "price_fair": 112,
            "eps_avg_yearly": 3.2,
            "eps_latest_yearly": 3.12,
            "eps_growth_yearly": 162.97
        },
        "20174": {
            "year_quarter": 20174,
            "year": 2017,
            "quarter": 4,
            "eps": 0.82,
            "eps_growth_year": null,
            "eps_4q": 2.63,
            "eps_4q_growth_year": null,
            "roe": 2.85,
            "roe_4q": 10.760000000000002,
            "gross_profit": 67923,
            "gross_margin": 33.24,
            "gross_margin_4q_avg": 33.73,
            "net_income": 26813,
            "revenue": 204311,
            "common_shares": 328416,
            "book_valuer_per_share": 29.02,
            "book_valuer_per_share_4q_avg": 26.53,
            "equity": 953018,
            "current_ratio": 230.44,
            "debt_ratio": 16.5,
            "inventory_turnover_ratio": 1.66,
            "account_receivable_turnover_ratio": 1.4,
            "reinvestment_rate": null,
            "research_to_sale_ratio": 6.1,
            "price_fair": 112.93,
            "eps_avg_yearly": 3.23,
            "eps_latest_yearly": 3.28,
            "eps_growth_yearly": 115.49
        },
        "20181": {
            "year_quarter": 20181,
            "year": 2018,
            "quarter": 1,
            "eps": 0.61,
            "eps_growth_year": 38.64,
            "eps_4q": 2.85,
            "eps_4q_growth_year": null,
            "roe": 2.07,
            "roe_4q": 11.12,
            "gross_profit": 57175,
            "gross_margin": 33.51,
            "gross_margin_4q_avg": 33.8,
            "net_income": 19971,
            "revenue": 170640,
            "common_shares": 328416,
            "book_valuer_per_share": 29.63,
            "book_valuer_per_share_4q_avg": 27.49,
            "equity": 972987,
            "current_ratio": 222.95,
            "debt_ratio": 18.36,
            "inventory_turnover_ratio": 1.35,
            "account_receivable_turnover_ratio": 1.21,
            "reinvestment_rate": null,
            "research_to_sale_ratio": 6.44,
            "price_fair": 106.05,
            "eps_avg_yearly": 3.03,
            "eps_latest_yearly": 2.44,
            "eps_growth_yearly": 61
        },
        "20182": {
            "year_quarter": 20182,
            "year": 2018,
            "quarter": 2,
            "eps": 0.82,
            "eps_growth_year": 0,
            "eps_4q": 2.94,
            "eps_4q_growth_year": null,
            "roe": 2.87,
            "roe_4q": 10.649999999999999,
            "gross_profit": 64670,
            "gross_margin": 33.21,
            "gross_margin_4q_avg": 33.95,
            "net_income": 26924,
            "revenue": 194727,
            "common_shares": 328416,
            "book_valuer_per_share": 27.45,
            "book_valuer_per_share_4q_avg": 28.58,
            "equity": 901391,
            "current_ratio": 171.61,
            "debt_ratio": 24.25,
            "inventory_turnover_ratio": 1.37,
            "account_receivable_turnover_ratio": 1.23,
            "reinvestment_rate": null,
            "research_to_sale_ratio": 6.38,
            "price_fair": 107.8,
            "eps_avg_yearly": 3.08,
            "eps_latest_yearly": 3.28,
            "eps_growth_yearly": 76.34
        },
        "20183": {
            "year_quarter": 20183,
            "year": 2018,
            "quarter": 3,
            "eps": 0.36,
            "eps_growth_year": -53.85,
            "eps_4q": 2.61,
            "eps_4q_growth_year": null,
            "roe": 1.32,
            "roe_4q": 9.11,
            "gross_profit": 46972,
            "gross_margin": 30.86,
            "gross_margin_4q_avg": 32.71,
            "net_income": 11955,
            "revenue": 152234,
            "common_shares": 328416,
            "book_valuer_per_share": 27.81,
            "book_valuer_per_share_4q_avg": 28.48,
            "equity": 913346,
            "current_ratio": 205.6,
            "debt_ratio": 18.87,
            "inventory_turnover_ratio": 1,
            "account_receivable_turnover_ratio": 1,
            "reinvestment_rate": null,
            "research_to_sale_ratio": 8.35,
            "price_fair": 98.23,
            "eps_avg_yearly": 2.81,
            "eps_latest_yearly": 1.44,
            "eps_growth_yearly": 26.22
        },
        "20184": {
            "year_quarter": 20184,
            "year": 2018,
            "quarter": 4,
            "eps": 0.37,
            "eps_growth_year": -54.72,
            "eps_4q": 2.16,
            "eps_4q_growth_year": -17.67,
            "roe": 1.24,
            "roe_4q": 7.5,
            "gross_profit": 48841,
            "gross_margin": 26.51,
            "gross_margin_4q_avg": 31.02,
            "net_income": 11424,
            "revenue": 184212,
            "common_shares": 328416,
            "book_valuer_per_share": 28.18,
            "book_valuer_per_share_4q_avg": 28.27,
            "equity": 934258,
            "current_ratio": 223.1,
            "debt_ratio": 18.14,
            "inventory_turnover_ratio": 1.3,
            "account_receivable_turnover_ratio": 1.37,
            "reinvestment_rate": null,
            "research_to_sale_ratio": 7.2,
            "price_fair": 89.15,
            "eps_avg_yearly": 2.62,
            "eps_latest_yearly": 1.48,
            "eps_growth_yearly": 24.06
        },
        "20191": {
            "year_quarter": 20191,
            "year": 2019,
            "quarter": 1,
            "eps": 0.16,
            "eps_growth_year": -73.77,
            "eps_4q": 1.71,
            "eps_4q_growth_year": -39.98,
            "roe": 0.59,
            "roe_4q": 6.0200000000000005,
            "gross_profit": 36017,
            "gross_margin": 22.55,
            "gross_margin_4q_avg": 28.28,
            "net_income": 5555,
            "revenue": 159698,
            "common_shares": 328416,
            "book_valuer_per_share": 28.34,
            "book_valuer_per_share_4q_avg": 27.95,
            "equity": 940228,
            "current_ratio": 227.13,
            "debt_ratio": 18.64,
            "inventory_turnover_ratio": 1.24,
            "account_receivable_turnover_ratio": 1.19,
            "reinvestment_rate": null,
            "research_to_sale_ratio": 7.67,
            "price_fair": 7.11,
            "eps_avg_yearly": 2.37,
            "eps_latest_yearly": 0.64,
            "eps_growth_yearly": -7.32
        },
        "20192": {
            "year_quarter": 20192,
            "year": 2019,
            "quarter": 2,
            "eps": 0.34,
            "eps_growth_year": -58.54,
            "eps_4q": 1.23,
            "eps_4q_growth_year": -58.09,
            "roe": 1.25,
            "roe_4q": 4.4,
            "gross_profit": 49969,
            "gross_margin": 26.78,
            "gross_margin_4q_avg": 26.68,
            "net_income": 11400,
            "revenue": 186573,
            "common_shares": 328416,
            "book_valuer_per_share": 26.74,
            "book_valuer_per_share_4q_avg": 27.77,
            "equity": 888071,
            "current_ratio": 189.57,
            "debt_ratio": 22.52,
            "inventory_turnover_ratio": 1.24,
            "account_receivable_turnover_ratio": 1.43,
            "reinvestment_rate": null,
            "research_to_sale_ratio": 7.12,
            "price_fair": 79.02,
            "eps_avg_yearly": 2.26,
            "eps_latest_yearly": 1.36,
            "eps_growth_yearly": 43.49
        },
        "20193": {
            "year_quarter": 20193,
            "year": 2019,
            "quarter": 3,
            "eps": 0.5,
            "eps_growth_year": 38.89,
            "eps_4q": 1.37,
            "eps_4q_growth_year": -47.55,
            "roe": 1.84,
            "roe_4q": 4.92,
            "gross_profit": 54760,
            "gross_margin": 29.27,
            "gross_margin_4q_avg": 26.28,
            "net_income": 16511,
            "revenue": 187058,
            "common_shares": 328416,
            "book_valuer_per_share": 27.24,
            "book_valuer_per_share_4q_avg": 27.63,
            "equity": 904584,
            "current_ratio": 204.66,
            "debt_ratio": 21.51,
            "inventory_turnover_ratio": 1.13,
            "account_receivable_turnover_ratio": 1.29,
            "reinvestment_rate": null,
            "research_to_sale_ratio": 6.61,
            "price_fair": 78.12,
            "eps_avg_yearly": 2.23,
            "eps_latest_yearly": 2,
            "eps_growth_yearly": 57.97
        },
        "20194": {
            "year_quarter": 20194,
            "year": 2019,
            "quarter": 4,
            "eps": 0.18,
            "eps_growth_year": -50.06,
            "eps_4q": 1.18,
            "eps_4q_growth_year": -45.27,
            "roe": 0.69,
            "roe_4q": 4.37,
            "gross_profit": 46304,
            "gross_margin": 26.62,
            "gross_margin_4q_avg": 26.31,
            "net_income": 6225,
            "revenue": 173913,
            "common_shares": 328416,
            "book_valuer_per_share": 27.42,
            "book_valuer_per_share_4q_avg": 27.44,
            "equity": 910417,
            "current_ratio": 218.24,
            "debt_ratio": 20.31,
            "inventory_turnover_ratio": 1.18,
            "account_receivable_turnover_ratio": 1.21,
            "reinvestment_rate": null,
            "research_to_sale_ratio": 7.59,
            "price_fair": 73.31,
            "eps_avg_yearly": 2.09,
            "eps_latest_yearly": 0.72,
            "eps_growth_yearly": 29.42
        },
        "20201": {
            "year_quarter": 20201,
            "year": 2020,
            "quarter": 1,
            "eps": 0.32,
            "eps_growth_year": 100,
            "eps_4q": 1.34,
            "eps_4q_growth_year": -21.4,
            "roe": 1.18,
            "roe_4q": 4.96,
            "gross_profit": 44651,
            "gross_margin": 27,
            "gross_margin_4q_avg": 27.42,
            "net_income": 10792,
            "revenue": 165375,
            "common_shares": 328416,
            "book_valuer_per_share": 27.69,
            "book_valuer_per_share_4q_avg": 27.27,
            "equity": 918330,
            "current_ratio": 250.07,
            "debt_ratio": 17.61,
            "inventory_turnover_ratio": 1.17,
            "account_receivable_turnover_ratio": 1.25,
            "reinvestment_rate": null,
            "research_to_sale_ratio": 6.95,
            "price_fair": 70.93,
            "eps_avg_yearly": 2.03,
            "eps_latest_yearly": 1.28,
            "eps_growth_yearly": 52.9
        },
        "20202": {
            "year_quarter": 20202,
            "year": 2020,
            "quarter": 2,
            "eps": -0.26,
            "eps_growth_year": -176.47,
            "eps_4q": 0.74,
            "eps_4q_growth_year": -39.67,
            "roe": -0.93,
            "roe_4q": 2.78,
            "gross_profit": 11378,
            "gross_margin": 16.08,
            "gross_margin_4q_avg": 24.74,
            "net_income": -8382,
            "revenue": 70765,
            "common_shares": 328416,
            "book_valuer_per_share": 25.96,
            "book_valuer_per_share_4q_avg": 27.08,
            "equity": 875133,
            "current_ratio": 234.43,
            "debt_ratio": 18.14,
            "inventory_turnover_ratio": 0.53,
            "account_receivable_turnover_ratio": 0.64,
            "reinvestment_rate": null,
            "research_to_sale_ratio": 14.46,
            "price_fair": 70.93,
            "eps_avg_yearly": 2.03,
            "eps_latest_yearly": 1.28,
            "eps_growth_yearly": 52.9
        },
        "20203": {
            "year_quarter": 20203,
            "year": 2020,
            "quarter": 3,
            "eps": 0.26,
            "eps_growth_year": -48,
            "eps_4q": 0.5,
            "eps_4q_growth_year": -63.41,
            "roe": 0.85,
            "roe_4q": 1.7899999999999998,
            "gross_profit": 40992,
            "gross_margin": 27.37,
            "gross_margin_4q_avg": 24.27,
            "net_income": 7445,
            "revenue": 149793,
            "common_shares": 328416,
            "book_valuer_per_share": 26.08,
            "book_valuer_per_share_4q_avg": 26.79,
            "equity": 881586,
            "current_ratio": 256.21,
            "debt_ratio": 20.27,
            "inventory_turnover_ratio": 0.93,
            "account_receivable_turnover_ratio": 1.52,
            "reinvestment_rate": null,
            "research_to_sale_ratio": 8.94,
            "price_fair": 70.93,
            "eps_avg_yearly": 2.03,
            "eps_latest_yearly": 1.28,
            "eps_growth_yearly": 52.9
        },
        "20204": {
            "year_quarter": 20204,
            "year": 2020,
            "quarter": 4,
            "eps": 0.6,
            "eps_growth_year": 223.44,
            "eps_4q": 0.91,
            "eps_4q_growth_year": -22.82,
            "roe": 2.12,
            "roe_4q": 3.2199999999999998,
            "gross_profit": 56835,
            "gross_margin": 28.58,
            "gross_margin_4q_avg": 24.76,
            "net_income": 18878,
            "revenue": 198865,
            "common_shares": 328416,
            "book_valuer_per_share": 26.69,
            "book_valuer_per_share_4q_avg": 26.61,
            "equity": 900932,
            "current_ratio": 260.1,
            "debt_ratio": 19.43,
            "inventory_turnover_ratio": 1.33,
            "account_receivable_turnover_ratio": 1.63,
            "reinvestment_rate": -55.83,
            "research_to_sale_ratio": 7.47,
            "price_fair": 71.94,
            "eps_avg_yearly": 2.06,
            "eps_latest_yearly": 2.4,
            "eps_growth_yearly": 89.06
        },
        "20211": {
            "year_quarter": 20211,
            "year": 2021,
            "quarter": 1,
            "eps": 0.17,
            "eps_growth_year": -46.88,
            "eps_4q": 0.77,
            "eps_4q_growth_year": -42.89,
            "roe": 0.46,
            "roe_4q": 2.5,
            "gross_profit": 37301,
            "gross_margin": 26.34,
            "gross_margin_4q_avg": 24.59,
            "net_income": 4152,
            "revenue": 141629,
            "common_shares": 328416,
            "book_valuer_per_share": 26.25,
            "book_valuer_per_share_4q_avg": 26.25,
            "equity": 884846,
            "current_ratio": 250.43,
            "debt_ratio": 19.56,
            "inventory_turnover_ratio": 0.99,
            "account_receivable_turnover_ratio": 1.17,
            "reinvestment_rate": -59.43,
            "research_to_sale_ratio": 9.01,
            "price_fair": 68.5,
            "eps_avg_yearly": 1.96,
            "eps_latest_yearly": 0.68,
            "eps_growth_yearly": 62.23
        },
        "20212": {
            "year_quarter": 20212,
            "year": 2021,
            "quarter": 2,
            "eps": 0.17,
            "eps_growth_year": null,
            "eps_4q": 1.19,
            "eps_4q_growth_year": 59.93,
            "roe": 0.33,
            "roe_4q": 3.7600000000000002,
            "gross_profit": 36302,
            "gross_margin": 23.82,
            "gross_margin_4q_avg": 26.53,
            "net_income": 2906,
            "revenue": 152409,
            "common_shares": 328416,
            "book_valuer_per_share": 26.38,
            "book_valuer_per_share_4q_avg": 26.35,
            "equity": 893477,
            "current_ratio": 265.82,
            "debt_ratio": 17.75,
            "inventory_turnover_ratio": 1.04,
            "account_receivable_turnover_ratio": 1.45,
            "reinvestment_rate": -62.51,
            "research_to_sale_ratio": 8.7,
            "price_fair": 62,
            "eps_avg_yearly": 1.77,
            "eps_latest_yearly": 0.68,
            "eps_growth_yearly": 37.55
        },
        "20213": {
            "year_quarter": 20213,
            "year": 2021,
            "quarter": 3,
            "eps": 0.35,
            "eps_growth_year": 34.62,
            "eps_4q": 1.29,
            "eps_4q_growth_year": 157.18,
            "roe": 1.11,
            "roe_4q": 4.0200000000000005,
            "gross_profit": 44967,
            "gross_margin": 28.87,
            "gross_margin_4q_avg": 26.9,
            "net_income": 9942,
            "revenue": 155779,
            "common_shares": 328416,
            "book_valuer_per_share": 26.74,
            "book_valuer_per_share_4q_avg": 26.52,
            "equity": 903945,
            "current_ratio": 286.12,
            "debt_ratio": 16.16,
            "inventory_turnover_ratio": 0.96,
            "account_receivable_turnover_ratio": 1.46,
            "reinvestment_rate": -66.54,
            "research_to_sale_ratio": 9.03,
            "price_fair": 57.7,
            "eps_avg_yearly": 1.65,
            "eps_latest_yearly": 1.4,
            "eps_growth_yearly": 69.2
        },
        "20214": {
            "year_quarter": 20214,
            "year": 2021,
            "quarter": 4,
            "eps": 0.21,
            "eps_growth_year": -64.3,
            "eps_4q": 0.9,
            "eps_4q_growth_year": -1.05,
            "roe": 0.54,
            "roe_4q": 2.4400000000000004,
            "gross_profit": 40527,
            "gross_margin": 22.47,
            "gross_margin_4q_avg": 25.38,
            "net_income": 4872,
            "revenue": 180385,
            "common_shares": 328416,
            "book_valuer_per_share": 26.96,
            "book_valuer_per_share_4q_avg": 26.58,
            "equity": 908800,
            "current_ratio": 217.49,
            "debt_ratio": 22.26,
            "inventory_turnover_ratio": 1.16,
            "account_receivable_turnover_ratio": 1.42,
            "reinvestment_rate": -30.76,
            "research_to_sale_ratio": 8.29,
            "price_fair": 51.6,
            "eps_avg_yearly": 1.47,
            "eps_latest_yearly": 0.84,
            "eps_growth_yearly": 56.3
        },
        "20221": {
            "year_quarter": 20221,
            "year": 2022,
            "quarter": 1,
            "eps": 0.49,
            "eps_growth_year": 188.24,
            "eps_4q": 1.22,
            "eps_4q_growth_year": 59.18,
            "roe": 1.67,
            "roe_4q": 3.6500000000000004,
            "gross_profit": 42424,
            "gross_margin": 23.06,
            "gross_margin_4q_avg": 24.56,
            "net_income": 15176,
            "revenue": 183973,
            "common_shares": 328416,
            "book_valuer_per_share": 26.62,
            "book_valuer_per_share_4q_avg": 26.68,
            "equity": 903962,
            "current_ratio": 215.12,
            "debt_ratio": 23.04,
            "inventory_turnover_ratio": 1.06,
            "account_receivable_turnover_ratio": 1.35,
            "reinvestment_rate": -37.38,
            "research_to_sale_ratio": 7.68,
            "price_fair": 50.4,
            "eps_avg_yearly": 1.44,
            "eps_latest_yearly": 1.96,
            "eps_growth_yearly": 101.72
        },
        "20222": {
            "year_quarter": 20222,
            "year": 2022,
            "quarter": 2,
            "eps": 0.23,
            "eps_growth_year": 35.29,
            "eps_4q": 1.28,
            "eps_4q_growth_year": 8.01,
            "roe": 0.48,
            "roe_4q": 3.8,
            "gross_profit": 34667,
            "gross_margin": 22.62,
            "gross_margin_4q_avg": 24.26,
            "net_income": 4319,
            "revenue": 153231,
            "common_shares": 328416,
            "book_valuer_per_share": 26.85,
            "book_valuer_per_share_4q_avg": 26.79,
            "equity": 908279,
            "current_ratio": 230.52,
            "debt_ratio": 21.59,
            "inventory_turnover_ratio": 0.84,
            "account_receivable_turnover_ratio": 1.34,
            "reinvestment_rate": -45.1,
            "research_to_sale_ratio": 8.47,
            "price_fair": 44.5,
            "eps_avg_yearly": 1.27,
            "eps_latest_yearly": 0.92,
            "eps_growth_yearly": 76.72
        },
        "20223": {
            "year_quarter": 20223,
            "year": 2022,
            "quarter": 3,
            "eps": 0.61,
            "eps_growth_year": 74.29,
            "eps_4q": 1.54,
            "eps_4q_growth_year": 19.92,
            "roe": 1.94,
            "roe_4q": 4.63,
            "gross_profit": 49530,
            "gross_margin": 24.7,
            "gross_margin_4q_avg": 23.21,
            "net_income": 17813,
            "revenue": 200529,
            "common_shares": 328416,
            "book_valuer_per_share": 27.48,
            "book_valuer_per_share_4q_avg": 26.98,
            "equity": 927105,
            "current_ratio": 262.38,
            "debt_ratio": 19.35,
            "inventory_turnover_ratio": 1.12,
            "account_receivable_turnover_ratio": 1.62,
            "reinvestment_rate": -43.46,
            "research_to_sale_ratio": 7.02,
            "price_fair": 47,
            "eps_avg_yearly": 1.34,
            "eps_latest_yearly": 2.44,
            "eps_growth_yearly": 139.95
        },
        "20224": {
            "year_quarter": 20224,
            "year": 2022,
            "quarter": 4,
            "eps": 0.35,
            "eps_growth_year": 63.26,
            "eps_4q": 1.68,
            "eps_4q_growth_year": 85.8,
            "roe": 0.76,
            "roe_4q": 4.85,
            "gross_profit": 51480,
            "gross_margin": 27.56,
            "gross_margin_4q_avg": 24.49,
            "net_income": 7078,
            "revenue": 186779,
            "common_shares": 328416,
            "book_valuer_per_share": 27.82,
            "book_valuer_per_share_4q_avg": 27.19,
            "equity": 933347,
            "current_ratio": 258.43,
            "debt_ratio": 20.12,
            "inventory_turnover_ratio": 1.07,
            "account_receivable_turnover_ratio": 1.3,
            "reinvestment_rate": -45.91,
            "research_to_sale_ratio": 8.34,
            "price_fair": 46.8,
            "eps_avg_yearly": 1.34,
            "eps_latest_yearly": 1.4,
            "eps_growth_yearly": 126.98
        },
        "20231": {
            "year_quarter": 20231,
            "year": 2023,
            "quarter": 1,
            "eps": 0.54,
            "eps_growth_year": 10.2,
            "eps_4q": 1.73,
            "eps_4q_growth_year": 41.75,
            "roe": 1.42,
            "roe_4q": 4.6,
            "gross_profit": 47986,
            "gross_margin": 28.13,
            "gross_margin_4q_avg": 25.75,
            "net_income": 13047,
            "revenue": 170568,
            "common_shares": 328416,
            "book_valuer_per_share": 26.96,
            "book_valuer_per_share_4q_avg": 27.28,
            "equity": 900881,
            "current_ratio": 230.95,
            "debt_ratio": 22.55,
            "inventory_turnover_ratio": 1.07,
            "account_receivable_turnover_ratio": 1.39,
            "reinvestment_rate": -43.68,
            "research_to_sale_ratio": 8.07,
            "price_fair": 50.6,
            "eps_avg_yearly": 1.45,
            "eps_latest_yearly": 2.16,
            "eps_growth_yearly": 158.71
        }
    },
    "months": {
        "2010-01": {
            "month": "2010-01",
            "price": "47.48",
            "revenue": 27011
        },
        "2010-02": {
            "month": "2010-02",
            "price": "46.55",
            "revenue": 27064
        },
        "2010-03": {
            "month": "2010-03",
            "price": "47.19",
            "revenue": 33215
        },
        "2010-04": {
            "month": "2010-04",
            "price": "47.94",
            "revenue": 37043
        },
        "2010-05": {
            "month": "2010-05",
            "price": "51.56",
            "revenue": 35687
        },
        "2010-06": {
            "month": "2010-06",
            "price": "51.94",
            "revenue": 37530
        },
        "2010-07": {
            "month": "2010-07",
            "price": "57.09",
            "revenue": 39008
        },
        "2010-08": {
            "month": "2010-08",
            "price": "65.74",
            "revenue": 36260
        },
        "2010-09": {
            "month": "2010-09",
            "price": "66.16",
            "revenue": 36721
        },
        "2010-10": {
            "month": "2010-10",
            "price": "65.40",
            "revenue": 35577
        },
        "2010-11": {
            "month": "2010-11",
            "price": "59.63",
            "revenue": 31626
        },
        "2010-12": {
            "month": "2010-12",
            "price": "58.75",
            "revenue": 27172
        },
        "2011-01": {
            "month": "2011-01",
            "price": "59.32",
            "revenue": 30634
        },
        "2011-02": {
            "month": "2011-02",
            "price": "59.46",
            "revenue": 16402
        },
        "2011-03": {
            "month": "2011-03",
            "price": "58.25",
            "revenue": 38797
        },
        "2011-04": {
            "month": "2011-04",
            "price": "57.43",
            "revenue": 38708
        },
        "2011-05": {
            "month": "2011-05",
            "price": "59.56",
            "revenue": 32155
        },
        "2011-06": {
            "month": "2011-06",
            "price": "58.56",
            "revenue": 31120
        },
        "2011-07": {
            "month": "2011-07",
            "price": "53.70",
            "revenue": 40332
        },
        "2011-08": {
            "month": "2011-08",
            "price": "47.80",
            "revenue": 44467
        },
        "2011-09": {
            "month": "2011-09",
            "price": "42.48",
            "revenue": 42475
        },
        "2011-10": {
            "month": "2011-10",
            "price": "37.27",
            "revenue": 34900
        },
        "2011-11": {
            "month": "2011-11",
            "price": "34.66",
            "revenue": 31523
        },
        "2011-12": {
            "month": "2011-12",
            "price": "34.85",
            "revenue": 28602
        },
        "2012-01": {
            "month": "2012-01",
            "price": "36.54",
            "revenue": 30782
        },
        "2012-02": {
            "month": "2012-02",
            "price": "37.45",
            "revenue": 31325
        },
        "2012-03": {
            "month": "2012-03",
            "price": "38.18",
            "revenue": 45914
        },
        "2012-04": {
            "month": "2012-04",
            "price": "37.47",
            "revenue": 41785
        },
        "2012-05": {
            "month": "2012-05",
            "price": "38.16",
            "revenue": 54404
        },
        "2012-06": {
            "month": "2012-06",
            "price": "36.31",
            "revenue": 45172
        },
        "2012-07": {
            "month": "2012-07",
            "price": "35.64",
            "revenue": 47506
        },
        "2012-08": {
            "month": "2012-08",
            "price": "39.71",
            "revenue": 62617
        },
        "2012-09": {
            "month": "2012-09",
            "price": "43.18",
            "revenue": 48506
        },
        "2012-10": {
            "month": "2012-10",
            "price": "42.42",
            "revenue": 72777
        },
        "2012-11": {
            "month": "2012-11",
            "price": "45.85",
            "revenue": 67640
        },
        "2012-12": {
            "month": "2012-12",
            "price": "51.46",
            "revenue": 57099
        },
        "2013-01": {
            "month": "2013-01",
            "price": "55.82",
            "revenue": 38653
        },
        "2013-02": {
            "month": "2013-02",
            "price": "56.42",
            "revenue": 17108
        },
        "2013-03": {
            "month": "2013-03",
            "price": "61.07",
            "revenue": 49320
        },
        "2013-04": {
            "month": "2013-04",
            "price": "58.96",
            "revenue": 52173
        },
        "2013-05": {
            "month": "2013-05",
            "price": "58.23",
            "revenue": 64544
        },
        "2013-06": {
            "month": "2013-06",
            "price": "55.17",
            "revenue": 49861
        },
        "2013-07": {
            "month": "2013-07",
            "price": "55.10",
            "revenue": 46208
        },
        "2013-08": {
            "month": "2013-08",
            "price": "54.57",
            "revenue": 56914
        },
        "2013-09": {
            "month": "2013-09",
            "price": "50.57",
            "revenue": 57285
        },
        "2013-10": {
            "month": "2013-10",
            "price": "49.96",
            "revenue": 54345
        },
        "2013-11": {
            "month": "2013-11",
            "price": "48.29",
            "revenue": 61724
        },
        "2013-12": {
            "month": "2013-12",
            "price": "48.06",
            "revenue": 61544
        },
        "2014-01": {
            "month": "2014-01",
            "price": "54.58",
            "revenue": 52194
        },
        "2014-02": {
            "month": "2014-02",
            "price": "65.60",
            "revenue": 54264
        },
        "2014-03": {
            "month": "2014-03",
            "price": "79.10",
            "revenue": 62670
        },
        "2014-04": {
            "month": "2014-04",
            "price": "77.65",
            "revenue": 66332
        },
        "2014-05": {
            "month": "2014-05",
            "price": "103.77",
            "revenue": 68932
        },
        "2014-06": {
            "month": "2014-06",
            "price": "154.37",
            "revenue": 71346
        },
        "2014-07": {
            "month": "2014-07",
            "price": "174.16",
            "revenue": 74934
        },
        "2014-08": {
            "month": "2014-08",
            "price": "159.65",
            "revenue": 71679
        },
        "2014-09": {
            "month": "2014-09",
            "price": "131.32",
            "revenue": 64247
        },
        "2014-10": {
            "month": "2014-10",
            "price": "105.26",
            "revenue": 68424
        },
        "2014-11": {
            "month": "2014-11",
            "price": "93.35",
            "revenue": 64953
        },
        "2014-12": {
            "month": "2014-12",
            "price": "86.65",
            "revenue": 59341
        },
        "2015-01": {
            "month": "2015-01",
            "price": "99.57",
            "revenue": 41604
        },
        "2015-02": {
            "month": "2015-02",
            "price": "96.94",
            "revenue": 44861
        },
        "2015-03": {
            "month": "2015-03",
            "price": "89.80",
            "revenue": 69404
        },
        "2015-04": {
            "month": "2015-04",
            "price": "96.64",
            "revenue": 60033
        },
        "2015-05": {
            "month": "2015-05",
            "price": "99.50",
            "revenue": 66891
        },
        "2015-06": {
            "month": "2015-06",
            "price": "91.14",
            "revenue": 59400
        },
        "2015-07": {
            "month": "2015-07",
            "price": "79.20",
            "revenue": 70692
        },
        "2015-08": {
            "month": "2015-08",
            "price": "75.87",
            "revenue": 62917
        },
        "2015-09": {
            "month": "2015-09",
            "price": "66.95",
            "revenue": 65045
        },
        "2015-10": {
            "month": "2015-10",
            "price": "64.53",
            "revenue": 68324
        },
        "2015-11": {
            "month": "2015-11",
            "price": "62.76",
            "revenue": 75816
        },
        "2015-12": {
            "month": "2015-12",
            "price": "78.70",
            "revenue": 84675
        },
        "2016-01": {
            "month": "2016-01",
            "price": "81.06",
            "revenue": 43830
        },
        "2016-02": {
            "month": "2016-02",
            "price": "78.62",
            "revenue": 34687
        },
        "2016-03": {
            "month": "2016-03",
            "price": "76.62",
            "revenue": 70201
        },
        "2016-04": {
            "month": "2016-04",
            "price": "83.78",
            "revenue": 44106
        },
        "2016-05": {
            "month": "2016-05",
            "price": "81.57",
            "revenue": 77126
        },
        "2016-06": {
            "month": "2016-06",
            "price": "91.13",
            "revenue": 62736
        },
        "2016-07": {
            "month": "2016-07",
            "price": "96.30",
            "revenue": 77942
        },
        "2016-08": {
            "month": "2016-08",
            "price": "87.07",
            "revenue": 79149
        },
        "2016-09": {
            "month": "2016-09",
            "price": "84.10",
            "revenue": 75003
        },
        "2016-10": {
            "month": "2016-10",
            "price": "85.29",
            "revenue": 50074
        },
        "2016-11": {
            "month": "2016-11",
            "price": "81.84",
            "revenue": 72774
        },
        "2016-12": {
            "month": "2016-12",
            "price": "80.42",
            "revenue": 51916
        },
        "2017-01": {
            "month": "2017-01",
            "price": "77.42",
            "revenue": 56480
        },
        "2017-02": {
            "month": "2017-02",
            "price": "80.59",
            "revenue": 51758
        },
        "2017-03": {
            "month": "2017-03",
            "price": "92.07",
            "revenue": 59260
        },
        "2017-04": {
            "month": "2017-04",
            "price": "92.01",
            "revenue": 61990
        },
        "2017-05": {
            "month": "2017-05",
            "price": "89.49",
            "revenue": 62369
        },
        "2017-06": {
            "month": "2017-06",
            "price": "81.83",
            "revenue": 63662
        },
        "2017-07": {
            "month": "2017-07",
            "price": "77.85",
            "revenue": 65670
        },
        "2017-08": {
            "month": "2017-08",
            "price": "78.05",
            "revenue": 70699
        },
        "2017-09": {
            "month": "2017-09",
            "price": "76.57",
            "revenue": 48787
        },
        "2017-10": {
            "month": "2017-10",
            "price": "74.31",
            "revenue": 70370
        },
        "2017-11": {
            "month": "2017-11",
            "price": "74.40",
            "revenue": 70400
        },
        "2017-12": {
            "month": "2017-12",
            "price": "69.16",
            "revenue": 63541
        },
        "2018-01": {
            "month": "2018-01",
            "price": "67.05",
            "revenue": 47772
        },
        "2018-02": {
            "month": "2018-02",
            "price": "67.96",
            "revenue": 35782
        },
        "2018-03": {
            "month": "2018-03",
            "price": "65.58",
            "revenue": 87086
        },
        "2018-04": {
            "month": "2018-04",
            "price": "63.57",
            "revenue": 64048
        },
        "2018-05": {
            "month": "2018-05",
            "price": "62.90",
            "revenue": 72015
        },
        "2018-06": {
            "month": "2018-06",
            "price": "63.78",
            "revenue": 58665
        },
        "2018-07": {
            "month": "2018-07",
            "price": "58.79",
            "revenue": 60315
        },
        "2018-08": {
            "month": "2018-08",
            "price": "53.45",
            "revenue": 48453
        },
        "2018-09": {
            "month": "2018-09",
            "price": "48.71",
            "revenue": 43465
        },
        "2018-10": {
            "month": "2018-10",
            "price": "43.13",
            "revenue": 68942
        },
        "2018-11": {
            "month": "2018-11",
            "price": "35.03",
            "revenue": 62016
        },
        "2018-12": {
            "month": "2018-12",
            "price": "34.64",
            "revenue": 53254
        },
        "2019-01": {
            "month": "2019-01",
            "price": "33.32",
            "revenue": 54379
        },
        "2019-02": {
            "month": "2019-02",
            "price": "36.31",
            "revenue": 39965
        },
        "2019-03": {
            "month": "2019-03",
            "price": "43.95",
            "revenue": 65355
        },
        "2019-04": {
            "month": "2019-04",
            "price": "41.09",
            "revenue": 56311
        },
        "2019-05": {
            "month": "2019-05",
            "price": "35.62",
            "revenue": 68521
        },
        "2019-06": {
            "month": "2019-06",
            "price": "29.67",
            "revenue": 61741
        },
        "2019-07": {
            "month": "2019-07",
            "price": "31.38",
            "revenue": 67540
        },
        "2019-08": {
            "month": "2019-08",
            "price": "32.23",
            "revenue": 60944
        },
        "2019-09": {
            "month": "2019-09",
            "price": "30.82",
            "revenue": 58574
        },
        "2019-10": {
            "month": "2019-10",
            "price": "31.12",
            "revenue": 63960
        },
        "2019-11": {
            "month": "2019-11",
            "price": "30.49",
            "revenue": 57956
        },
        "2019-12": {
            "month": "2019-12",
            "price": "30.26",
            "revenue": 51998
        },
        "2020-01": {
            "month": "2020-01",
            "price": "29.88",
            "revenue": 47849
        },
        "2020-02": {
            "month": "2020-02",
            "price": "29.26",
            "revenue": 49087
        },
        "2020-03": {
            "month": "2020-03",
            "price": "24.82",
            "revenue": 68439
        },
        "2020-04": {
            "month": "2020-04",
            "price": "24.31",
            "revenue": 30517
        },
        "2020-05": {
            "month": "2020-05",
            "price": "25.34",
            "revenue": 15503
        },
        "2020-06": {
            "month": "2020-06",
            "price": "25.43",
            "revenue": 24745
        },
        "2020-07": {
            "month": "2020-07",
            "price": "29.25",
            "revenue": 50655
        },
        "2020-08": {
            "month": "2020-08",
            "price": "32.37",
            "revenue": 50031
        },
        "2020-09": {
            "month": "2020-09",
            "price": "30.58",
            "revenue": 49107
        },
        "2020-10": {
            "month": "2020-10",
            "price": "28.76",
            "revenue": 63015
        },
        "2020-11": {
            "month": "2020-11",
            "price": "28.19",
            "revenue": 66186
        },
        "2020-12": {
            "month": "2020-12",
            "price": "27.44",
            "revenue": 69664
        },
        "2021-01": {
            "month": "2021-01",
            "price": "27.28",
            "revenue": 47948
        },
        "2021-02": {
            "month": "2021-02",
            "price": "26.97",
            "revenue": 44342
        },
        "2021-03": {
            "month": "2021-03",
            "price": "27.26",
            "revenue": 49339
        },
        "2021-04": {
            "month": "2021-04",
            "price": "27.24",
            "revenue": 54580
        },
        "2021-05": {
            "month": "2021-05",
            "price": "26.23",
            "revenue": 43368
        },
        "2021-06": {
            "month": "2021-06",
            "price": "25.09",
            "revenue": 54460
        },
        "2021-07": {
            "month": "2021-07",
            "price": "24.67",
            "revenue": 51289
        },
        "2021-08": {
            "month": "2021-08",
            "price": "24.04",
            "revenue": 46292
        },
        "2021-09": {
            "month": "2021-09",
            "price": "24.09",
            "revenue": 58198
        },
        "2021-10": {
            "month": "2021-10",
            "price": "25.25",
            "revenue": 53973
        },
        "2021-11": {
            "month": "2021-11",
            "price": "26.67",
            "revenue": 66662
        },
        "2021-12": {
            "month": "2021-12",
            "price": "26.79",
            "revenue": 59750
        },
        "2022-01": {
            "month": "2022-01",
            "price": "26.50",
            "revenue": 63361
        },
        "2022-02": {
            "month": "2022-02",
            "price": "26.50",
            "revenue": 58752
        },
        "2022-03": {
            "month": "2022-03",
            "price": "26.44",
            "revenue": 61860
        },
        "2022-04": {
            "month": "2022-04",
            "price": "25.64",
            "revenue": 57885
        },
        "2022-05": {
            "month": "2022-05",
            "price": "25.51",
            "revenue": 37370
        },
        "2022-06": {
            "month": "2022-06",
            "price": "24.85",
            "revenue": 57977
        },
        "2022-07": {
            "month": "2022-07",
            "price": "24.14",
            "revenue": 72407
        },
        "2022-08": {
            "month": "2022-08",
            "price": "25.60",
            "revenue": 62606
        },
        "2022-09": {
            "month": "2022-09",
            "price": "25.97",
            "revenue": 65516
        },
        "2022-10": {
            "month": "2022-10",
            "price": "25.01",
            "revenue": 66373
        },
        "2022-11": {
            "month": "2022-11",
            "price": "25.96",
            "revenue": 48990
        },
        "2022-12": {
            "month": "2022-12",
            "price": "25.62",
            "revenue": 71416
        },
        "2023-01": {
            "month": "2023-01",
            "price": "26.00",
            "revenue": 56538
        },
        "2023-02": {
            "month": "2023-02",
            "price": "26.13",
            "revenue": 59549
        },
        "2023-03": {
            "month": "2023-03",
            "price": "27.15",
            "revenue": 54481
        },
        "2023-04": {
            "month": "2023-04",
            "price": "31.08",
            "revenue": 41933
        },
        "2023-05": {
            "month": "2023-05",
            "price": "34.67",
            "revenue": 52200
        }
    }
}
