{
    "summary": {
        "stock_name": "合一",
        "stock_id": "4743",
        "category": "生技醫療",
        "main_business": "新藥開發",
        "website_url": "http://www.onenessbio.com",
        "ceo": "鄭志慧",
        "pe_ratio": -297,
        "report_year_from": 2008,
        "report_year_to": 2023,
        "age": 15,
        "eps_negative_percentage": 67,
        "eps_growth_avg": {
            "last_all": -85.07,
            "last_2y": null,
            "last_4y": null,
            "last_8y": -70.14,
            "last_12y": -85.07,
            "last_16y": null,
            "last_20y": null,
            "at_2006_last_3y": null,
            "at_2007_last_3y": null,
            "at_2008_last_3y": null,
            "at_2009_last_3y": null,
            "at_2010_last_3y": null,
            "at_2011_last_3y": null,
            "at_2012_last_3y": null,
            "at_2013_last_3y": -100,
            "at_2014_last_3y": -70.14,
            "at_2015_last_3y": -80.09,
            "at_2016_last_3y": -70.14,
            "at_2017_last_3y": -70.14,
            "at_2018_last_3y": -100,
            "at_2019_last_3y": null,
            "at_2020_last_3y": null,
            "at_2021_last_3y": null,
            "at_2022_last_3y": null,
            "at_2023_last_3y": null,
            "at_2006_last_all": null,
            "at_2007_last_all": null,
            "at_2008_last_all": null,
            "at_2009_last_all": null,
            "at_2010_last_all": null,
            "at_2011_last_all": -100,
            "at_2012_last_all": -100,
            "at_2013_last_all": -100,
            "at_2014_last_all": -80.09,
            "at_2015_last_all": -85.07,
            "at_2016_last_all": -85.07,
            "at_2017_last_all": -85.07,
            "at_2018_last_all": -85.07,
            "at_2019_last_all": -85.07,
            "at_2020_last_all": -85.07,
            "at_2021_last_all": -85.07,
            "at_2022_last_all": -85.07,
            "at_2023_last_all": -85.07
        },
        "latest_eps": -0.75,
        "latest_price": 223,
        "latest_roe": -2.1,
        "latest_gross_margin": 47.91,
        "latest_equity": 14974945,
        "latest_revenue": 22187,
        "latest_gross_profit": 10629,
        "latest_net_income": -269382,
        "latest_debt_ratio": 4.39,
        "latest_current_ratio": 4203.45,
        "latest_account_receivable_turnover_ratio": 1.45,
        "latest_inventory_turnover_ratio": 0.1,
        "latest_reinvestment_rate": null,
        "latest_research_to_sale_ratio": 959.49
    },
    "eps_dividends": {
        "2001": {
            "cash": 0,
            "stock": 0,
            "eps": 0
        },
        "2002": {
            "cash": 0,
            "stock": 0,
            "eps": 0
        },
        "2003": {
            "cash": 0,
            "stock": 0,
            "eps": 0
        },
        "2004": {
            "cash": 0,
            "stock": 0,
            "eps": 0
        },
        "2005": {
            "cash": 0,
            "stock": 0,
            "eps": 0
        },
        "2006": {
            "cash": 0,
            "stock": 0,
            "eps": 0
        },
        "2007": {
            "cash": 0,
            "stock": 0,
            "eps": 0
        },
        "2008": {
            "cash": 0,
            "stock": 0,
            "eps": 0
        },
        "2009": {
            "cash": 0.2,
            "stock": 0,
            "eps": 0.06
        },
        "2010": {
            "cash": 0.12,
            "stock": 0,
            "eps": -0.07
        },
        "2011": {
            "cash": 0,
            "stock": 0.5,
            "eps": 0.12
        },
        "2012": {
            "cash": 0.1,
            "stock": 1,
            "eps": -0.18
        },
        "2013": {
            "cash": 0,
            "stock": 0,
            "eps": 2.16
        },
        "2014": {
            "cash": 0.2,
            "stock": 1.8,
            "eps": 1.29
        },
        "2015": {
            "cash": 0.1,
            "stock": 0.9,
            "eps": -0.53
        },
        "2016": {
            "cash": 0,
            "stock": 0,
            "eps": -0.08
        },
        "2017": {
            "cash": 0,
            "stock": 0,
            "eps": -0.8
        },
        "2018": {
            "cash": 0,
            "stock": 0,
            "eps": -1.2
        },
        "2019": {
            "cash": 0,
            "stock": 0,
            "eps": -1.18
        },
        "2020": {
            "cash": 0,
            "stock": 0,
            "eps": -0.61
        },
        "2021": {
            "cash": 0,
            "stock": 0,
            "eps": -1.06
        },
        "2022": {
            "cash": 0,
            "stock": 0,
            "eps": 0.94
        },
        "2023": {
            "cash": 0.1,
            "stock": 1.4,
            "eps": -0.68
        }
    },
    "dividends": {
        "2009-02-19": {
            "cash": 0.2,
            "stock": 0
        },
        "2010-01-29": {
            "cash": 0.12,
            "stock": 0
        },
        "2011-02-14": {
            "cash": 0,
            "stock": 0.5
        },
        "2012-06-27": {
            "cash": 0.1,
            "stock": 1
        },
        "2014-10-02": {
            "cash": 0.2,
            "stock": 1.8
        },
        "2015-09-29": {
            "cash": 0.1,
            "stock": 0.9
        },
        "2023-02-24": {
            "cash": 0.1,
            "stock": 1.4
        }
    },
    "prices": {
        "200101": "無",
        "200102": "無",
        "200103": "無",
        "200104": "無",
        "200105": "無",
        "200106": "無",
        "200107": "無",
        "200108": "無",
        "200109": "無",
        "200110": "無",
        "200111": "無",
        "200112": "無",
        "200201": "無",
        "200202": "無",
        "200203": "無",
        "200204": "無",
        "200205": "無",
        "200206": "無",
        "200207": "無",
        "200208": "無",
        "200209": "無",
        "200210": "無",
        "200211": "無",
        "200212": "無",
        "200301": "無",
        "200302": "無",
        "200303": "無",
        "200304": "無",
        "200305": "無",
        "200306": "無",
        "200307": "無",
        "200308": "無",
        "200309": "無",
        "200310": "無",
        "200311": "無",
        "200312": "無",
        "200401": "無",
        "200402": "無",
        "200403": "無",
        "200404": "無",
        "200405": "無",
        "200406": "無",
        "200407": "無",
        "200408": "無",
        "200409": "無",
        "200410": "無",
        "200411": "無",
        "200412": "無",
        "200501": "無",
        "200502": "無",
        "200503": "無",
        "200504": "無",
        "200505": "無",
        "200506": "無",
        "200507": "無",
        "200508": "無",
        "200509": "無",
        "200510": "無",
        "200511": "無",
        "200512": "無",
        "200601": "無",
        "200602": "無",
        "200603": "無",
        "200604": "無",
        "200605": "無",
        "200606": "無",
        "200607": "無",
        "200608": "無",
        "200609": "無",
        "200610": "無",
        "200611": "無",
        "200612": "無",
        "200701": "無",
        "200702": "無",
        "200703": "無",
        "200704": "無",
        "200705": "無",
        "200706": "無",
        "200707": "無",
        "200708": "無",
        "200709": "無",
        "200710": "無",
        "200711": "無",
        "200712": "無",
        "200801": "無",
        "200802": "無",
        "200803": "無",
        "200804": "無",
        "200805": "無",
        "200806": "無",
        "200807": "無",
        "200808": "無",
        "200809": "無",
        "200810": "無",
        "200811": "無",
        "200812": "無",
        "200901": "無",
        "200902": "無",
        "200903": "無",
        "200904": "無",
        "200905": "無",
        "200906": "22.20",
        "200907": "23.70",
        "200908": "23.31",
        "200909": "23.26",
        "200910": "22.95",
        "200911": "23.43",
        "200912": "25.40",
        "201001": "24.16",
        "201002": "20.07",
        "201003": "20.36",
        "201004": "26.10",
        "201005": "25.23",
        "201006": "27.20",
        "201007": "29.24",
        "201008": "27.46",
        "201009": "24.31",
        "201010": "24.40",
        "201011": "24.23",
        "201012": "25.77",
        "201101": "25.91",
        "201102": "24.86",
        "201103": "22.12",
        "201104": "19.62",
        "201105": "18.74",
        "201106": "19.87",
        "201107": "19.82",
        "201108": "20.66",
        "201109": "20.41",
        "201110": "18.84",
        "201111": "18.85",
        "201112": "17.18",
        "201201": "19.38",
        "201202": "24.11",
        "201203": "24.06",
        "201204": "20.37",
        "201205": "20.09",
        "201206": "20.65",
        "201207": "21.08",
        "201208": "21.71",
        "201209": "21.80",
        "201210": "23.81",
        "201211": "22.76",
        "201212": "36.31",
        "201301": "44.58",
        "201302": "53.06",
        "201303": "63.33",
        "201304": "60.86",
        "201305": "59.15",
        "201306": "54.12",
        "201307": "44.47",
        "201308": "44.25",
        "201309": "49.82",
        "201310": "50.23",
        "201311": "49.16",
        "201312": "46.84",
        "201401": "41.77",
        "201402": "45.91",
        "201403": "48.56",
        "201404": "51.59",
        "201405": "65.59",
        "201406": "77.68",
        "201407": "77.48",
        "201408": "63.85",
        "201409": "63.93",
        "201410": "54.52",
        "201411": "48.40",
        "201412": "54.84",
        "201501": "53.26",
        "201502": "53.94",
        "201503": "54.48",
        "201504": "48.23",
        "201505": "45.54",
        "201506": "41.32",
        "201507": "42.65",
        "201508": "32.33",
        "201509": "33.49",
        "201510": "35.75",
        "201511": "37.22",
        "201512": "39.56",
        "201601": "34.68",
        "201602": "33.96",
        "201603": "34.10",
        "201604": "32.42",
        "201605": "28.50",
        "201606": "29.74",
        "201607": "36.04",
        "201608": "37.47",
        "201609": "38.06",
        "201610": "34.80",
        "201611": "33.45",
        "201612": "34.20",
        "201701": "32.98",
        "201702": "32.94",
        "201703": "32.05",
        "201704": "28.93",
        "201705": "27.08",
        "201706": "27.07",
        "201707": "26.96",
        "201708": "25.35",
        "201709": "25.29",
        "201710": "23.64",
        "201711": "22.63",
        "201712": "20.47",
        "201801": "21.54",
        "201802": "20.51",
        "201803": "26.14",
        "201804": "30.55",
        "201805": "37.68",
        "201806": "33.30",
        "201807": "29.76",
        "201808": "26.96",
        "201809": "27.66",
        "201810": "28.13",
        "201811": "27.56",
        "201812": "26.79",
        "201901": "27.30",
        "201902": "30.60",
        "201903": "30.43",
        "201904": "29.53",
        "201905": "27.48",
        "201906": "27.92",
        "201907": "28.75",
        "201908": "29.50",
        "201909": "29.48",
        "201910": "27.74",
        "201911": "27.81",
        "201912": "29.50",
        "202001": "29.45",
        "202002": "29.15",
        "202003": "26.44",
        "202004": "40.17",
        "202005": "99.80",
        "202006": "199.32",
        "202007": "276.35",
        "202008": "278.36",
        "202009": "326.48",
        "202010": "334.89",
        "202011": "280.33",
        "202012": "242.33",
        "202101": "208.10",
        "202102": "229.58",
        "202103": "256.93",
        "202104": "240.95",
        "202105": "213.31",
        "202106": "214.02",
        "202107": "203.25",
        "202108": "191.09",
        "202109": "189.08",
        "202110": "217.32",
        "202111": "270.66",
        "202112": "290.57",
        "202201": "254.11",
        "202202": "251.63",
        "202203": "224.37",
        "202204": "201.95",
        "202205": "186.10",
        "202206": "186.14",
        "202207": "174.90",
        "202208": "202.93",
        "202209": "268.02",
        "202210": "233.95",
        "202211": "261.68",
        "202212": "260.48",
        "202301": "242.27",
        "202302": "272.81",
        "202303": "262.37",
        "202304": "263.03",
        "202305": "232.24"
    },
    "quarters": {
        "20011": {
            "year_quarter": 20011,
            "year": 2001,
            "quarter": 1,
            "eps": null,
            "eps_growth_year": null,
            "eps_4q": null,
            "eps_4q_growth_year": null,
            "roe": null,
            "roe_4q": 0,
            "gross_profit": null,
            "gross_margin": null,
            "gross_margin_4q_avg": 0,
            "net_income": null,
            "revenue": null,
            "common_shares": null,
            "book_valuer_per_share": null,
            "book_valuer_per_share_4q_avg": 0,
            "equity": null,
            "current_ratio": null,
            "debt_ratio": null,
            "inventory_turnover_ratio": null,
            "account_receivable_turnover_ratio": null,
            "reinvestment_rate": null,
            "research_to_sale_ratio": null,
            "price_fair": 0,
            "eps_avg_yearly": 0,
            "eps_latest_yearly": 0,
            "eps_growth_yearly": 0
        },
        "20012": {
            "year_quarter": 20012,
            "year": 2001,
            "quarter": 2,
            "eps": null,
            "eps_growth_year": null,
            "eps_4q": null,
            "eps_4q_growth_year": null,
            "roe": null,
            "roe_4q": 0,
            "gross_profit": null,
            "gross_margin": null,
            "gross_margin_4q_avg": 0,
            "net_income": null,
            "revenue": null,
            "common_shares": null,
            "book_valuer_per_share": null,
            "book_valuer_per_share_4q_avg": 0,
            "equity": null,
            "current_ratio": null,
            "debt_ratio": null,
            "inventory_turnover_ratio": null,
            "account_receivable_turnover_ratio": null,
            "reinvestment_rate": null,
            "research_to_sale_ratio": null,
            "price_fair": 0,
            "eps_avg_yearly": 0,
            "eps_latest_yearly": 0,
            "eps_growth_yearly": 0
        },
        "20013": {
            "year_quarter": 20013,
            "year": 2001,
            "quarter": 3,
            "eps": null,
            "eps_growth_year": null,
            "eps_4q": null,
            "eps_4q_growth_year": null,
            "roe": null,
            "roe_4q": 0,
            "gross_profit": null,
            "gross_margin": null,
            "gross_margin_4q_avg": 0,
            "net_income": null,
            "revenue": null,
            "common_shares": null,
            "book_valuer_per_share": null,
            "book_valuer_per_share_4q_avg": 0,
            "equity": null,
            "current_ratio": null,
            "debt_ratio": null,
            "inventory_turnover_ratio": null,
            "account_receivable_turnover_ratio": null,
            "reinvestment_rate": null,
            "research_to_sale_ratio": null,
            "price_fair": 0,
            "eps_avg_yearly": 0,
            "eps_latest_yearly": 0,
            "eps_growth_yearly": 0
        },
        "20014": {
            "year_quarter": 20014,
            "year": 2001,
            "quarter": 4,
            "eps": null,
            "eps_growth_year": null,
            "eps_4q": null,
            "eps_4q_growth_year": null,
            "roe": null,
            "roe_4q": 0,
            "gross_profit": null,
            "gross_margin": null,
            "gross_margin_4q_avg": 0,
            "net_income": null,
            "revenue": null,
            "common_shares": null,
            "book_valuer_per_share": null,
            "book_valuer_per_share_4q_avg": 0,
            "equity": null,
            "current_ratio": null,
            "debt_ratio": null,
            "inventory_turnover_ratio": null,
            "account_receivable_turnover_ratio": null,
            "reinvestment_rate": null,
            "research_to_sale_ratio": null,
            "price_fair": 0,
            "eps_avg_yearly": 0,
            "eps_latest_yearly": 0,
            "eps_growth_yearly": 0
        },
        "20021": {
            "year_quarter": 20021,
            "year": 2002,
            "quarter": 1,
            "eps": null,
            "eps_growth_year": null,
            "eps_4q": null,
            "eps_4q_growth_year": null,
            "roe": null,
            "roe_4q": 0,
            "gross_profit": null,
            "gross_margin": null,
            "gross_margin_4q_avg": 0,
            "net_income": null,
            "revenue": null,
            "common_shares": null,
            "book_valuer_per_share": null,
            "book_valuer_per_share_4q_avg": 0,
            "equity": null,
            "current_ratio": null,
            "debt_ratio": null,
            "inventory_turnover_ratio": null,
            "account_receivable_turnover_ratio": null,
            "reinvestment_rate": null,
            "research_to_sale_ratio": null,
            "price_fair": 0,
            "eps_avg_yearly": 0,
            "eps_latest_yearly": 0,
            "eps_growth_yearly": 0
        },
        "20022": {
            "year_quarter": 20022,
            "year": 2002,
            "quarter": 2,
            "eps": null,
            "eps_growth_year": null,
            "eps_4q": null,
            "eps_4q_growth_year": null,
            "roe": null,
            "roe_4q": 0,
            "gross_profit": null,
            "gross_margin": null,
            "gross_margin_4q_avg": 0,
            "net_income": null,
            "revenue": null,
            "common_shares": null,
            "book_valuer_per_share": null,
            "book_valuer_per_share_4q_avg": 0,
            "equity": null,
            "current_ratio": null,
            "debt_ratio": null,
            "inventory_turnover_ratio": null,
            "account_receivable_turnover_ratio": null,
            "reinvestment_rate": null,
            "research_to_sale_ratio": null,
            "price_fair": 0,
            "eps_avg_yearly": 0,
            "eps_latest_yearly": 0,
            "eps_growth_yearly": 0
        },
        "20023": {
            "year_quarter": 20023,
            "year": 2002,
            "quarter": 3,
            "eps": null,
            "eps_growth_year": null,
            "eps_4q": null,
            "eps_4q_growth_year": null,
            "roe": null,
            "roe_4q": 0,
            "gross_profit": null,
            "gross_margin": null,
            "gross_margin_4q_avg": 0,
            "net_income": null,
            "revenue": null,
            "common_shares": null,
            "book_valuer_per_share": null,
            "book_valuer_per_share_4q_avg": 0,
            "equity": null,
            "current_ratio": null,
            "debt_ratio": null,
            "inventory_turnover_ratio": null,
            "account_receivable_turnover_ratio": null,
            "reinvestment_rate": null,
            "research_to_sale_ratio": null,
            "price_fair": 0,
            "eps_avg_yearly": 0,
            "eps_latest_yearly": 0,
            "eps_growth_yearly": 0
        },
        "20024": {
            "year_quarter": 20024,
            "year": 2002,
            "quarter": 4,
            "eps": null,
            "eps_growth_year": null,
            "eps_4q": null,
            "eps_4q_growth_year": null,
            "roe": null,
            "roe_4q": 0,
            "gross_profit": null,
            "gross_margin": null,
            "gross_margin_4q_avg": 0,
            "net_income": null,
            "revenue": null,
            "common_shares": null,
            "book_valuer_per_share": null,
            "book_valuer_per_share_4q_avg": 0,
            "equity": null,
            "current_ratio": null,
            "debt_ratio": null,
            "inventory_turnover_ratio": null,
            "account_receivable_turnover_ratio": null,
            "reinvestment_rate": null,
            "research_to_sale_ratio": null,
            "price_fair": 0,
            "eps_avg_yearly": 0,
            "eps_latest_yearly": 0,
            "eps_growth_yearly": 0
        },
        "20031": {
            "year_quarter": 20031,
            "year": 2003,
            "quarter": 1,
            "eps": null,
            "eps_growth_year": null,
            "eps_4q": null,
            "eps_4q_growth_year": null,
            "roe": null,
            "roe_4q": 0,
            "gross_profit": null,
            "gross_margin": null,
            "gross_margin_4q_avg": 0,
            "net_income": null,
            "revenue": null,
            "common_shares": null,
            "book_valuer_per_share": null,
            "book_valuer_per_share_4q_avg": 0,
            "equity": null,
            "current_ratio": null,
            "debt_ratio": null,
            "inventory_turnover_ratio": null,
            "account_receivable_turnover_ratio": null,
            "reinvestment_rate": null,
            "research_to_sale_ratio": null,
            "price_fair": 0,
            "eps_avg_yearly": 0,
            "eps_latest_yearly": 0,
            "eps_growth_yearly": 0
        },
        "20032": {
            "year_quarter": 20032,
            "year": 2003,
            "quarter": 2,
            "eps": null,
            "eps_growth_year": null,
            "eps_4q": null,
            "eps_4q_growth_year": null,
            "roe": null,
            "roe_4q": 0,
            "gross_profit": null,
            "gross_margin": null,
            "gross_margin_4q_avg": 0,
            "net_income": null,
            "revenue": null,
            "common_shares": null,
            "book_valuer_per_share": null,
            "book_valuer_per_share_4q_avg": 0,
            "equity": null,
            "current_ratio": null,
            "debt_ratio": null,
            "inventory_turnover_ratio": null,
            "account_receivable_turnover_ratio": null,
            "reinvestment_rate": null,
            "research_to_sale_ratio": null,
            "price_fair": 0,
            "eps_avg_yearly": 0,
            "eps_latest_yearly": 0,
            "eps_growth_yearly": 0
        },
        "20033": {
            "year_quarter": 20033,
            "year": 2003,
            "quarter": 3,
            "eps": null,
            "eps_growth_year": null,
            "eps_4q": null,
            "eps_4q_growth_year": null,
            "roe": null,
            "roe_4q": 0,
            "gross_profit": null,
            "gross_margin": null,
            "gross_margin_4q_avg": 0,
            "net_income": null,
            "revenue": null,
            "common_shares": null,
            "book_valuer_per_share": null,
            "book_valuer_per_share_4q_avg": 0,
            "equity": null,
            "current_ratio": null,
            "debt_ratio": null,
            "inventory_turnover_ratio": null,
            "account_receivable_turnover_ratio": null,
            "reinvestment_rate": null,
            "research_to_sale_ratio": null,
            "price_fair": 0,
            "eps_avg_yearly": 0,
            "eps_latest_yearly": 0,
            "eps_growth_yearly": 0
        },
        "20034": {
            "year_quarter": 20034,
            "year": 2003,
            "quarter": 4,
            "eps": null,
            "eps_growth_year": null,
            "eps_4q": null,
            "eps_4q_growth_year": null,
            "roe": null,
            "roe_4q": 0,
            "gross_profit": null,
            "gross_margin": null,
            "gross_margin_4q_avg": 0,
            "net_income": null,
            "revenue": null,
            "common_shares": null,
            "book_valuer_per_share": null,
            "book_valuer_per_share_4q_avg": 0,
            "equity": null,
            "current_ratio": null,
            "debt_ratio": null,
            "inventory_turnover_ratio": null,
            "account_receivable_turnover_ratio": null,
            "reinvestment_rate": null,
            "research_to_sale_ratio": null,
            "price_fair": 0,
            "eps_avg_yearly": 0,
            "eps_latest_yearly": 0,
            "eps_growth_yearly": 0
        },
        "20041": {
            "year_quarter": 20041,
            "year": 2004,
            "quarter": 1,
            "eps": null,
            "eps_growth_year": null,
            "eps_4q": null,
            "eps_4q_growth_year": null,
            "roe": null,
            "roe_4q": 0,
            "gross_profit": null,
            "gross_margin": null,
            "gross_margin_4q_avg": 0,
            "net_income": null,
            "revenue": null,
            "common_shares": null,
            "book_valuer_per_share": null,
            "book_valuer_per_share_4q_avg": 0,
            "equity": null,
            "current_ratio": null,
            "debt_ratio": null,
            "inventory_turnover_ratio": null,
            "account_receivable_turnover_ratio": null,
            "reinvestment_rate": null,
            "research_to_sale_ratio": null,
            "price_fair": 0,
            "eps_avg_yearly": 0,
            "eps_latest_yearly": 0,
            "eps_growth_yearly": 0
        },
        "20042": {
            "year_quarter": 20042,
            "year": 2004,
            "quarter": 2,
            "eps": null,
            "eps_growth_year": null,
            "eps_4q": null,
            "eps_4q_growth_year": null,
            "roe": null,
            "roe_4q": 0,
            "gross_profit": null,
            "gross_margin": null,
            "gross_margin_4q_avg": 0,
            "net_income": null,
            "revenue": null,
            "common_shares": null,
            "book_valuer_per_share": null,
            "book_valuer_per_share_4q_avg": 0,
            "equity": null,
            "current_ratio": null,
            "debt_ratio": null,
            "inventory_turnover_ratio": null,
            "account_receivable_turnover_ratio": null,
            "reinvestment_rate": null,
            "research_to_sale_ratio": null,
            "price_fair": 0,
            "eps_avg_yearly": 0,
            "eps_latest_yearly": 0,
            "eps_growth_yearly": 0
        },
        "20043": {
            "year_quarter": 20043,
            "year": 2004,
            "quarter": 3,
            "eps": null,
            "eps_growth_year": null,
            "eps_4q": null,
            "eps_4q_growth_year": null,
            "roe": null,
            "roe_4q": 0,
            "gross_profit": null,
            "gross_margin": null,
            "gross_margin_4q_avg": 0,
            "net_income": null,
            "revenue": null,
            "common_shares": null,
            "book_valuer_per_share": null,
            "book_valuer_per_share_4q_avg": 0,
            "equity": null,
            "current_ratio": null,
            "debt_ratio": null,
            "inventory_turnover_ratio": null,
            "account_receivable_turnover_ratio": null,
            "reinvestment_rate": null,
            "research_to_sale_ratio": null,
            "price_fair": 0,
            "eps_avg_yearly": 0,
            "eps_latest_yearly": 0,
            "eps_growth_yearly": 0
        },
        "20044": {
            "year_quarter": 20044,
            "year": 2004,
            "quarter": 4,
            "eps": null,
            "eps_growth_year": null,
            "eps_4q": null,
            "eps_4q_growth_year": null,
            "roe": null,
            "roe_4q": 0,
            "gross_profit": null,
            "gross_margin": null,
            "gross_margin_4q_avg": 0,
            "net_income": null,
            "revenue": null,
            "common_shares": null,
            "book_valuer_per_share": null,
            "book_valuer_per_share_4q_avg": 0,
            "equity": null,
            "current_ratio": null,
            "debt_ratio": null,
            "inventory_turnover_ratio": null,
            "account_receivable_turnover_ratio": null,
            "reinvestment_rate": null,
            "research_to_sale_ratio": null,
            "price_fair": 0,
            "eps_avg_yearly": 0,
            "eps_latest_yearly": 0,
            "eps_growth_yearly": 0
        },
        "20051": {
            "year_quarter": 20051,
            "year": 2005,
            "quarter": 1,
            "eps": null,
            "eps_growth_year": null,
            "eps_4q": null,
            "eps_4q_growth_year": null,
            "roe": null,
            "roe_4q": 0,
            "gross_profit": null,
            "gross_margin": null,
            "gross_margin_4q_avg": 0,
            "net_income": null,
            "revenue": null,
            "common_shares": null,
            "book_valuer_per_share": null,
            "book_valuer_per_share_4q_avg": 0,
            "equity": null,
            "current_ratio": null,
            "debt_ratio": null,
            "inventory_turnover_ratio": null,
            "account_receivable_turnover_ratio": null,
            "reinvestment_rate": null,
            "research_to_sale_ratio": null,
            "price_fair": 0,
            "eps_avg_yearly": 0,
            "eps_latest_yearly": 0,
            "eps_growth_yearly": 0
        },
        "20052": {
            "year_quarter": 20052,
            "year": 2005,
            "quarter": 2,
            "eps": null,
            "eps_growth_year": null,
            "eps_4q": null,
            "eps_4q_growth_year": null,
            "roe": null,
            "roe_4q": 0,
            "gross_profit": null,
            "gross_margin": null,
            "gross_margin_4q_avg": 0,
            "net_income": null,
            "revenue": null,
            "common_shares": null,
            "book_valuer_per_share": null,
            "book_valuer_per_share_4q_avg": 0,
            "equity": null,
            "current_ratio": null,
            "debt_ratio": null,
            "inventory_turnover_ratio": null,
            "account_receivable_turnover_ratio": null,
            "reinvestment_rate": null,
            "research_to_sale_ratio": null,
            "price_fair": 0,
            "eps_avg_yearly": 0,
            "eps_latest_yearly": 0,
            "eps_growth_yearly": 0
        },
        "20053": {
            "year_quarter": 20053,
            "year": 2005,
            "quarter": 3,
            "eps": null,
            "eps_growth_year": null,
            "eps_4q": null,
            "eps_4q_growth_year": null,
            "roe": null,
            "roe_4q": 0,
            "gross_profit": null,
            "gross_margin": null,
            "gross_margin_4q_avg": 0,
            "net_income": null,
            "revenue": null,
            "common_shares": null,
            "book_valuer_per_share": null,
            "book_valuer_per_share_4q_avg": 0,
            "equity": null,
            "current_ratio": null,
            "debt_ratio": null,
            "inventory_turnover_ratio": null,
            "account_receivable_turnover_ratio": null,
            "reinvestment_rate": null,
            "research_to_sale_ratio": null,
            "price_fair": 0,
            "eps_avg_yearly": 0,
            "eps_latest_yearly": 0,
            "eps_growth_yearly": 0
        },
        "20054": {
            "year_quarter": 20054,
            "year": 2005,
            "quarter": 4,
            "eps": null,
            "eps_growth_year": null,
            "eps_4q": null,
            "eps_4q_growth_year": null,
            "roe": null,
            "roe_4q": 0,
            "gross_profit": null,
            "gross_margin": null,
            "gross_margin_4q_avg": 0,
            "net_income": null,
            "revenue": null,
            "common_shares": null,
            "book_valuer_per_share": null,
            "book_valuer_per_share_4q_avg": 0,
            "equity": null,
            "current_ratio": null,
            "debt_ratio": null,
            "inventory_turnover_ratio": null,
            "account_receivable_turnover_ratio": null,
            "reinvestment_rate": null,
            "research_to_sale_ratio": null,
            "price_fair": 0,
            "eps_avg_yearly": 0,
            "eps_latest_yearly": 0,
            "eps_growth_yearly": 0
        },
        "20061": {
            "year_quarter": 20061,
            "year": 2006,
            "quarter": 1,
            "eps": null,
            "eps_growth_year": null,
            "eps_4q": null,
            "eps_4q_growth_year": null,
            "roe": null,
            "roe_4q": 0,
            "gross_profit": null,
            "gross_margin": null,
            "gross_margin_4q_avg": 0,
            "net_income": null,
            "revenue": null,
            "common_shares": null,
            "book_valuer_per_share": null,
            "book_valuer_per_share_4q_avg": 0,
            "equity": null,
            "current_ratio": null,
            "debt_ratio": null,
            "inventory_turnover_ratio": null,
            "account_receivable_turnover_ratio": null,
            "reinvestment_rate": null,
            "research_to_sale_ratio": null,
            "price_fair": 0,
            "eps_avg_yearly": 0,
            "eps_latest_yearly": 0,
            "eps_growth_yearly": 0
        },
        "20062": {
            "year_quarter": 20062,
            "year": 2006,
            "quarter": 2,
            "eps": null,
            "eps_growth_year": null,
            "eps_4q": null,
            "eps_4q_growth_year": null,
            "roe": null,
            "roe_4q": 0,
            "gross_profit": null,
            "gross_margin": null,
            "gross_margin_4q_avg": 0,
            "net_income": null,
            "revenue": null,
            "common_shares": null,
            "book_valuer_per_share": null,
            "book_valuer_per_share_4q_avg": 0,
            "equity": null,
            "current_ratio": null,
            "debt_ratio": null,
            "inventory_turnover_ratio": null,
            "account_receivable_turnover_ratio": null,
            "reinvestment_rate": null,
            "research_to_sale_ratio": null,
            "price_fair": 0,
            "eps_avg_yearly": 0,
            "eps_latest_yearly": 0,
            "eps_growth_yearly": 0
        },
        "20063": {
            "year_quarter": 20063,
            "year": 2006,
            "quarter": 3,
            "eps": null,
            "eps_growth_year": null,
            "eps_4q": null,
            "eps_4q_growth_year": null,
            "roe": null,
            "roe_4q": 0,
            "gross_profit": null,
            "gross_margin": null,
            "gross_margin_4q_avg": 0,
            "net_income": null,
            "revenue": null,
            "common_shares": null,
            "book_valuer_per_share": null,
            "book_valuer_per_share_4q_avg": 0,
            "equity": null,
            "current_ratio": null,
            "debt_ratio": null,
            "inventory_turnover_ratio": null,
            "account_receivable_turnover_ratio": null,
            "reinvestment_rate": null,
            "research_to_sale_ratio": null,
            "price_fair": 0,
            "eps_avg_yearly": 0,
            "eps_latest_yearly": 0,
            "eps_growth_yearly": 0
        },
        "20064": {
            "year_quarter": 20064,
            "year": 2006,
            "quarter": 4,
            "eps": null,
            "eps_growth_year": null,
            "eps_4q": null,
            "eps_4q_growth_year": null,
            "roe": null,
            "roe_4q": 0,
            "gross_profit": null,
            "gross_margin": null,
            "gross_margin_4q_avg": 0,
            "net_income": null,
            "revenue": null,
            "common_shares": null,
            "book_valuer_per_share": null,
            "book_valuer_per_share_4q_avg": 0,
            "equity": null,
            "current_ratio": null,
            "debt_ratio": null,
            "inventory_turnover_ratio": null,
            "account_receivable_turnover_ratio": null,
            "reinvestment_rate": null,
            "research_to_sale_ratio": null,
            "price_fair": 0,
            "eps_avg_yearly": 0,
            "eps_latest_yearly": 0,
            "eps_growth_yearly": 0
        },
        "20071": {
            "year_quarter": 20071,
            "year": 2007,
            "quarter": 1,
            "eps": null,
            "eps_growth_year": null,
            "eps_4q": null,
            "eps_4q_growth_year": null,
            "roe": null,
            "roe_4q": 0,
            "gross_profit": null,
            "gross_margin": null,
            "gross_margin_4q_avg": 0,
            "net_income": null,
            "revenue": null,
            "common_shares": null,
            "book_valuer_per_share": null,
            "book_valuer_per_share_4q_avg": 0,
            "equity": null,
            "current_ratio": null,
            "debt_ratio": null,
            "inventory_turnover_ratio": null,
            "account_receivable_turnover_ratio": null,
            "reinvestment_rate": null,
            "research_to_sale_ratio": null,
            "price_fair": 0,
            "eps_avg_yearly": 0,
            "eps_latest_yearly": 0,
            "eps_growth_yearly": 0
        },
        "20072": {
            "year_quarter": 20072,
            "year": 2007,
            "quarter": 2,
            "eps": null,
            "eps_growth_year": null,
            "eps_4q": null,
            "eps_4q_growth_year": null,
            "roe": null,
            "roe_4q": 0,
            "gross_profit": null,
            "gross_margin": null,
            "gross_margin_4q_avg": 0,
            "net_income": null,
            "revenue": null,
            "common_shares": null,
            "book_valuer_per_share": null,
            "book_valuer_per_share_4q_avg": 0,
            "equity": null,
            "current_ratio": null,
            "debt_ratio": null,
            "inventory_turnover_ratio": null,
            "account_receivable_turnover_ratio": null,
            "reinvestment_rate": null,
            "research_to_sale_ratio": null,
            "price_fair": 0,
            "eps_avg_yearly": 0,
            "eps_latest_yearly": 0,
            "eps_growth_yearly": 0
        },
        "20073": {
            "year_quarter": 20073,
            "year": 2007,
            "quarter": 3,
            "eps": null,
            "eps_growth_year": null,
            "eps_4q": null,
            "eps_4q_growth_year": null,
            "roe": null,
            "roe_4q": 0,
            "gross_profit": null,
            "gross_margin": null,
            "gross_margin_4q_avg": 0,
            "net_income": null,
            "revenue": null,
            "common_shares": null,
            "book_valuer_per_share": null,
            "book_valuer_per_share_4q_avg": 0,
            "equity": null,
            "current_ratio": null,
            "debt_ratio": null,
            "inventory_turnover_ratio": null,
            "account_receivable_turnover_ratio": null,
            "reinvestment_rate": null,
            "research_to_sale_ratio": null,
            "price_fair": 0,
            "eps_avg_yearly": 0,
            "eps_latest_yearly": 0,
            "eps_growth_yearly": 0
        },
        "20074": {
            "year_quarter": 20074,
            "year": 2007,
            "quarter": 4,
            "eps": null,
            "eps_growth_year": null,
            "eps_4q": null,
            "eps_4q_growth_year": null,
            "roe": null,
            "roe_4q": 0,
            "gross_profit": null,
            "gross_margin": null,
            "gross_margin_4q_avg": 0,
            "net_income": null,
            "revenue": null,
            "common_shares": null,
            "book_valuer_per_share": null,
            "book_valuer_per_share_4q_avg": 0,
            "equity": null,
            "current_ratio": null,
            "debt_ratio": null,
            "inventory_turnover_ratio": null,
            "account_receivable_turnover_ratio": null,
            "reinvestment_rate": null,
            "research_to_sale_ratio": null,
            "price_fair": 0,
            "eps_avg_yearly": 0,
            "eps_latest_yearly": 0,
            "eps_growth_yearly": 0
        },
        "20081": {
            "year_quarter": 20081,
            "year": 2008,
            "quarter": 1,
            "eps": null,
            "eps_growth_year": null,
            "eps_4q": null,
            "eps_4q_growth_year": null,
            "roe": null,
            "roe_4q": 0,
            "gross_profit": null,
            "gross_margin": null,
            "gross_margin_4q_avg": 0,
            "net_income": null,
            "revenue": null,
            "common_shares": null,
            "book_valuer_per_share": null,
            "book_valuer_per_share_4q_avg": 0,
            "equity": null,
            "current_ratio": null,
            "debt_ratio": null,
            "inventory_turnover_ratio": null,
            "account_receivable_turnover_ratio": null,
            "reinvestment_rate": null,
            "research_to_sale_ratio": null,
            "price_fair": 0,
            "eps_avg_yearly": 0,
            "eps_latest_yearly": 0,
            "eps_growth_yearly": 0
        },
        "20082": {
            "year_quarter": 20082,
            "year": 2008,
            "quarter": 2,
            "eps": null,
            "eps_growth_year": null,
            "eps_4q": null,
            "eps_4q_growth_year": null,
            "roe": null,
            "roe_4q": 0,
            "gross_profit": null,
            "gross_margin": null,
            "gross_margin_4q_avg": 0,
            "net_income": null,
            "revenue": null,
            "common_shares": null,
            "book_valuer_per_share": null,
            "book_valuer_per_share_4q_avg": 0,
            "equity": null,
            "current_ratio": null,
            "debt_ratio": null,
            "inventory_turnover_ratio": null,
            "account_receivable_turnover_ratio": null,
            "reinvestment_rate": null,
            "research_to_sale_ratio": null,
            "price_fair": 0,
            "eps_avg_yearly": 0,
            "eps_latest_yearly": 0,
            "eps_growth_yearly": 0
        },
        "20083": {
            "year_quarter": 20083,
            "year": 2008,
            "quarter": 3,
            "eps": null,
            "eps_growth_year": null,
            "eps_4q": null,
            "eps_4q_growth_year": null,
            "roe": null,
            "roe_4q": 0,
            "gross_profit": null,
            "gross_margin": null,
            "gross_margin_4q_avg": 0,
            "net_income": null,
            "revenue": null,
            "common_shares": null,
            "book_valuer_per_share": null,
            "book_valuer_per_share_4q_avg": 0,
            "equity": null,
            "current_ratio": null,
            "debt_ratio": null,
            "inventory_turnover_ratio": null,
            "account_receivable_turnover_ratio": null,
            "reinvestment_rate": null,
            "research_to_sale_ratio": null,
            "price_fair": 0,
            "eps_avg_yearly": 0,
            "eps_latest_yearly": 0,
            "eps_growth_yearly": 0
        },
        "20084": {
            "year_quarter": 20084,
            "year": 2008,
            "quarter": 4,
            "eps": null,
            "eps_growth_year": null,
            "eps_4q": null,
            "eps_4q_growth_year": null,
            "roe": null,
            "roe_4q": 0,
            "gross_profit": null,
            "gross_margin": null,
            "gross_margin_4q_avg": 0,
            "net_income": null,
            "revenue": null,
            "common_shares": 551000,
            "book_valuer_per_share": 10.39,
            "book_valuer_per_share_4q_avg": 2.6,
            "equity": 572486,
            "current_ratio": 5226.37,
            "debt_ratio": 1.88,
            "inventory_turnover_ratio": null,
            "account_receivable_turnover_ratio": null,
            "reinvestment_rate": null,
            "research_to_sale_ratio": null,
            "price_fair": 0,
            "eps_avg_yearly": 0,
            "eps_latest_yearly": 0,
            "eps_growth_yearly": 0
        },
        "20091": {
            "year_quarter": 20091,
            "year": 2009,
            "quarter": 1,
            "eps": null,
            "eps_growth_year": null,
            "eps_4q": null,
            "eps_4q_growth_year": null,
            "roe": null,
            "roe_4q": 0,
            "gross_profit": null,
            "gross_margin": null,
            "gross_margin_4q_avg": 0,
            "net_income": null,
            "revenue": null,
            "common_shares": null,
            "book_valuer_per_share": null,
            "book_valuer_per_share_4q_avg": 2.6,
            "equity": null,
            "current_ratio": null,
            "debt_ratio": null,
            "inventory_turnover_ratio": null,
            "account_receivable_turnover_ratio": null,
            "reinvestment_rate": null,
            "research_to_sale_ratio": null,
            "price_fair": 0,
            "eps_avg_yearly": 0,
            "eps_latest_yearly": 0,
            "eps_growth_yearly": 0
        },
        "20092": {
            "year_quarter": 20092,
            "year": 2009,
            "quarter": 2,
            "eps": null,
            "eps_growth_year": null,
            "eps_4q": null,
            "eps_4q_growth_year": null,
            "roe": null,
            "roe_4q": 0,
            "gross_profit": null,
            "gross_margin": null,
            "gross_margin_4q_avg": 0,
            "net_income": null,
            "revenue": null,
            "common_shares": 551000,
            "book_valuer_per_share": null,
            "book_valuer_per_share_4q_avg": 2.6,
            "equity": 564636,
            "current_ratio": null,
            "debt_ratio": null,
            "inventory_turnover_ratio": null,
            "account_receivable_turnover_ratio": null,
            "reinvestment_rate": null,
            "research_to_sale_ratio": null,
            "price_fair": 0,
            "eps_avg_yearly": 0,
            "eps_latest_yearly": 0,
            "eps_growth_yearly": 0
        },
        "20093": {
            "year_quarter": 20093,
            "year": 2009,
            "quarter": 3,
            "eps": -0.07,
            "eps_growth_year": null,
            "eps_4q": null,
            "eps_4q_growth_year": null,
            "roe": -0.72,
            "roe_4q": -0.72,
            "gross_profit": 0,
            "gross_margin": null,
            "gross_margin_4q_avg": 0,
            "net_income": -4072,
            "revenue": 0,
            "common_shares": 551000,
            "book_valuer_per_share": 10.17,
            "book_valuer_per_share_4q_avg": 5.14,
            "equity": 560564,
            "current_ratio": 6245.17,
            "debt_ratio": 1.22,
            "inventory_turnover_ratio": null,
            "account_receivable_turnover_ratio": null,
            "reinvestment_rate": null,
            "research_to_sale_ratio": null,
            "price_fair": 0,
            "eps_avg_yearly": 0,
            "eps_latest_yearly": 0,
            "eps_growth_yearly": 0
        },
        "20094": {
            "year_quarter": 20094,
            "year": 2009,
            "quarter": 4,
            "eps": 0.13,
            "eps_growth_year": null,
            "eps_4q": null,
            "eps_4q_growth_year": null,
            "roe": 0.86,
            "roe_4q": 0.14,
            "gross_profit": 1196,
            "gross_margin": 73.33,
            "gross_margin_4q_avg": 18.33,
            "net_income": 7182,
            "revenue": 1631,
            "common_shares": 1000000,
            "book_valuer_per_share": 11.06,
            "book_valuer_per_share_4q_avg": 5.31,
            "equity": 1106470,
            "current_ratio": 12681.7,
            "debt_ratio": 0.61,
            "inventory_turnover_ratio": 0.82,
            "account_receivable_turnover_ratio": 1.97,
            "reinvestment_rate": null,
            "research_to_sale_ratio": null,
            "price_fair": 0,
            "eps_avg_yearly": 0,
            "eps_latest_yearly": 0,
            "eps_growth_yearly": 0
        },
        "20101": {
            "year_quarter": 20101,
            "year": 2010,
            "quarter": 1,
            "eps": null,
            "eps_growth_year": null,
            "eps_4q": null,
            "eps_4q_growth_year": null,
            "roe": null,
            "roe_4q": 0.14,
            "gross_profit": 49,
            "gross_margin": null,
            "gross_margin_4q_avg": 18.33,
            "net_income": 7705,
            "revenue": 67,
            "common_shares": 1000000,
            "book_valuer_per_share": 11.13,
            "book_valuer_per_share_4q_avg": 8.09,
            "equity": 1113497,
            "current_ratio": 8615.37,
            "debt_ratio": 0.89,
            "inventory_turnover_ratio": null,
            "account_receivable_turnover_ratio": null,
            "reinvestment_rate": null,
            "research_to_sale_ratio": null,
            "price_fair": 0,
            "eps_avg_yearly": 0,
            "eps_latest_yearly": 0,
            "eps_growth_yearly": 0
        },
        "20102": {
            "year_quarter": 20102,
            "year": 2010,
            "quarter": 2,
            "eps": -0.14,
            "eps_growth_year": null,
            "eps_4q": -0.11,
            "eps_4q_growth_year": null,
            "roe": -1.28,
            "roe_4q": -1.1400000000000001,
            "gross_profit": 3479,
            "gross_margin": 54.5,
            "gross_margin_4q_avg": 31.96,
            "net_income": -14081,
            "revenue": 6384,
            "common_shares": 1000000,
            "book_valuer_per_share": 10.9,
            "book_valuer_per_share_4q_avg": 10.82,
            "equity": 1089960,
            "current_ratio": 5031.64,
            "debt_ratio": 1.5,
            "inventory_turnover_ratio": 1.28,
            "account_receivable_turnover_ratio": 1.9,
            "reinvestment_rate": null,
            "research_to_sale_ratio": null,
            "price_fair": 0,
            "eps_avg_yearly": 0,
            "eps_latest_yearly": 0,
            "eps_growth_yearly": 0
        },
        "20103": {
            "year_quarter": 20103,
            "year": 2010,
            "quarter": 3,
            "eps": -0.07,
            "eps_growth_year": null,
            "eps_4q": -0.14,
            "eps_4q_growth_year": null,
            "roe": -0.61,
            "roe_4q": -1.0300000000000002,
            "gross_profit": 6743,
            "gross_margin": 34.85,
            "gross_margin_4q_avg": 40.67,
            "net_income": -6638,
            "revenue": 19350,
            "common_shares": 1000000,
            "book_valuer_per_share": 10.81,
            "book_valuer_per_share_4q_avg": 10.98,
            "equity": 1081327,
            "current_ratio": 4230.59,
            "debt_ratio": 1.78,
            "inventory_turnover_ratio": 4.76,
            "account_receivable_turnover_ratio": 1.28,
            "reinvestment_rate": null,
            "research_to_sale_ratio": 64.83,
            "price_fair": 0,
            "eps_avg_yearly": 0,
            "eps_latest_yearly": 0,
            "eps_growth_yearly": 0
        },
        "20104": {
            "year_quarter": 20104,
            "year": 2010,
            "quarter": 4,
            "eps": 0.14,
            "eps_growth_year": 7.44,
            "eps_4q": -0.07,
            "eps_4q_growth_year": null,
            "roe": 1.29,
            "roe_4q": -0.6,
            "gross_profit": 22070,
            "gross_margin": 66.29,
            "gross_margin_4q_avg": 38.91,
            "net_income": 13967,
            "revenue": 33292,
            "common_shares": 1000000,
            "book_valuer_per_share": 10.89,
            "book_valuer_per_share_4q_avg": 10.93,
            "equity": 1089080,
            "current_ratio": 4496.01,
            "debt_ratio": 1.68,
            "inventory_turnover_ratio": 4.28,
            "account_receivable_turnover_ratio": 1.73,
            "reinvestment_rate": null,
            "research_to_sale_ratio": 24.54,
            "price_fair": 0,
            "eps_avg_yearly": 0,
            "eps_latest_yearly": 0,
            "eps_growth_yearly": 0
        },
        "20111": {
            "year_quarter": 20111,
            "year": 2011,
            "quarter": 1,
            "eps": -0.17,
            "eps_growth_year": null,
            "eps_4q": -0.23,
            "eps_4q_growth_year": null,
            "roe": -1.55,
            "roe_4q": -2.15,
            "gross_profit": 2,
            "gross_margin": 100,
            "gross_margin_4q_avg": 63.91,
            "net_income": -16698,
            "revenue": 2,
            "common_shares": 1000000,
            "book_valuer_per_share": 10.72,
            "book_valuer_per_share_4q_avg": 10.83,
            "equity": 1071957,
            "current_ratio": 5394.63,
            "debt_ratio": 1.35,
            "inventory_turnover_ratio": 0,
            "account_receivable_turnover_ratio": 0,
            "reinvestment_rate": null,
            "research_to_sale_ratio": 519600,
            "price_fair": 0,
            "eps_avg_yearly": 0,
            "eps_latest_yearly": 0,
            "eps_growth_yearly": 0
        },
        "20112": {
            "year_quarter": 20112,
            "year": 2011,
            "quarter": 2,
            "eps": 0.26,
            "eps_growth_year": null,
            "eps_4q": 0.17,
            "eps_4q_growth_year": null,
            "roe": 2.51,
            "roe_4q": 1.6400000000000001,
            "gross_profit": 0,
            "gross_margin": null,
            "gross_margin_4q_avg": 50.29,
            "net_income": 27257,
            "revenue": 0,
            "common_shares": 1000000,
            "book_valuer_per_share": 10.99,
            "book_valuer_per_share_4q_avg": 10.85,
            "equity": 1098746,
            "current_ratio": 5480.19,
            "debt_ratio": 1.27,
            "inventory_turnover_ratio": 0,
            "account_receivable_turnover_ratio": 0,
            "reinvestment_rate": null,
            "research_to_sale_ratio": null,
            "price_fair": 0,
            "eps_avg_yearly": 0,
            "eps_latest_yearly": 0,
            "eps_growth_yearly": 0
        },
        "20113": {
            "year_quarter": 20113,
            "year": 2011,
            "quarter": 3,
            "eps": -0.04,
            "eps_growth_year": null,
            "eps_4q": 0.17,
            "eps_4q_growth_year": null,
            "roe": -0.37,
            "roe_4q": 1.8799999999999997,
            "gross_profit": 0,
            "gross_margin": null,
            "gross_margin_4q_avg": 41.57,
            "net_income": -4502,
            "revenue": 0,
            "common_shares": 1113500,
            "book_valuer_per_share": 11.84,
            "book_valuer_per_share_4q_avg": 11.11,
            "equity": 1318633,
            "current_ratio": 2548.95,
            "debt_ratio": 1.73,
            "inventory_turnover_ratio": 0,
            "account_receivable_turnover_ratio": null,
            "reinvestment_rate": null,
            "research_to_sale_ratio": null,
            "price_fair": 0,
            "eps_avg_yearly": 0,
            "eps_latest_yearly": 0,
            "eps_growth_yearly": 0
        },
        "20114": {
            "year_quarter": 20114,
            "year": 2011,
            "quarter": 4,
            "eps": 0.07,
            "eps_growth_year": -51.39,
            "eps_4q": 0.12,
            "eps_4q_growth_year": null,
            "roe": 0.59,
            "roe_4q": 1.1799999999999995,
            "gross_profit": 701,
            "gross_margin": 18.88,
            "gross_margin_4q_avg": 29.72,
            "net_income": 7899,
            "revenue": 3713,
            "common_shares": 1163500,
            "book_valuer_per_share": 11.75,
            "book_valuer_per_share_4q_avg": 11.33,
            "equity": 1367157,
            "current_ratio": 2714.67,
            "debt_ratio": 1.45,
            "inventory_turnover_ratio": 0.7,
            "account_receivable_turnover_ratio": 5.59,
            "reinvestment_rate": null,
            "research_to_sale_ratio": 566.12,
            "price_fair": 0,
            "eps_avg_yearly": 0,
            "eps_latest_yearly": 0,
            "eps_growth_yearly": 0
        },
        "20121": {
            "year_quarter": 20121,
            "year": 2012,
            "quarter": 1,
            "eps": 0.35,
            "eps_growth_year": null,
            "eps_4q": 0.61,
            "eps_4q_growth_year": null,
            "roe": 2.92,
            "roe_4q": 5.6499999999999995,
            "gross_profit": 2,
            "gross_margin": 100,
            "gross_margin_4q_avg": 29.72,
            "net_income": 40346,
            "revenue": 2,
            "common_shares": 1163500,
            "book_valuer_per_share": 12.03,
            "book_valuer_per_share_4q_avg": 11.65,
            "equity": 1399379,
            "current_ratio": 1616.35,
            "debt_ratio": 2.48,
            "inventory_turnover_ratio": 0,
            "account_receivable_turnover_ratio": 0,
            "reinvestment_rate": null,
            "research_to_sale_ratio": 657350,
            "price_fair": 49,
            "eps_avg_yearly": 1.4,
            "eps_latest_yearly": 1.4,
            "eps_growth_yearly": 1600
        },
        "20122": {
            "year_quarter": 20122,
            "year": 2012,
            "quarter": 2,
            "eps": -0.29,
            "eps_growth_year": -210.86,
            "eps_4q": 0.05,
            "eps_4q_growth_year": -68.3,
            "roe": -2.67,
            "roe_4q": 0.47,
            "gross_profit": 498,
            "gross_margin": 18.16,
            "gross_margin_4q_avg": 34.26,
            "net_income": -36831,
            "revenue": 2743,
            "common_shares": 1163500,
            "book_valuer_per_share": 11.67,
            "book_valuer_per_share_4q_avg": 11.82,
            "equity": 1358082,
            "current_ratio": 1610.46,
            "debt_ratio": 2.75,
            "inventory_turnover_ratio": 0.38,
            "account_receivable_turnover_ratio": 2.9,
            "reinvestment_rate": null,
            "research_to_sale_ratio": 370.54,
            "price_fair": 49,
            "eps_avg_yearly": 1.4,
            "eps_latest_yearly": 1.4,
            "eps_growth_yearly": 1600
        },
        "20123": {
            "year_quarter": 20123,
            "year": 2012,
            "quarter": 3,
            "eps": -0.32,
            "eps_growth_year": null,
            "eps_4q": -0.23,
            "eps_4q_growth_year": -233.07,
            "roe": -2.99,
            "roe_4q": -2.1500000000000004,
            "gross_profit": 821,
            "gross_margin": 29.84,
            "gross_margin_4q_avg": 41.72,
            "net_income": -40725,
            "revenue": 2751,
            "common_shares": 1279850,
            "book_valuer_per_share": 10.67,
            "book_valuer_per_share_4q_avg": 11.53,
            "equity": 1365480,
            "current_ratio": 2275.98,
            "debt_ratio": 2.02,
            "inventory_turnover_ratio": 0.34,
            "account_receivable_turnover_ratio": 1.16,
            "reinvestment_rate": null,
            "research_to_sale_ratio": 392.33,
            "price_fair": 49,
            "eps_avg_yearly": 1.4,
            "eps_latest_yearly": 1.4,
            "eps_growth_yearly": 1600
        },
        "20124": {
            "year_quarter": 20124,
            "year": 2012,
            "quarter": 4,
            "eps": 0.08,
            "eps_growth_year": 13.02,
            "eps_4q": -0.21,
            "eps_4q_growth_year": -278.42,
            "roe": 0.71,
            "roe_4q": -2.0300000000000002,
            "gross_profit": 1478,
            "gross_margin": 47.66,
            "gross_margin_4q_avg": 48.92,
            "net_income": 9820,
            "revenue": 3101,
            "common_shares": 1279850,
            "book_valuer_per_share": 10.98,
            "book_valuer_per_share_4q_avg": 11.34,
            "equity": 1404712,
            "current_ratio": 3586.34,
            "debt_ratio": 1.5,
            "inventory_turnover_ratio": 0.25,
            "account_receivable_turnover_ratio": 1.08,
            "reinvestment_rate": null,
            "research_to_sale_ratio": 482.17,
            "price_fair": 49,
            "eps_avg_yearly": 1.4,
            "eps_latest_yearly": 1.4,
            "eps_growth_yearly": 1600
        },
        "20131": {
            "year_quarter": 20131,
            "year": 2013,
            "quarter": 1,
            "eps": 0.16,
            "eps_growth_year": -54.29,
            "eps_4q": -0.37,
            "eps_4q_growth_year": -160.37,
            "roe": 1.17,
            "roe_4q": -3.7800000000000002,
            "gross_profit": 426,
            "gross_margin": 29.89,
            "gross_margin_4q_avg": 31.39,
            "net_income": 20590,
            "revenue": 1425,
            "common_shares": 1279850,
            "book_valuer_per_share": 16.49,
            "book_valuer_per_share_4q_avg": 12.45,
            "equity": 2110702,
            "current_ratio": 2735.49,
            "debt_ratio": 1.33,
            "inventory_turnover_ratio": 0.14,
            "account_receivable_turnover_ratio": 0.74,
            "reinvestment_rate": null,
            "research_to_sale_ratio": 963.23,
            "price_fair": 35.7,
            "eps_avg_yearly": 1.02,
            "eps_latest_yearly": 0.64,
            "eps_growth_yearly": 1000
        },
        "20132": {
            "year_quarter": 20132,
            "year": 2013,
            "quarter": 2,
            "eps": 0.95,
            "eps_growth_year": null,
            "eps_4q": 0.87,
            "eps_4q_growth_year": 1502.51,
            "roe": 5.9,
            "roe_4q": 4.79,
            "gross_profit": 972,
            "gross_margin": 52.09,
            "gross_margin_4q_avg": 39.87,
            "net_income": 121080,
            "revenue": 1866,
            "common_shares": 1279850,
            "book_valuer_per_share": 15.58,
            "book_valuer_per_share_4q_avg": 13.43,
            "equity": 1993801,
            "current_ratio": 2501.42,
            "debt_ratio": 5.18,
            "inventory_turnover_ratio": 0.13,
            "account_receivable_turnover_ratio": 1.96,
            "reinvestment_rate": 855.96,
            "research_to_sale_ratio": 804.39,
            "price_fair": 68.13,
            "eps_avg_yearly": 1.95,
            "eps_latest_yearly": 3.8,
            "eps_growth_yearly": 1325
        },
        "20133": {
            "year_quarter": 20133,
            "year": 2013,
            "quarter": 3,
            "eps": 1.39,
            "eps_growth_year": null,
            "eps_4q": 2.57,
            "eps_4q_growth_year": null,
            "roe": 8.76,
            "roe_4q": 16.54,
            "gross_profit": 296,
            "gross_margin": 39.31,
            "gross_margin_4q_avg": 42.24,
            "net_income": 177778,
            "revenue": 753,
            "common_shares": 1279850,
            "book_valuer_per_share": 16.12,
            "book_valuer_per_share_4q_avg": 14.79,
            "equity": 2063552,
            "current_ratio": 2008.88,
            "debt_ratio": 5.39,
            "inventory_turnover_ratio": 0.06,
            "account_receivable_turnover_ratio": 0.87,
            "reinvestment_rate": 299.4,
            "research_to_sale_ratio": 1963.88,
            "price_fair": 99.75,
            "eps_avg_yearly": 2.85,
            "eps_latest_yearly": 5.56,
            "eps_growth_yearly": 1040.07
        },
        "20134": {
            "year_quarter": 20134,
            "year": 2013,
            "quarter": 4,
            "eps": -0.34,
            "eps_growth_year": -537.1,
            "eps_4q": 2.14,
            "eps_4q_growth_year": null,
            "roe": -2.14,
            "roe_4q": 13.69,
            "gross_profit": 147,
            "gross_margin": 26.02,
            "gross_margin_4q_avg": 36.83,
            "net_income": -43195,
            "revenue": 565,
            "common_shares": 1287950,
            "book_valuer_per_share": 15.27,
            "book_valuer_per_share_4q_avg": 15.87,
            "equity": 1966118,
            "current_ratio": 1528.42,
            "debt_ratio": 5.92,
            "inventory_turnover_ratio": 0.03,
            "account_receivable_turnover_ratio": 1.43,
            "reinvestment_rate": 295.93,
            "research_to_sale_ratio": 5658.58,
            "price_fair": 99.75,
            "eps_avg_yearly": 2.85,
            "eps_latest_yearly": 5.56,
            "eps_growth_yearly": 1040.07
        },
        "20141": {
            "year_quarter": 20141,
            "year": 2014,
            "quarter": 1,
            "eps": -0.15,
            "eps_growth_year": -193.75,
            "eps_4q": 1.84,
            "eps_4q_growth_year": null,
            "roe": -0.97,
            "roe_4q": 11.55,
            "gross_profit": 334,
            "gross_margin": 41.49,
            "gross_margin_4q_avg": 39.73,
            "net_income": -19239,
            "revenue": 805,
            "common_shares": 1287950,
            "book_valuer_per_share": 15.55,
            "book_valuer_per_share_4q_avg": 15.63,
            "equity": 2002922,
            "current_ratio": 1628.71,
            "debt_ratio": 5.89,
            "inventory_turnover_ratio": 0.03,
            "account_receivable_turnover_ratio": 4.57,
            "reinvestment_rate": 406.05,
            "research_to_sale_ratio": 1366.21,
            "price_fair": 99.75,
            "eps_avg_yearly": 2.85,
            "eps_latest_yearly": 5.56,
            "eps_growth_yearly": 1040.07
        },
        "20142": {
            "year_quarter": 20142,
            "year": 2014,
            "quarter": 2,
            "eps": 0.01,
            "eps_growth_year": -98.95,
            "eps_4q": 0.76,
            "eps_4q_growth_year": -11.68,
            "roe": 0.04,
            "roe_4q": 5.6899999999999995,
            "gross_profit": 609,
            "gross_margin": 38.64,
            "gross_margin_4q_avg": 36.37,
            "net_income": 819,
            "revenue": 1576,
            "common_shares": 1287950,
            "book_valuer_per_share": 16.45,
            "book_valuer_per_share_4q_avg": 15.85,
            "equity": 2119100,
            "current_ratio": 2214.26,
            "debt_ratio": 5.59,
            "inventory_turnover_ratio": 0.06,
            "account_receivable_turnover_ratio": 2.06,
            "reinvestment_rate": 338.79,
            "research_to_sale_ratio": 185.72,
            "price_fair": 99.75,
            "eps_avg_yearly": 2.85,
            "eps_latest_yearly": 5.56,
            "eps_growth_yearly": 1040.07
        },
        "20143": {
            "year_quarter": 20143,
            "year": 2014,
            "quarter": 3,
            "eps": 1.18,
            "eps_growth_year": -15.11,
            "eps_4q": 0.78,
            "eps_4q_growth_year": -69.81,
            "roe": 8.76,
            "roe_4q": 5.6899999999999995,
            "gross_profit": 1174,
            "gross_margin": 52.74,
            "gross_margin_4q_avg": 39.72,
            "net_income": 179653,
            "revenue": 2226,
            "common_shares": 1519781,
            "book_valuer_per_share": 13.06,
            "book_valuer_per_share_4q_avg": 15.08,
            "equity": 1984244,
            "current_ratio": 1574.35,
            "debt_ratio": 4.87,
            "inventory_turnover_ratio": 0.06,
            "account_receivable_turnover_ratio": 2.34,
            "reinvestment_rate": 123.5,
            "research_to_sale_ratio": 816.17,
            "price_fair": 112.84,
            "eps_avg_yearly": 3.22,
            "eps_latest_yearly": 4.72,
            "eps_growth_yearly": 10192.05
        },
        "20144": {
            "year_quarter": 20144,
            "year": 2014,
            "quarter": 4,
            "eps": 0.25,
            "eps_growth_year": null,
            "eps_4q": 1.31,
            "eps_4q_growth_year": -38.99,
            "roe": 1.96,
            "roe_4q": 9.789999999999997,
            "gross_profit": 781,
            "gross_margin": 89.56,
            "gross_margin_4q_avg": 55.61,
            "net_income": 38493,
            "revenue": 872,
            "common_shares": 1526181,
            "book_valuer_per_share": 12.68,
            "book_valuer_per_share_4q_avg": 14.44,
            "equity": 1934527,
            "current_ratio": 1838.72,
            "debt_ratio": 3.96,
            "inventory_turnover_ratio": 0,
            "account_receivable_turnover_ratio": 1.06,
            "reinvestment_rate": 71.15,
            "research_to_sale_ratio": 3307.91,
            "price_fair": 99.87,
            "eps_avg_yearly": 2.85,
            "eps_latest_yearly": 1,
            "eps_growth_yearly": 8440.83
        },
        "20151": {
            "year_quarter": 20151,
            "year": 2015,
            "quarter": 1,
            "eps": -0.16,
            "eps_growth_year": null,
            "eps_4q": 0.8,
            "eps_4q_growth_year": -56.24,
            "roe": -1.02,
            "roe_4q": 9.739999999999998,
            "gross_profit": 266,
            "gross_margin": 51.45,
            "gross_margin_4q_avg": 58.1,
            "net_income": -23951,
            "revenue": 517,
            "common_shares": 1527681,
            "book_valuer_per_share": 15.66,
            "book_valuer_per_share_4q_avg": 14.46,
            "equity": 2743943,
            "current_ratio": 3877.99,
            "debt_ratio": 2.47,
            "inventory_turnover_ratio": 0.01,
            "account_receivable_turnover_ratio": 1.13,
            "reinvestment_rate": 63.87,
            "research_to_sale_ratio": 2017.02,
            "price_fair": 99.87,
            "eps_avg_yearly": 2.85,
            "eps_latest_yearly": 1,
            "eps_growth_yearly": 8440.83
        },
        "20152": {
            "year_quarter": 20152,
            "year": 2015,
            "quarter": 2,
            "eps": -0.13,
            "eps_growth_year": -1400,
            "eps_4q": 0.89,
            "eps_4q_growth_year": 15.87,
            "roe": -0.83,
            "roe_4q": 8.87,
            "gross_profit": 2042,
            "gross_margin": 46.27,
            "gross_margin_4q_avg": 60.01,
            "net_income": -22582,
            "revenue": 4413,
            "common_shares": 1777681,
            "book_valuer_per_share": 15.16,
            "book_valuer_per_share_4q_avg": 14.14,
            "equity": 2695614,
            "current_ratio": 4961.7,
            "debt_ratio": 2.2,
            "inventory_turnover_ratio": 0.11,
            "account_receivable_turnover_ratio": 3,
            "reinvestment_rate": 47.64,
            "research_to_sale_ratio": 300.43,
            "price_fair": 99.87,
            "eps_avg_yearly": 2.85,
            "eps_latest_yearly": 1,
            "eps_growth_yearly": 8440.83
        },
        "20153": {
            "year_quarter": 20153,
            "year": 2015,
            "quarter": 3,
            "eps": -0.1,
            "eps_growth_year": -108.47,
            "eps_4q": -0.14,
            "eps_4q_growth_year": -117.71,
            "roe": -0.68,
            "roe_4q": -0.5700000000000003,
            "gross_profit": 715,
            "gross_margin": 42.74,
            "gross_margin_4q_avg": 57.51,
            "net_income": -18606,
            "revenue": 1673,
            "common_shares": 1937672,
            "book_valuer_per_share": 14.16,
            "book_valuer_per_share_4q_avg": 14.42,
            "equity": 2743026,
            "current_ratio": 7350.57,
            "debt_ratio": 1.46,
            "inventory_turnover_ratio": 0.05,
            "account_receivable_turnover_ratio": 0.75,
            "reinvestment_rate": -52.61,
            "research_to_sale_ratio": 859.65,
            "price_fair": 99.87,
            "eps_avg_yearly": 2.85,
            "eps_latest_yearly": 1,
            "eps_growth_yearly": 8440.83
        },
        "20154": {
            "year_quarter": 20154,
            "year": 2015,
            "quarter": 4,
            "eps": -0.14,
            "eps_growth_year": -156.82,
            "eps_4q": -0.48,
            "eps_4q_growth_year": -136.54,
            "roe": -1.01,
            "roe_4q": -3.54,
            "gross_profit": -38,
            "gross_margin": -3.07,
            "gross_margin_4q_avg": 34.35,
            "net_income": -27878,
            "revenue": 1238,
            "common_shares": 1945422,
            "book_valuer_per_share": 14.22,
            "book_valuer_per_share_4q_avg": 14.8,
            "equity": 2765587,
            "current_ratio": 7285.29,
            "debt_ratio": 1.49,
            "inventory_turnover_ratio": 0.05,
            "account_receivable_turnover_ratio": 1.08,
            "reinvestment_rate": -40.34,
            "research_to_sale_ratio": 1253.96,
            "price_fair": 99.87,
            "eps_avg_yearly": 2.85,
            "eps_latest_yearly": 1,
            "eps_growth_yearly": 8440.83
        },
        "20161": {
            "year_quarter": 20161,
            "year": 2016,
            "quarter": 1,
            "eps": -0.18,
            "eps_growth_year": null,
            "eps_4q": -0.53,
            "eps_4q_growth_year": -166.14,
            "roe": -1.26,
            "roe_4q": -3.7800000000000002,
            "gross_profit": 694,
            "gross_margin": 50.69,
            "gross_margin_4q_avg": 34.16,
            "net_income": -34296,
            "revenue": 1369,
            "common_shares": 1945422,
            "book_valuer_per_share": 13.85,
            "book_valuer_per_share_4q_avg": 14.35,
            "equity": 2694499,
            "current_ratio": 8956.98,
            "debt_ratio": 1.19,
            "inventory_turnover_ratio": 0.02,
            "account_receivable_turnover_ratio": 1.4,
            "reinvestment_rate": -68.07,
            "research_to_sale_ratio": 705.99,
            "price_fair": 110.04,
            "eps_avg_yearly": 3.14,
            "eps_latest_yearly": 1,
            "eps_growth_yearly": 9809
        },
        "20162": {
            "year_quarter": 20162,
            "year": 2016,
            "quarter": 2,
            "eps": -0.13,
            "eps_growth_year": null,
            "eps_4q": -0.54,
            "eps_4q_growth_year": -161.39,
            "roe": -0.95,
            "roe_4q": -3.9,
            "gross_profit": 618,
            "gross_margin": 53,
            "gross_margin_4q_avg": 35.84,
            "net_income": -25234,
            "revenue": 1166,
            "common_shares": 1949922,
            "book_valuer_per_share": 13.39,
            "book_valuer_per_share_4q_avg": 13.91,
            "equity": 2611812,
            "current_ratio": 5888.32,
            "debt_ratio": 1.75,
            "inventory_turnover_ratio": 0.02,
            "account_receivable_turnover_ratio": 1.2,
            "reinvestment_rate": -18.82,
            "research_to_sale_ratio": 1303.69,
            "price_fair": 110.04,
            "eps_avg_yearly": 3.14,
            "eps_latest_yearly": 1,
            "eps_growth_yearly": 9809
        },
        "20163": {
            "year_quarter": 20163,
            "year": 2016,
            "quarter": 3,
            "eps": 0.42,
            "eps_growth_year": null,
            "eps_4q": -0.02,
            "eps_4q_growth_year": null,
            "roe": 3.18,
            "roe_4q": -0.03999999999999959,
            "gross_profit": 925,
            "gross_margin": 49.95,
            "gross_margin_4q_avg": 37.64,
            "net_income": 82669,
            "revenue": 1852,
            "common_shares": 1949922,
            "book_valuer_per_share": 13.26,
            "book_valuer_per_share_4q_avg": 13.68,
            "equity": 2585936,
            "current_ratio": 3414.08,
            "debt_ratio": 1.86,
            "inventory_turnover_ratio": 0.03,
            "account_receivable_turnover_ratio": 2.28,
            "reinvestment_rate": 0.76,
            "research_to_sale_ratio": 903.83,
            "price_fair": 110.04,
            "eps_avg_yearly": 3.14,
            "eps_latest_yearly": 1,
            "eps_growth_yearly": 9809
        },
        "20164": {
            "year_quarter": 20164,
            "year": 2016,
            "quarter": 4,
            "eps": -0.19,
            "eps_growth_year": null,
            "eps_4q": -0.07,
            "eps_4q_growth_year": null,
            "roe": -1.46,
            "roe_4q": -0.48999999999999977,
            "gross_profit": 615,
            "gross_margin": 46.73,
            "gross_margin_4q_avg": 50.09,
            "net_income": -37396,
            "revenue": 1316,
            "common_shares": 1951722,
            "book_valuer_per_share": 12.93,
            "book_valuer_per_share_4q_avg": 13.36,
            "equity": 2524248,
            "current_ratio": 5034.97,
            "debt_ratio": 1.23,
            "inventory_turnover_ratio": 0.02,
            "account_receivable_turnover_ratio": 1.66,
            "reinvestment_rate": 31.06,
            "research_to_sale_ratio": 1601.14,
            "price_fair": 110.04,
            "eps_avg_yearly": 3.14,
            "eps_latest_yearly": 1,
            "eps_growth_yearly": 9809
        },
        "20171": {
            "year_quarter": 20171,
            "year": 2017,
            "quarter": 1,
            "eps": -0.21,
            "eps_growth_year": null,
            "eps_4q": -0.11,
            "eps_4q_growth_year": null,
            "roe": -1.64,
            "roe_4q": -0.8699999999999994,
            "gross_profit": 271,
            "gross_margin": 65.14,
            "gross_margin_4q_avg": 53.71,
            "net_income": -40676,
            "revenue": 416,
            "common_shares": 1951722,
            "book_valuer_per_share": 12.41,
            "book_valuer_per_share_4q_avg": 13,
            "equity": 2422569,
            "current_ratio": 5563.11,
            "debt_ratio": 1.04,
            "inventory_turnover_ratio": 0,
            "account_receivable_turnover_ratio": 0.72,
            "reinvestment_rate": -175.05,
            "research_to_sale_ratio": 4362.74,
            "price_fair": 131.95,
            "eps_avg_yearly": 3.77,
            "eps_latest_yearly": 1,
            "eps_growth_yearly": 12161.25
        },
        "20172": {
            "year_quarter": 20172,
            "year": 2017,
            "quarter": 2,
            "eps": -0.2,
            "eps_growth_year": null,
            "eps_4q": -0.17,
            "eps_4q_growth_year": null,
            "roe": -1.54,
            "roe_4q": -1.4599999999999995,
            "gross_profit": 338,
            "gross_margin": 56.15,
            "gross_margin_4q_avg": 54.49,
            "net_income": -38137,
            "revenue": 602,
            "common_shares": 1951722,
            "book_valuer_per_share": 12.27,
            "book_valuer_per_share_4q_avg": 12.72,
            "equity": 2541396,
            "current_ratio": 7193.95,
            "debt_ratio": 0.81,
            "inventory_turnover_ratio": 0.01,
            "account_receivable_turnover_ratio": 1.42,
            "reinvestment_rate": -214.55,
            "research_to_sale_ratio": 2375.58,
            "price_fair": 131.6,
            "eps_avg_yearly": 3.76,
            "eps_latest_yearly": 1,
            "eps_growth_yearly": 15556.67
        },
        "20173": {
            "year_quarter": 20173,
            "year": 2017,
            "quarter": 3,
            "eps": -0.17,
            "eps_growth_year": -140.48,
            "eps_4q": -0.76,
            "eps_4q_growth_year": null,
            "roe": -1.31,
            "roe_4q": -5.95,
            "gross_profit": 226,
            "gross_margin": 48.09,
            "gross_margin_4q_avg": 54.03,
            "net_income": -33126,
            "revenue": 470,
            "common_shares": 1957522,
            "book_valuer_per_share": 12.19,
            "book_valuer_per_share_4q_avg": 12.45,
            "equity": 2532113,
            "current_ratio": 5248.16,
            "debt_ratio": 0.99,
            "inventory_turnover_ratio": 0.01,
            "account_receivable_turnover_ratio": 2.15,
            "reinvestment_rate": null,
            "research_to_sale_ratio": 3500.43,
            "price_fair": 100.1,
            "eps_avg_yearly": 2.86,
            "eps_latest_yearly": 1,
            "eps_growth_yearly": 23242.37
        },
        "20174": {
            "year_quarter": 20174,
            "year": 2017,
            "quarter": 4,
            "eps": -0.22,
            "eps_growth_year": null,
            "eps_4q": -0.79,
            "eps_4q_growth_year": null,
            "roe": -1.75,
            "roe_4q": -6.239999999999999,
            "gross_profit": 530,
            "gross_margin": 48.23,
            "gross_margin_4q_avg": 54.4,
            "net_income": -43984,
            "revenue": 1099,
            "common_shares": 1957522,
            "book_valuer_per_share": 12,
            "book_valuer_per_share_4q_avg": 12.22,
            "equity": 2494929,
            "current_ratio": 4718.29,
            "debt_ratio": 1.05,
            "inventory_turnover_ratio": 0.01,
            "account_receivable_turnover_ratio": 10.18,
            "reinvestment_rate": null,
            "research_to_sale_ratio": 1504.09,
            "price_fair": 100.1,
            "eps_avg_yearly": 2.86,
            "eps_latest_yearly": 1,
            "eps_growth_yearly": 23242.37
        },
        "20181": {
            "year_quarter": 20181,
            "year": 2018,
            "quarter": 1,
            "eps": -0.29,
            "eps_growth_year": null,
            "eps_4q": -0.88,
            "eps_4q_growth_year": null,
            "roe": -2.29,
            "roe_4q": -6.89,
            "gross_profit": 1162,
            "gross_margin": 15.82,
            "gross_margin_4q_avg": 42.07,
            "net_income": -56318,
            "revenue": 7347,
            "common_shares": 1957522,
            "book_valuer_per_share": 11.59,
            "book_valuer_per_share_4q_avg": 12.01,
            "equity": 2415566,
            "current_ratio": 6458.38,
            "debt_ratio": 0.73,
            "inventory_turnover_ratio": 0.15,
            "account_receivable_turnover_ratio": 3.12,
            "reinvestment_rate": null,
            "research_to_sale_ratio": 143.16,
            "price_fair": 100.1,
            "eps_avg_yearly": 2.86,
            "eps_latest_yearly": 1,
            "eps_growth_yearly": 23242.37
        },
        "20182": {
            "year_quarter": 20182,
            "year": 2018,
            "quarter": 2,
            "eps": -0.09,
            "eps_growth_year": null,
            "eps_4q": -0.77,
            "eps_4q_growth_year": null,
            "roe": -0.73,
            "roe_4q": -6.08,
            "gross_profit": 2842,
            "gross_margin": 105.1,
            "gross_margin_4q_avg": 54.31,
            "net_income": -17571,
            "revenue": 2704,
            "common_shares": 1957522,
            "book_valuer_per_share": 11.34,
            "book_valuer_per_share_4q_avg": 11.78,
            "equity": 2366173,
            "current_ratio": 3979.86,
            "debt_ratio": 1.03,
            "inventory_turnover_ratio": -0,
            "account_receivable_turnover_ratio": 0.89,
            "reinvestment_rate": null,
            "research_to_sale_ratio": 424.96,
            "price_fair": 100.1,
            "eps_avg_yearly": 2.86,
            "eps_latest_yearly": 1,
            "eps_growth_yearly": 23242.37
        },
        "20183": {
            "year_quarter": 20183,
            "year": 2018,
            "quarter": 3,
            "eps": -0.57,
            "eps_growth_year": null,
            "eps_4q": -1.17,
            "eps_4q_growth_year": null,
            "roe": -5.45,
            "roe_4q": -10.219999999999999,
            "gross_profit": 1092,
            "gross_margin": 26.36,
            "gross_margin_4q_avg": 48.88,
            "net_income": -123516,
            "revenue": 4143,
            "common_shares": 1957522,
            "book_valuer_per_share": 10.4,
            "book_valuer_per_share_4q_avg": 11.33,
            "equity": 2170014,
            "current_ratio": 3014.83,
            "debt_ratio": 1.27,
            "inventory_turnover_ratio": 0.07,
            "account_receivable_turnover_ratio": 3.75,
            "reinvestment_rate": null,
            "research_to_sale_ratio": 707.31,
            "price_fair": 3,
            "eps_avg_yearly": 1,
            "eps_latest_yearly": 1,
            "eps_growth_yearly": -315.25
        },
        "20184": {
            "year_quarter": 20184,
            "year": 2018,
            "quarter": 4,
            "eps": -0.25,
            "eps_growth_year": null,
            "eps_4q": -1.2,
            "eps_4q_growth_year": null,
            "roe": -2.19,
            "roe_4q": -10.66,
            "gross_profit": 3552,
            "gross_margin": 76.19,
            "gross_margin_4q_avg": 55.87,
            "net_income": -47536,
            "revenue": 4662,
            "common_shares": 1957522,
            "book_valuer_per_share": 10.37,
            "book_valuer_per_share_4q_avg": 10.93,
            "equity": 2165778,
            "current_ratio": 3182.88,
            "debt_ratio": 7.26,
            "inventory_turnover_ratio": 0.02,
            "account_receivable_turnover_ratio": 5.83,
            "reinvestment_rate": null,
            "research_to_sale_ratio": 924.99,
            "price_fair": 0,
            "eps_avg_yearly": 0,
            "eps_latest_yearly": 0,
            "eps_growth_yearly": 0
        },
        "20191": {
            "year_quarter": 20191,
            "year": 2019,
            "quarter": 1,
            "eps": -0.16,
            "eps_growth_year": null,
            "eps_4q": -1.07,
            "eps_4q_growth_year": null,
            "roe": -1.39,
            "roe_4q": -9.760000000000002,
            "gross_profit": -192,
            "gross_margin": -4.59,
            "gross_margin_4q_avg": 50.77,
            "net_income": -30379,
            "revenue": 4184,
            "common_shares": 1957522,
            "book_valuer_per_share": 10.64,
            "book_valuer_per_share_4q_avg": 10.69,
            "equity": 2218432,
            "current_ratio": 2931.07,
            "debt_ratio": 18.2,
            "inventory_turnover_ratio": 0.09,
            "account_receivable_turnover_ratio": 1.84,
            "reinvestment_rate": null,
            "research_to_sale_ratio": 579.33,
            "price_fair": 0,
            "eps_avg_yearly": 0,
            "eps_latest_yearly": 0,
            "eps_growth_yearly": 0
        },
        "20192": {
            "year_quarter": 20192,
            "year": 2019,
            "quarter": 2,
            "eps": -0.32,
            "eps_growth_year": null,
            "eps_4q": -1.3,
            "eps_4q_growth_year": null,
            "roe": -3.16,
            "roe_4q": -12.190000000000001,
            "gross_profit": -1965,
            "gross_margin": -89.89,
            "gross_margin_4q_avg": 2.02,
            "net_income": -68334,
            "revenue": 2186,
            "common_shares": 1957522,
            "book_valuer_per_share": 10.09,
            "book_valuer_per_share_4q_avg": 10.38,
            "equity": 2107119,
            "current_ratio": 2223.12,
            "debt_ratio": 19.94,
            "inventory_turnover_ratio": 0.08,
            "account_receivable_turnover_ratio": 1.18,
            "reinvestment_rate": null,
            "research_to_sale_ratio": 1710.89,
            "price_fair": 0,
            "eps_avg_yearly": 0,
            "eps_latest_yearly": 0,
            "eps_growth_yearly": 0
        },
        "20193": {
            "year_quarter": 20193,
            "year": 2019,
            "quarter": 3,
            "eps": -0.21,
            "eps_growth_year": null,
            "eps_4q": -0.57,
            "eps_4q_growth_year": null,
            "roe": -1.24,
            "roe_4q": -7.98,
            "gross_profit": -2054,
            "gross_margin": -43.42,
            "gross_margin_4q_avg": -15.43,
            "net_income": -54185,
            "revenue": 4730,
            "common_shares": 3524908,
            "book_valuer_per_share": 18.62,
            "book_valuer_per_share_4q_avg": 12.43,
            "equity": 6649602,
            "current_ratio": 2375.22,
            "debt_ratio": 7.97,
            "inventory_turnover_ratio": 0.14,
            "account_receivable_turnover_ratio": 3.15,
            "reinvestment_rate": null,
            "research_to_sale_ratio": 1321.73,
            "price_fair": 0,
            "eps_avg_yearly": 0,
            "eps_latest_yearly": 0,
            "eps_growth_yearly": 0
        },
        "20194": {
            "year_quarter": 20194,
            "year": 2019,
            "quarter": 4,
            "eps": -0.49,
            "eps_growth_year": null,
            "eps_4q": -0.92,
            "eps_4q_growth_year": null,
            "roe": -2.65,
            "roe_4q": -8.44,
            "gross_profit": 684,
            "gross_margin": 28.8,
            "gross_margin_4q_avg": -27.28,
            "net_income": -173363,
            "revenue": 2375,
            "common_shares": 3524908,
            "book_valuer_per_share": 18.08,
            "book_valuer_per_share_4q_avg": 14.36,
            "equity": 6458693,
            "current_ratio": 2350.27,
            "debt_ratio": 7.46,
            "inventory_turnover_ratio": 0.03,
            "account_receivable_turnover_ratio": 1.04,
            "reinvestment_rate": null,
            "research_to_sale_ratio": 4820.25,
            "price_fair": 0,
            "eps_avg_yearly": 0,
            "eps_latest_yearly": 0,
            "eps_growth_yearly": 0
        },
        "20201": {
            "year_quarter": 20201,
            "year": 2020,
            "quarter": 1,
            "eps": -0.54,
            "eps_growth_year": null,
            "eps_4q": -1.37,
            "eps_4q_growth_year": null,
            "roe": -3.02,
            "roe_4q": -10.07,
            "gross_profit": -415,
            "gross_margin": -12.79,
            "gross_margin_4q_avg": -29.33,
            "net_income": -191597,
            "revenue": 3245,
            "common_shares": 3529048,
            "book_valuer_per_share": 17.4,
            "book_valuer_per_share_4q_avg": 16.05,
            "equity": 6225852,
            "current_ratio": 2058.91,
            "debt_ratio": 9.36,
            "inventory_turnover_ratio": 0.08,
            "account_receivable_turnover_ratio": 1.4,
            "reinvestment_rate": null,
            "research_to_sale_ratio": 3722.19,
            "price_fair": 0,
            "eps_avg_yearly": 0,
            "eps_latest_yearly": 0,
            "eps_growth_yearly": 0
        },
        "20202": {
            "year_quarter": 20202,
            "year": 2020,
            "quarter": 2,
            "eps": 1.39,
            "eps_growth_year": null,
            "eps_4q": 0.21,
            "eps_4q_growth_year": null,
            "roe": 6.43,
            "roe_4q": -0.4800000000000002,
            "gross_profit": 28406,
            "gross_margin": 89.71,
            "gross_margin_4q_avg": 15.58,
            "net_income": 487683,
            "revenue": 31665,
            "common_shares": 3546306,
            "book_valuer_per_share": 25.01,
            "book_valuer_per_share_4q_avg": 19.78,
            "equity": 8934680,
            "current_ratio": 2565.43,
            "debt_ratio": 15.17,
            "inventory_turnover_ratio": 0.07,
            "account_receivable_turnover_ratio": 0.13,
            "reinvestment_rate": null,
            "research_to_sale_ratio": 579.62,
            "price_fair": 0,
            "eps_avg_yearly": 0,
            "eps_latest_yearly": 0,
            "eps_growth_yearly": 0
        },
        "20203": {
            "year_quarter": 20203,
            "year": 2020,
            "quarter": 3,
            "eps": 0.06,
            "eps_growth_year": null,
            "eps_4q": 0.43,
            "eps_4q_growth_year": null,
            "roe": 0.22,
            "roe_4q": 0.9799999999999995,
            "gross_profit": 1512,
            "gross_margin": 78.02,
            "gross_margin_4q_avg": 45.94,
            "net_income": 19768,
            "revenue": 1938,
            "common_shares": 3559094,
            "book_valuer_per_share": 26.14,
            "book_valuer_per_share_4q_avg": 21.66,
            "equity": 9362593,
            "current_ratio": 2569.17,
            "debt_ratio": 14.54,
            "inventory_turnover_ratio": 0.01,
            "account_receivable_turnover_ratio": 0,
            "reinvestment_rate": null,
            "research_to_sale_ratio": 5273.37,
            "price_fair": 0.72,
            "eps_avg_yearly": 0.24,
            "eps_latest_yearly": 0.24,
            "eps_growth_yearly": -382.73
        },
        "20204": {
            "year_quarter": 20204,
            "year": 2020,
            "quarter": 4,
            "eps": -1.52,
            "eps_growth_year": null,
            "eps_4q": -0.65,
            "eps_4q_growth_year": null,
            "roe": -4.91,
            "roe_4q": -1.2800000000000007,
            "gross_profit": 1214,
            "gross_margin": 25.52,
            "gross_margin_4q_avg": 45.12,
            "net_income": -567533,
            "revenue": 4757,
            "common_shares": 3770857,
            "book_valuer_per_share": 36.4,
            "book_valuer_per_share_4q_avg": 26.24,
            "equity": 13759586,
            "current_ratio": 5814.98,
            "debt_ratio": 10.56,
            "inventory_turnover_ratio": 0.07,
            "account_receivable_turnover_ratio": 0.01,
            "reinvestment_rate": null,
            "research_to_sale_ratio": 3841.96,
            "price_fair": 0.72,
            "eps_avg_yearly": 0.24,
            "eps_latest_yearly": 0.24,
            "eps_growth_yearly": -382.73
        },
        "20211": {
            "year_quarter": 20211,
            "year": 2021,
            "quarter": 1,
            "eps": 0.31,
            "eps_growth_year": null,
            "eps_4q": 0.17,
            "eps_4q_growth_year": null,
            "roe": 0.84,
            "roe_4q": 2.5799999999999996,
            "gross_profit": 6622,
            "gross_margin": 60.3,
            "gross_margin_4q_avg": 63.39,
            "net_income": 117372,
            "revenue": 10981,
            "common_shares": 3809070,
            "book_valuer_per_share": 36.97,
            "book_valuer_per_share_4q_avg": 31.13,
            "equity": 14253691,
            "current_ratio": 5402.45,
            "debt_ratio": 10.25,
            "inventory_turnover_ratio": 0.08,
            "account_receivable_turnover_ratio": 0.05,
            "reinvestment_rate": null,
            "research_to_sale_ratio": 2355.71,
            "price_fair": 0.72,
            "eps_avg_yearly": 0.24,
            "eps_latest_yearly": 0.24,
            "eps_growth_yearly": -382.73
        },
        "20212": {
            "year_quarter": 20212,
            "year": 2021,
            "quarter": 2,
            "eps": -1.24,
            "eps_growth_year": -189.21,
            "eps_4q": -2.37,
            "eps_4q_growth_year": -1211.46,
            "roe": -3.45,
            "roe_4q": -7.300000000000001,
            "gross_profit": 9853,
            "gross_margin": 77.41,
            "gross_margin_4q_avg": 60.31,
            "net_income": -477432,
            "revenue": 12729,
            "common_shares": 3816053,
            "book_valuer_per_share": 35.21,
            "book_valuer_per_share_4q_avg": 33.68,
            "equity": 13456936,
            "current_ratio": 5680.34,
            "debt_ratio": 10.68,
            "inventory_turnover_ratio": 0.05,
            "account_receivable_turnover_ratio": 1.55,
            "reinvestment_rate": null,
            "research_to_sale_ratio": 1191.59,
            "price_fair": 0.72,
            "eps_avg_yearly": 0.24,
            "eps_latest_yearly": 0.24,
            "eps_growth_yearly": -382.73
        },
        "20213": {
            "year_quarter": 20213,
            "year": 2021,
            "quarter": 3,
            "eps": -0.46,
            "eps_growth_year": -866.67,
            "eps_4q": -2.89,
            "eps_4q_growth_year": -765.15,
            "roe": -1.36,
            "roe_4q": -8.88,
            "gross_profit": 15652,
            "gross_margin": 65.65,
            "gross_margin_4q_avg": 57.22,
            "net_income": -179349,
            "revenue": 23841,
            "common_shares": 3824374,
            "book_valuer_per_share": 33.95,
            "book_valuer_per_share_4q_avg": 35.63,
            "equity": 13004752,
            "current_ratio": 4919.73,
            "debt_ratio": 11.05,
            "inventory_turnover_ratio": 0.12,
            "account_receivable_turnover_ratio": 1.36,
            "reinvestment_rate": null,
            "research_to_sale_ratio": 830.02,
            "price_fair": 0.72,
            "eps_avg_yearly": 0.24,
            "eps_latest_yearly": 0.24,
            "eps_growth_yearly": -382.73
        },
        "20214": {
            "year_quarter": 20214,
            "year": 2021,
            "quarter": 4,
            "eps": 0.33,
            "eps_growth_year": null,
            "eps_4q": -1.05,
            "eps_4q_growth_year": null,
            "roe": 0.93,
            "roe_4q": -3.0400000000000005,
            "gross_profit": 12917,
            "gross_margin": 70.92,
            "gross_margin_4q_avg": 68.57,
            "net_income": 126586,
            "revenue": 18214,
            "common_shares": 3853175,
            "book_valuer_per_share": 36.53,
            "book_valuer_per_share_4q_avg": 35.67,
            "equity": 14089324,
            "current_ratio": 5120.59,
            "debt_ratio": 10.44,
            "inventory_turnover_ratio": 0.07,
            "account_receivable_turnover_ratio": 0.95,
            "reinvestment_rate": null,
            "research_to_sale_ratio": 1085.53,
            "price_fair": 0.72,
            "eps_avg_yearly": 0.24,
            "eps_latest_yearly": 0.24,
            "eps_growth_yearly": -382.73
        },
        "20221": {
            "year_quarter": 20221,
            "year": 2022,
            "quarter": 1,
            "eps": 1.01,
            "eps_growth_year": 225.81,
            "eps_4q": -0.34,
            "eps_4q_growth_year": -300.82,
            "roe": 2.75,
            "roe_4q": -1.13,
            "gross_profit": 6746,
            "gross_margin": 33.59,
            "gross_margin_4q_avg": 61.89,
            "net_income": 389876,
            "revenue": 20083,
            "common_shares": 3881126,
            "book_valuer_per_share": 36.73,
            "book_valuer_per_share_4q_avg": 35.61,
            "equity": 14269522,
            "current_ratio": 4470.56,
            "debt_ratio": 10.4,
            "inventory_turnover_ratio": 0.16,
            "account_receivable_turnover_ratio": 1.08,
            "reinvestment_rate": null,
            "research_to_sale_ratio": 954.04,
            "price_fair": 74.9,
            "eps_avg_yearly": 2.14,
            "eps_latest_yearly": 4.04,
            "eps_growth_yearly": 220.75
        },
        "20222": {
            "year_quarter": 20222,
            "year": 2022,
            "quarter": 2,
            "eps": 0.87,
            "eps_growth_year": null,
            "eps_4q": 1.75,
            "eps_4q_growth_year": null,
            "roe": 2.34,
            "roe_4q": 4.659999999999999,
            "gross_profit": 829022,
            "gross_margin": 81.53,
            "gross_margin_4q_avg": 62.92,
            "net_income": 335788,
            "revenue": 1016842,
            "common_shares": 3884976,
            "book_valuer_per_share": 37.05,
            "book_valuer_per_share_4q_avg": 36.07,
            "equity": 14451581,
            "current_ratio": 4456.84,
            "debt_ratio": 4.17,
            "inventory_turnover_ratio": 2.13,
            "account_receivable_turnover_ratio": 63.1,
            "reinvestment_rate": null,
            "research_to_sale_ratio": 20.02,
            "price_fair": 90.53,
            "eps_avg_yearly": 2.59,
            "eps_latest_yearly": 3.48,
            "eps_growth_yearly": 128.69
        },
        "20223": {
            "year_quarter": 20223,
            "year": 2022,
            "quarter": 3,
            "eps": 0.71,
            "eps_growth_year": null,
            "eps_4q": 2.92,
            "eps_4q_growth_year": null,
            "roe": 1.84,
            "roe_4q": 7.859999999999999,
            "gross_profit": 4932,
            "gross_margin": 35.6,
            "gross_margin_4q_avg": 55.41,
            "net_income": 276505,
            "revenue": 13853,
            "common_shares": 3887296,
            "book_valuer_per_share": 39.63,
            "book_valuer_per_share_4q_avg": 37.49,
            "equity": 15633995,
            "current_ratio": 4508.8,
            "debt_ratio": 3.96,
            "inventory_turnover_ratio": 0.09,
            "account_receivable_turnover_ratio": 1.22,
            "reinvestment_rate": null,
            "research_to_sale_ratio": 1885.53,
            "price_fair": 92.75,
            "eps_avg_yearly": 2.65,
            "eps_latest_yearly": 2.84,
            "eps_growth_yearly": 78.12
        },
        "20224": {
            "year_quarter": 20224,
            "year": 2022,
            "quarter": 4,
            "eps": -1.65,
            "eps_growth_year": -593.57,
            "eps_4q": 0.92,
            "eps_4q_growth_year": null,
            "roe": -4.26,
            "roe_4q": 2.67,
            "gross_profit": 3694,
            "gross_margin": 25,
            "gross_margin_4q_avg": 43.93,
            "net_income": -650272,
            "revenue": 14776,
            "common_shares": 3909731,
            "book_valuer_per_share": 37.47,
            "book_valuer_per_share_4q_avg": 37.72,
            "equity": 14880004,
            "current_ratio": 3946.85,
            "debt_ratio": 4.5,
            "inventory_turnover_ratio": 0.1,
            "account_receivable_turnover_ratio": 1.11,
            "reinvestment_rate": null,
            "research_to_sale_ratio": 1777.37,
            "price_fair": 92.75,
            "eps_avg_yearly": 2.65,
            "eps_latest_yearly": 2.84,
            "eps_growth_yearly": 78.12
        },
        "20231": {
            "year_quarter": 20231,
            "year": 2023,
            "quarter": 1,
            "eps": -0.68,
            "eps_growth_year": -167.33,
            "eps_4q": -0.75,
            "eps_4q_growth_year": null,
            "roe": -1.8,
            "roe_4q": -1.88,
            "gross_profit": 10629,
            "gross_margin": 47.91,
            "gross_margin_4q_avg": 47.51,
            "net_income": -269382,
            "revenue": 22187,
            "common_shares": 3917729,
            "book_valuer_per_share": 37.17,
            "book_valuer_per_share_4q_avg": 37.83,
            "equity": 14974945,
            "current_ratio": 4203.45,
            "debt_ratio": 4.39,
            "inventory_turnover_ratio": 0.1,
            "account_receivable_turnover_ratio": 1.45,
            "reinvestment_rate": null,
            "research_to_sale_ratio": 959.49,
            "price_fair": 92.75,
            "eps_avg_yearly": 2.65,
            "eps_latest_yearly": 2.84,
            "eps_growth_yearly": 78.12
        }
    },
    "months": {
        "2009-06": {
            "month": "2009-06",
            "price": "22.20",
            "revenue": 0
        },
        "2009-07": {
            "month": "2009-07",
            "price": "23.70",
            "revenue": 0
        },
        "2009-08": {
            "month": "2009-08",
            "price": "23.31",
            "revenue": 0
        },
        "2009-09": {
            "month": "2009-09",
            "price": "23.26",
            "revenue": 0
        },
        "2009-10": {
            "month": "2009-10",
            "price": "22.95",
            "revenue": 0
        },
        "2009-11": {
            "month": "2009-11",
            "price": "23.43",
            "revenue": 0
        },
        "2009-12": {
            "month": "2009-12",
            "price": "25.40",
            "revenue": 1631
        },
        "2010-01": {
            "month": "2010-01",
            "price": "24.16",
            "revenue": 0
        },
        "2010-02": {
            "month": "2010-02",
            "price": "20.07",
            "revenue": 42
        },
        "2010-03": {
            "month": "2010-03",
            "price": "20.36",
            "revenue": 24
        },
        "2010-04": {
            "month": "2010-04",
            "price": "26.10",
            "revenue": 70
        },
        "2010-05": {
            "month": "2010-05",
            "price": "25.23",
            "revenue": 0
        },
        "2010-06": {
            "month": "2010-06",
            "price": "27.20",
            "revenue": 6314
        },
        "2010-07": {
            "month": "2010-07",
            "price": "29.24",
            "revenue": 3601
        },
        "2010-08": {
            "month": "2010-08",
            "price": "27.46",
            "revenue": 385
        },
        "2010-09": {
            "month": "2010-09",
            "price": "24.31",
            "revenue": 15927
        },
        "2010-10": {
            "month": "2010-10",
            "price": "24.40",
            "revenue": 1073
        },
        "2010-11": {
            "month": "2010-11",
            "price": "24.23",
            "revenue": 4691
        },
        "2010-12": {
            "month": "2010-12",
            "price": "25.77",
            "revenue": 26965
        },
        "2011-01": {
            "month": "2011-01",
            "price": "25.91",
            "revenue": 2
        },
        "2011-02": {
            "month": "2011-02",
            "price": "24.86",
            "revenue": 0
        },
        "2011-03": {
            "month": "2011-03",
            "price": "22.12",
            "revenue": 0
        },
        "2011-04": {
            "month": "2011-04",
            "price": "19.62",
            "revenue": 0
        },
        "2011-05": {
            "month": "2011-05",
            "price": "18.74",
            "revenue": 0
        },
        "2011-06": {
            "month": "2011-06",
            "price": "19.87",
            "revenue": 0
        },
        "2011-07": {
            "month": "2011-07",
            "price": "19.82",
            "revenue": 0
        },
        "2011-08": {
            "month": "2011-08",
            "price": "20.66",
            "revenue": 0
        },
        "2011-09": {
            "month": "2011-09",
            "price": "20.41",
            "revenue": 0
        },
        "2011-10": {
            "month": "2011-10",
            "price": "18.84",
            "revenue": 1038
        },
        "2011-11": {
            "month": "2011-11",
            "price": "18.85",
            "revenue": 1788
        },
        "2011-12": {
            "month": "2011-12",
            "price": "17.18",
            "revenue": 887
        },
        "2012-01": {
            "month": "2012-01",
            "price": "19.38",
            "revenue": 0
        },
        "2012-02": {
            "month": "2012-02",
            "price": "24.11",
            "revenue": 0
        },
        "2012-03": {
            "month": "2012-03",
            "price": "24.06",
            "revenue": 2
        },
        "2012-04": {
            "month": "2012-04",
            "price": "20.37",
            "revenue": 576
        },
        "2012-05": {
            "month": "2012-05",
            "price": "20.09",
            "revenue": 693
        },
        "2012-06": {
            "month": "2012-06",
            "price": "20.65",
            "revenue": 1474
        },
        "2012-07": {
            "month": "2012-07",
            "price": "21.08",
            "revenue": 1274
        },
        "2012-08": {
            "month": "2012-08",
            "price": "21.71",
            "revenue": 804
        },
        "2012-09": {
            "month": "2012-09",
            "price": "21.80",
            "revenue": 673
        },
        "2012-10": {
            "month": "2012-10",
            "price": "23.81",
            "revenue": 447
        },
        "2012-11": {
            "month": "2012-11",
            "price": "22.76",
            "revenue": 1616
        },
        "2012-12": {
            "month": "2012-12",
            "price": "36.31",
            "revenue": 1038
        },
        "2013-01": {
            "month": "2013-01",
            "price": "44.58",
            "revenue": 553
        },
        "2013-02": {
            "month": "2013-02",
            "price": "53.06",
            "revenue": 418
        },
        "2013-03": {
            "month": "2013-03",
            "price": "63.33",
            "revenue": 454
        },
        "2013-04": {
            "month": "2013-04",
            "price": "60.86",
            "revenue": 998
        },
        "2013-05": {
            "month": "2013-05",
            "price": "59.15",
            "revenue": 864
        },
        "2013-06": {
            "month": "2013-06",
            "price": "54.12",
            "revenue": 4
        },
        "2013-07": {
            "month": "2013-07",
            "price": "44.47",
            "revenue": 0
        },
        "2013-08": {
            "month": "2013-08",
            "price": "44.25",
            "revenue": 0
        },
        "2013-09": {
            "month": "2013-09",
            "price": "49.82",
            "revenue": 752
        },
        "2013-10": {
            "month": "2013-10",
            "price": "50.23",
            "revenue": 565
        },
        "2013-11": {
            "month": "2013-11",
            "price": "49.16",
            "revenue": 0
        },
        "2013-12": {
            "month": "2013-12",
            "price": "46.84",
            "revenue": 0
        },
        "2014-01": {
            "month": "2014-01",
            "price": "41.77",
            "revenue": 470
        },
        "2014-02": {
            "month": "2014-02",
            "price": "45.91",
            "revenue": 0
        },
        "2014-03": {
            "month": "2014-03",
            "price": "48.56",
            "revenue": 335
        },
        "2014-04": {
            "month": "2014-04",
            "price": "51.59",
            "revenue": 436
        },
        "2014-05": {
            "month": "2014-05",
            "price": "65.59",
            "revenue": 412
        },
        "2014-06": {
            "month": "2014-06",
            "price": "77.68",
            "revenue": 728
        },
        "2014-07": {
            "month": "2014-07",
            "price": "77.48",
            "revenue": 991
        },
        "2014-08": {
            "month": "2014-08",
            "price": "63.85",
            "revenue": 544
        },
        "2014-09": {
            "month": "2014-09",
            "price": "63.93",
            "revenue": 691
        },
        "2014-10": {
            "month": "2014-10",
            "price": "54.52",
            "revenue": 0
        },
        "2014-11": {
            "month": "2014-11",
            "price": "48.40",
            "revenue": 469
        },
        "2014-12": {
            "month": "2014-12",
            "price": "54.84",
            "revenue": 402
        },
        "2015-01": {
            "month": "2015-01",
            "price": "53.26",
            "revenue": 490
        },
        "2015-02": {
            "month": "2015-02",
            "price": "53.94",
            "revenue": 0
        },
        "2015-03": {
            "month": "2015-03",
            "price": "54.48",
            "revenue": 0
        },
        "2015-04": {
            "month": "2015-04",
            "price": "48.23",
            "revenue": 1593
        },
        "2015-05": {
            "month": "2015-05",
            "price": "45.54",
            "revenue": 1384
        },
        "2015-06": {
            "month": "2015-06",
            "price": "41.32",
            "revenue": 1437
        },
        "2015-07": {
            "month": "2015-07",
            "price": "42.65",
            "revenue": 59
        },
        "2015-08": {
            "month": "2015-08",
            "price": "32.33",
            "revenue": 961
        },
        "2015-09": {
            "month": "2015-09",
            "price": "33.49",
            "revenue": 652
        },
        "2015-10": {
            "month": "2015-10",
            "price": "35.75",
            "revenue": 940
        },
        "2015-11": {
            "month": "2015-11",
            "price": "37.22",
            "revenue": 284
        },
        "2015-12": {
            "month": "2015-12",
            "price": "39.56",
            "revenue": 0
        },
        "2016-01": {
            "month": "2016-01",
            "price": "34.68",
            "revenue": 459
        },
        "2016-02": {
            "month": "2016-02",
            "price": "33.96",
            "revenue": 877
        },
        "2016-03": {
            "month": "2016-03",
            "price": "34.10",
            "revenue": 33
        },
        "2016-04": {
            "month": "2016-04",
            "price": "32.42",
            "revenue": 481
        },
        "2016-05": {
            "month": "2016-05",
            "price": "28.50",
            "revenue": 656
        },
        "2016-06": {
            "month": "2016-06",
            "price": "29.74",
            "revenue": 29
        },
        "2016-07": {
            "month": "2016-07",
            "price": "36.04",
            "revenue": 2
        },
        "2016-08": {
            "month": "2016-08",
            "price": "37.47",
            "revenue": 1048
        },
        "2016-09": {
            "month": "2016-09",
            "price": "38.06",
            "revenue": 801
        },
        "2016-10": {
            "month": "2016-10",
            "price": "34.80",
            "revenue": 436
        },
        "2016-11": {
            "month": "2016-11",
            "price": "33.45",
            "revenue": 490
        },
        "2016-12": {
            "month": "2016-12",
            "price": "34.20",
            "revenue": 390
        },
        "2017-01": {
            "month": "2017-01",
            "price": "32.98",
            "revenue": 26
        },
        "2017-02": {
            "month": "2017-02",
            "price": "32.94",
            "revenue": 0
        },
        "2017-03": {
            "month": "2017-03",
            "price": "32.05",
            "revenue": 390
        },
        "2017-04": {
            "month": "2017-04",
            "price": "28.93",
            "revenue": 112
        },
        "2017-05": {
            "month": "2017-05",
            "price": "27.08",
            "revenue": 490
        },
        "2017-06": {
            "month": "2017-06",
            "price": "27.07",
            "revenue": 0
        },
        "2017-07": {
            "month": "2017-07",
            "price": "26.96",
            "revenue": 470
        },
        "2017-08": {
            "month": "2017-08",
            "price": "25.35",
            "revenue": 0
        },
        "2017-09": {
            "month": "2017-09",
            "price": "25.29",
            "revenue": 0
        },
        "2017-10": {
            "month": "2017-10",
            "price": "23.64",
            "revenue": 470
        },
        "2017-11": {
            "month": "2017-11",
            "price": "22.63",
            "revenue": 424
        },
        "2017-12": {
            "month": "2017-12",
            "price": "20.47",
            "revenue": 205
        },
        "2018-01": {
            "month": "2018-01",
            "price": "21.54",
            "revenue": 1676
        },
        "2018-02": {
            "month": "2018-02",
            "price": "20.51",
            "revenue": 1793
        },
        "2018-03": {
            "month": "2018-03",
            "price": "26.14",
            "revenue": 3878
        },
        "2018-04": {
            "month": "2018-04",
            "price": "30.55",
            "revenue": 1337
        },
        "2018-05": {
            "month": "2018-05",
            "price": "37.68",
            "revenue": 0
        },
        "2018-06": {
            "month": "2018-06",
            "price": "33.30",
            "revenue": 1367
        },
        "2018-07": {
            "month": "2018-07",
            "price": "29.76",
            "revenue": 2508
        },
        "2018-08": {
            "month": "2018-08",
            "price": "26.96",
            "revenue": 1296
        },
        "2018-09": {
            "month": "2018-09",
            "price": "27.66",
            "revenue": 339
        },
        "2018-10": {
            "month": "2018-10",
            "price": "28.13",
            "revenue": 4181
        },
        "2018-11": {
            "month": "2018-11",
            "price": "27.56",
            "revenue": 95
        },
        "2018-12": {
            "month": "2018-12",
            "price": "26.79",
            "revenue": 386
        },
        "2019-01": {
            "month": "2019-01",
            "price": "27.30",
            "revenue": 850
        },
        "2019-02": {
            "month": "2019-02",
            "price": "30.60",
            "revenue": 1050
        },
        "2019-03": {
            "month": "2019-03",
            "price": "30.43",
            "revenue": 2284
        },
        "2019-04": {
            "month": "2019-04",
            "price": "29.53",
            "revenue": 1763
        },
        "2019-05": {
            "month": "2019-05",
            "price": "27.48",
            "revenue": 351
        },
        "2019-06": {
            "month": "2019-06",
            "price": "27.92",
            "revenue": 72
        },
        "2019-07": {
            "month": "2019-07",
            "price": "28.75",
            "revenue": 2143
        },
        "2019-08": {
            "month": "2019-08",
            "price": "29.50",
            "revenue": 1706
        },
        "2019-09": {
            "month": "2019-09",
            "price": "29.48",
            "revenue": 881
        },
        "2019-10": {
            "month": "2019-10",
            "price": "27.74",
            "revenue": 300
        },
        "2019-11": {
            "month": "2019-11",
            "price": "27.81",
            "revenue": 574
        },
        "2019-12": {
            "month": "2019-12",
            "price": "29.50",
            "revenue": 1501
        },
        "2020-01": {
            "month": "2020-01",
            "price": "29.45",
            "revenue": 559
        },
        "2020-02": {
            "month": "2020-02",
            "price": "29.15",
            "revenue": 1335
        },
        "2020-03": {
            "month": "2020-03",
            "price": "26.44",
            "revenue": 1351
        },
        "2020-04": {
            "month": "2020-04",
            "price": "40.17",
            "revenue": 28435
        },
        "2020-05": {
            "month": "2020-05",
            "price": "99.80",
            "revenue": 2140
        },
        "2020-06": {
            "month": "2020-06",
            "price": "199.32",
            "revenue": 1066
        },
        "2020-07": {
            "month": "2020-07",
            "price": "276.35",
            "revenue": 1416
        },
        "2020-08": {
            "month": "2020-08",
            "price": "278.36",
            "revenue": 52
        },
        "2020-09": {
            "month": "2020-09",
            "price": "326.48",
            "revenue": 489
        },
        "2020-10": {
            "month": "2020-10",
            "price": "334.89",
            "revenue": 1914
        },
        "2020-11": {
            "month": "2020-11",
            "price": "280.33",
            "revenue": 700
        },
        "2020-12": {
            "month": "2020-12",
            "price": "242.33",
            "revenue": 2143
        },
        "2021-01": {
            "month": "2021-01",
            "price": "208.10",
            "revenue": 1971
        },
        "2021-02": {
            "month": "2021-02",
            "price": "229.58",
            "revenue": 4451
        },
        "2021-03": {
            "month": "2021-03",
            "price": "256.93",
            "revenue": 4559
        },
        "2021-04": {
            "month": "2021-04",
            "price": "240.95",
            "revenue": 1721
        },
        "2021-05": {
            "month": "2021-05",
            "price": "213.31",
            "revenue": 2281
        },
        "2021-06": {
            "month": "2021-06",
            "price": "214.02",
            "revenue": 8727
        },
        "2021-07": {
            "month": "2021-07",
            "price": "203.25",
            "revenue": 9057
        },
        "2021-08": {
            "month": "2021-08",
            "price": "191.09",
            "revenue": 8006
        },
        "2021-09": {
            "month": "2021-09",
            "price": "189.08",
            "revenue": 6778
        },
        "2021-10": {
            "month": "2021-10",
            "price": "217.32",
            "revenue": 7211
        },
        "2021-11": {
            "month": "2021-11",
            "price": "270.66",
            "revenue": 5657
        },
        "2021-12": {
            "month": "2021-12",
            "price": "290.57",
            "revenue": 5346
        },
        "2022-01": {
            "month": "2022-01",
            "price": "254.11",
            "revenue": 6048
        },
        "2022-02": {
            "month": "2022-02",
            "price": "251.63",
            "revenue": 5192
        },
        "2022-03": {
            "month": "2022-03",
            "price": "224.37",
            "revenue": 8843
        },
        "2022-04": {
            "month": "2022-04",
            "price": "201.95",
            "revenue": 7028
        },
        "2022-05": {
            "month": "2022-05",
            "price": "186.10",
            "revenue": 5518
        },
        "2022-06": {
            "month": "2022-06",
            "price": "186.14",
            "revenue": 1004296
        },
        "2022-07": {
            "month": "2022-07",
            "price": "174.90",
            "revenue": 4811
        },
        "2022-08": {
            "month": "2022-08",
            "price": "202.93",
            "revenue": 4945
        },
        "2022-09": {
            "month": "2022-09",
            "price": "268.02",
            "revenue": 4097
        },
        "2022-10": {
            "month": "2022-10",
            "price": "233.95",
            "revenue": 4272
        },
        "2022-11": {
            "month": "2022-11",
            "price": "261.68",
            "revenue": 4214
        },
        "2022-12": {
            "month": "2022-12",
            "price": "260.48",
            "revenue": 6290
        },
        "2023-01": {
            "month": "2023-01",
            "price": "242.27",
            "revenue": 4902
        },
        "2023-02": {
            "month": "2023-02",
            "price": "272.81",
            "revenue": 5578
        },
        "2023-03": {
            "month": "2023-03",
            "price": "262.37",
            "revenue": 11707
        },
        "2023-04": {
            "month": "2023-04",
            "price": "263.03",
            "revenue": 5934
        }
    }
}
