{
    "summary": {
        "stock_name": "皇將",
        "stock_id": "4744",
        "category": "生技醫療",
        "main_business": "製藥設備生產線<br>檢驗儀器生產線<br>生物技術服務",
        "website_url": "https://www.cvctechnologies.com.tw/",
        "ceo": "張凱勛",
        "pe_ratio": -213,
        "report_year_from": 2009,
        "report_year_to": 2023,
        "age": 14,
        "eps_negative_percentage": 17,
        "eps_growth_avg": {
            "last_all": -9.06,
            "last_2y": -12.92,
            "last_4y": null,
            "last_8y": null,
            "last_12y": null,
            "last_16y": null,
            "last_20y": null,
            "at_2006_last_3y": null,
            "at_2007_last_3y": null,
            "at_2008_last_3y": null,
            "at_2009_last_3y": null,
            "at_2010_last_3y": null,
            "at_2011_last_3y": null,
            "at_2012_last_3y": null,
            "at_2013_last_3y": null,
            "at_2014_last_3y": null,
            "at_2015_last_3y": null,
            "at_2016_last_3y": null,
            "at_2017_last_3y": null,
            "at_2018_last_3y": null,
            "at_2019_last_3y": null,
            "at_2020_last_3y": null,
            "at_2021_last_3y": null,
            "at_2022_last_3y": -9.06,
            "at_2023_last_3y": -9.06,
            "at_2006_last_all": null,
            "at_2007_last_all": null,
            "at_2008_last_all": null,
            "at_2009_last_all": null,
            "at_2010_last_all": null,
            "at_2011_last_all": null,
            "at_2012_last_all": null,
            "at_2013_last_all": null,
            "at_2014_last_all": null,
            "at_2015_last_all": null,
            "at_2016_last_all": null,
            "at_2017_last_all": null,
            "at_2018_last_all": null,
            "at_2019_last_all": null,
            "at_2020_last_all": -11.43,
            "at_2021_last_all": -3.7,
            "at_2022_last_all": -9.06,
            "at_2023_last_all": -9.06
        },
        "latest_eps": -0.19,
        "latest_price": 40.4,
        "latest_roe": -1.04,
        "latest_gross_margin": 40.19,
        "latest_equity": 958926,
        "latest_revenue": 95792,
        "latest_gross_profit": 38498,
        "latest_net_income": -65253,
        "latest_debt_ratio": 56.96,
        "latest_current_ratio": 205.83,
        "latest_account_receivable_turnover_ratio": 1.8,
        "latest_inventory_turnover_ratio": 0.19,
        "latest_reinvestment_rate": -13.87,
        "latest_research_to_sale_ratio": 13.53
    },
    "eps_dividends": {
        "2001": {
            "cash": 0,
            "stock": 0,
            "eps": 0
        },
        "2002": {
            "cash": 0,
            "stock": 0,
            "eps": 0
        },
        "2003": {
            "cash": 0,
            "stock": 0,
            "eps": 0
        },
        "2004": {
            "cash": 0,
            "stock": 0,
            "eps": 0
        },
        "2005": {
            "cash": 0,
            "stock": 0,
            "eps": 0
        },
        "2006": {
            "cash": 0,
            "stock": 0,
            "eps": 0
        },
        "2007": {
            "cash": 0,
            "stock": 0,
            "eps": 0
        },
        "2008": {
            "cash": 0,
            "stock": 0,
            "eps": 0
        },
        "2009": {
            "cash": 0,
            "stock": 0,
            "eps": 0
        },
        "2010": {
            "cash": 2.5,
            "stock": 1,
            "eps": 0
        },
        "2011": {
            "cash": 0,
            "stock": 0,
            "eps": 0
        },
        "2012": {
            "cash": 0,
            "stock": 0,
            "eps": 0
        },
        "2013": {
            "cash": 0,
            "stock": 1,
            "eps": 0
        },
        "2014": {
            "cash": 0,
            "stock": 0,
            "eps": 0
        },
        "2015": {
            "cash": 0,
            "stock": 0.45,
            "eps": 0
        },
        "2016": {
            "cash": 0.2,
            "stock": 0.7,
            "eps": 0
        },
        "2017": {
            "cash": 2,
            "stock": 0,
            "eps": 0
        },
        "2018": {
            "cash": 1.13,
            "stock": 0,
            "eps": 2
        },
        "2019": {
            "cash": 1.5,
            "stock": 0,
            "eps": 2.05
        },
        "2020": {
            "cash": 1.6,
            "stock": 0,
            "eps": 1.53
        },
        "2021": {
            "cash": 1.2,
            "stock": 0,
            "eps": 1.71
        },
        "2022": {
            "cash": 1.2,
            "stock": 0,
            "eps": 1.28
        },
        "2023": {
            "cash": 1,
            "stock": 0,
            "eps": -1.29
        }
    },
    "dividends": {
        "2010-06-22": {
            "cash": 2.5,
            "stock": 1
        },
        "2013-06-27": {
            "cash": 0,
            "stock": 1
        },
        "2015-04-08": {
            "cash": 0,
            "stock": 0.45
        },
        "2016-03-28": {
            "cash": 0.2,
            "stock": 0.7
        },
        "2017-09-04": {
            "cash": 2,
            "stock": 0
        },
        "2018-08-30": {
            "cash": 1.13,
            "stock": 0
        },
        "2019-08-15": {
            "cash": 1.5,
            "stock": 0
        },
        "2020-08-26": {
            "cash": 1.6,
            "stock": 0
        },
        "2021-09-17": {
            "cash": 1.2,
            "stock": 0
        },
        "2022-09-06": {
            "cash": 1.2,
            "stock": 0
        },
        "2023-03-20": {
            "cash": 1,
            "stock": 0
        }
    },
    "prices": {
        "200101": "無",
        "200102": "無",
        "200103": "無",
        "200104": "無",
        "200105": "無",
        "200106": "無",
        "200107": "無",
        "200108": "無",
        "200109": "無",
        "200110": "無",
        "200111": "無",
        "200112": "無",
        "200201": "無",
        "200202": "無",
        "200203": "無",
        "200204": "無",
        "200205": "無",
        "200206": "無",
        "200207": "無",
        "200208": "無",
        "200209": "無",
        "200210": "無",
        "200211": "無",
        "200212": "無",
        "200301": "無",
        "200302": "無",
        "200303": "無",
        "200304": "無",
        "200305": "無",
        "200306": "無",
        "200307": "無",
        "200308": "無",
        "200309": "無",
        "200310": "無",
        "200311": "無",
        "200312": "無",
        "200401": "無",
        "200402": "無",
        "200403": "無",
        "200404": "無",
        "200405": "無",
        "200406": "無",
        "200407": "無",
        "200408": "無",
        "200409": "無",
        "200410": "無",
        "200411": "無",
        "200412": "無",
        "200501": "無",
        "200502": "無",
        "200503": "無",
        "200504": "無",
        "200505": "無",
        "200506": "無",
        "200507": "無",
        "200508": "無",
        "200509": "無",
        "200510": "無",
        "200511": "無",
        "200512": "無",
        "200601": "無",
        "200602": "無",
        "200603": "無",
        "200604": "無",
        "200605": "無",
        "200606": "無",
        "200607": "無",
        "200608": "無",
        "200609": "無",
        "200610": "無",
        "200611": "無",
        "200612": "無",
        "200701": "無",
        "200702": "無",
        "200703": "無",
        "200704": "無",
        "200705": "無",
        "200706": "無",
        "200707": "無",
        "200708": "無",
        "200709": "無",
        "200710": "無",
        "200711": "無",
        "200712": "無",
        "200801": "無",
        "200802": "無",
        "200803": "無",
        "200804": "無",
        "200805": "無",
        "200806": "無",
        "200807": "無",
        "200808": "無",
        "200809": "無",
        "200810": "無",
        "200811": "無",
        "200812": "無",
        "200901": "無",
        "200902": "無",
        "200903": "無",
        "200904": "無",
        "200905": "125.60",
        "200906": "120.12",
        "200907": "122.10",
        "200908": "124.56",
        "200909": "118.52",
        "200910": "120.05",
        "200911": "116.42",
        "200912": "111.20",
        "201001": "123.79",
        "201002": "127.65",
        "201003": "127.26",
        "201004": "120.63",
        "201005": "113.45",
        "201006": "116.84",
        "201007": "92.16",
        "201008": "92.77",
        "201009": "79.08",
        "201010": "58.44",
        "201011": "50.01",
        "201012": "47.40",
        "201101": "46.18",
        "201102": "39.13",
        "201103": "29.92",
        "201104": "27.15",
        "201105": "26.20",
        "201106": "29.30",
        "201107": "29.42",
        "201108": "29.43",
        "201109": "26.77",
        "201110": "23.39",
        "201111": "22.40",
        "201112": "21.19",
        "201201": "20.65",
        "201202": "24.35",
        "201203": "25.99",
        "201204": "25.64",
        "201205": "23.71",
        "201206": "21.43",
        "201207": "20.32",
        "201208": "21.98",
        "201209": "25.63",
        "201210": "28.83",
        "201211": "27.51",
        "201212": "27.86",
        "201301": "25.09",
        "201302": "33.66",
        "201303": "33.27",
        "201304": "32.49",
        "201305": "29.90",
        "201306": "28.72",
        "201307": "24.73",
        "201308": "20.75",
        "201309": "17.02",
        "201310": "16.17",
        "201311": "16.90",
        "201312": "17.01",
        "201401": "16.74",
        "201402": "17.88",
        "201403": "16.78",
        "201404": "19.35",
        "201405": "18.51",
        "201406": "17.61",
        "201407": "19.39",
        "201408": "19.64",
        "201409": "20.37",
        "201410": "18.66",
        "201411": "17.99",
        "201412": "17.74",
        "201501": "16.63",
        "201502": "16.28",
        "201503": "17.02",
        "201504": "16.81",
        "201505": "17.10",
        "201506": "16.91",
        "201507": "15.33",
        "201508": "12.39",
        "201509": "10.18",
        "201510": "10.37",
        "201511": "12.79",
        "201512": "28.65",
        "201601": "40.09",
        "201602": "37.98",
        "201603": "31.95",
        "201604": "32.13",
        "201605": "30.11",
        "201606": "30.48",
        "201607": "34.53",
        "201608": "35.96",
        "201609": "36.34",
        "201610": "33.70",
        "201611": "31.06",
        "201612": "33.47",
        "201701": "38.00",
        "201702": "37.48",
        "201703": "40.91",
        "201704": "45.14",
        "201705": "45.93",
        "201706": "48.02",
        "201707": "44.43",
        "201708": "37.14",
        "201709": "34.52",
        "201710": "36.36",
        "201711": "37.47",
        "201712": "33.33",
        "201801": "32.89",
        "201802": "32.97",
        "201803": "36.33",
        "201804": "37.13",
        "201805": "40.80",
        "201806": "40.43",
        "201807": "38.90",
        "201808": "35.86",
        "201809": "33.21",
        "201810": "30.62",
        "201811": "29.29",
        "201812": "33.29",
        "201901": "31.28",
        "201902": "30.02",
        "201903": "30.64",
        "201904": "31.17",
        "201905": "29.10",
        "201906": "28.56",
        "201907": "30.50",
        "201908": "28.55",
        "201909": "29.49",
        "201910": "34.11",
        "201911": "35.20",
        "201912": "33.79",
        "202001": "35.47",
        "202002": "38.31",
        "202003": "33.36",
        "202004": "31.83",
        "202005": "36.14",
        "202006": "38.62",
        "202007": "36.08",
        "202008": "32.53",
        "202009": "31.27",
        "202010": "32.20",
        "202011": "31.55",
        "202012": "30.06",
        "202101": "28.91",
        "202102": "28.93",
        "202103": "28.99",
        "202104": "28.97",
        "202105": "26.53",
        "202106": "25.92",
        "202107": "26.62",
        "202108": "27.45",
        "202109": "26.38",
        "202110": "26.30",
        "202111": "26.48",
        "202112": "34.76",
        "202201": "35.86",
        "202202": "33.45",
        "202203": "30.95",
        "202204": "32.32",
        "202205": "28.20",
        "202206": "27.00",
        "202207": "26.61",
        "202208": "28.19",
        "202209": "27.19",
        "202210": "24.47",
        "202211": "25.64",
        "202212": "26.61",
        "202301": "25.79",
        "202302": "31.75",
        "202303": "30.95",
        "202304": "34.66",
        "202305": "41.37",
        "202306": "39.26"
    },
    "quarters": {
        "20011": {
            "year_quarter": 20011,
            "year": 2001,
            "quarter": 1,
            "eps": null,
            "eps_growth_year": null,
            "eps_4q": null,
            "eps_4q_growth_year": null,
            "roe": null,
            "roe_4q": 0,
            "gross_profit": null,
            "gross_margin": null,
            "gross_margin_4q_avg": 0,
            "net_income": null,
            "revenue": null,
            "common_shares": null,
            "book_valuer_per_share": null,
            "book_valuer_per_share_4q_avg": 0,
            "equity": null,
            "current_ratio": null,
            "debt_ratio": null,
            "inventory_turnover_ratio": null,
            "account_receivable_turnover_ratio": null,
            "reinvestment_rate": null,
            "research_to_sale_ratio": null,
            "price_fair": 0,
            "eps_avg_yearly": 0,
            "eps_latest_yearly": 0,
            "eps_growth_yearly": 0
        },
        "20012": {
            "year_quarter": 20012,
            "year": 2001,
            "quarter": 2,
            "eps": null,
            "eps_growth_year": null,
            "eps_4q": null,
            "eps_4q_growth_year": null,
            "roe": null,
            "roe_4q": 0,
            "gross_profit": null,
            "gross_margin": null,
            "gross_margin_4q_avg": 0,
            "net_income": null,
            "revenue": null,
            "common_shares": null,
            "book_valuer_per_share": null,
            "book_valuer_per_share_4q_avg": 0,
            "equity": null,
            "current_ratio": null,
            "debt_ratio": null,
            "inventory_turnover_ratio": null,
            "account_receivable_turnover_ratio": null,
            "reinvestment_rate": null,
            "research_to_sale_ratio": null,
            "price_fair": 0,
            "eps_avg_yearly": 0,
            "eps_latest_yearly": 0,
            "eps_growth_yearly": 0
        },
        "20013": {
            "year_quarter": 20013,
            "year": 2001,
            "quarter": 3,
            "eps": null,
            "eps_growth_year": null,
            "eps_4q": null,
            "eps_4q_growth_year": null,
            "roe": null,
            "roe_4q": 0,
            "gross_profit": null,
            "gross_margin": null,
            "gross_margin_4q_avg": 0,
            "net_income": null,
            "revenue": null,
            "common_shares": null,
            "book_valuer_per_share": null,
            "book_valuer_per_share_4q_avg": 0,
            "equity": null,
            "current_ratio": null,
            "debt_ratio": null,
            "inventory_turnover_ratio": null,
            "account_receivable_turnover_ratio": null,
            "reinvestment_rate": null,
            "research_to_sale_ratio": null,
            "price_fair": 0,
            "eps_avg_yearly": 0,
            "eps_latest_yearly": 0,
            "eps_growth_yearly": 0
        },
        "20014": {
            "year_quarter": 20014,
            "year": 2001,
            "quarter": 4,
            "eps": null,
            "eps_growth_year": null,
            "eps_4q": null,
            "eps_4q_growth_year": null,
            "roe": null,
            "roe_4q": 0,
            "gross_profit": null,
            "gross_margin": null,
            "gross_margin_4q_avg": 0,
            "net_income": null,
            "revenue": null,
            "common_shares": null,
            "book_valuer_per_share": null,
            "book_valuer_per_share_4q_avg": 0,
            "equity": null,
            "current_ratio": null,
            "debt_ratio": null,
            "inventory_turnover_ratio": null,
            "account_receivable_turnover_ratio": null,
            "reinvestment_rate": null,
            "research_to_sale_ratio": null,
            "price_fair": 0,
            "eps_avg_yearly": 0,
            "eps_latest_yearly": 0,
            "eps_growth_yearly": 0
        },
        "20021": {
            "year_quarter": 20021,
            "year": 2002,
            "quarter": 1,
            "eps": null,
            "eps_growth_year": null,
            "eps_4q": null,
            "eps_4q_growth_year": null,
            "roe": null,
            "roe_4q": 0,
            "gross_profit": null,
            "gross_margin": null,
            "gross_margin_4q_avg": 0,
            "net_income": null,
            "revenue": null,
            "common_shares": null,
            "book_valuer_per_share": null,
            "book_valuer_per_share_4q_avg": 0,
            "equity": null,
            "current_ratio": null,
            "debt_ratio": null,
            "inventory_turnover_ratio": null,
            "account_receivable_turnover_ratio": null,
            "reinvestment_rate": null,
            "research_to_sale_ratio": null,
            "price_fair": 0,
            "eps_avg_yearly": 0,
            "eps_latest_yearly": 0,
            "eps_growth_yearly": 0
        },
        "20022": {
            "year_quarter": 20022,
            "year": 2002,
            "quarter": 2,
            "eps": null,
            "eps_growth_year": null,
            "eps_4q": null,
            "eps_4q_growth_year": null,
            "roe": null,
            "roe_4q": 0,
            "gross_profit": null,
            "gross_margin": null,
            "gross_margin_4q_avg": 0,
            "net_income": null,
            "revenue": null,
            "common_shares": null,
            "book_valuer_per_share": null,
            "book_valuer_per_share_4q_avg": 0,
            "equity": null,
            "current_ratio": null,
            "debt_ratio": null,
            "inventory_turnover_ratio": null,
            "account_receivable_turnover_ratio": null,
            "reinvestment_rate": null,
            "research_to_sale_ratio": null,
            "price_fair": 0,
            "eps_avg_yearly": 0,
            "eps_latest_yearly": 0,
            "eps_growth_yearly": 0
        },
        "20023": {
            "year_quarter": 20023,
            "year": 2002,
            "quarter": 3,
            "eps": null,
            "eps_growth_year": null,
            "eps_4q": null,
            "eps_4q_growth_year": null,
            "roe": null,
            "roe_4q": 0,
            "gross_profit": null,
            "gross_margin": null,
            "gross_margin_4q_avg": 0,
            "net_income": null,
            "revenue": null,
            "common_shares": null,
            "book_valuer_per_share": null,
            "book_valuer_per_share_4q_avg": 0,
            "equity": null,
            "current_ratio": null,
            "debt_ratio": null,
            "inventory_turnover_ratio": null,
            "account_receivable_turnover_ratio": null,
            "reinvestment_rate": null,
            "research_to_sale_ratio": null,
            "price_fair": 0,
            "eps_avg_yearly": 0,
            "eps_latest_yearly": 0,
            "eps_growth_yearly": 0
        },
        "20024": {
            "year_quarter": 20024,
            "year": 2002,
            "quarter": 4,
            "eps": null,
            "eps_growth_year": null,
            "eps_4q": null,
            "eps_4q_growth_year": null,
            "roe": null,
            "roe_4q": 0,
            "gross_profit": null,
            "gross_margin": null,
            "gross_margin_4q_avg": 0,
            "net_income": null,
            "revenue": null,
            "common_shares": null,
            "book_valuer_per_share": null,
            "book_valuer_per_share_4q_avg": 0,
            "equity": null,
            "current_ratio": null,
            "debt_ratio": null,
            "inventory_turnover_ratio": null,
            "account_receivable_turnover_ratio": null,
            "reinvestment_rate": null,
            "research_to_sale_ratio": null,
            "price_fair": 0,
            "eps_avg_yearly": 0,
            "eps_latest_yearly": 0,
            "eps_growth_yearly": 0
        },
        "20031": {
            "year_quarter": 20031,
            "year": 2003,
            "quarter": 1,
            "eps": null,
            "eps_growth_year": null,
            "eps_4q": null,
            "eps_4q_growth_year": null,
            "roe": null,
            "roe_4q": 0,
            "gross_profit": null,
            "gross_margin": null,
            "gross_margin_4q_avg": 0,
            "net_income": null,
            "revenue": null,
            "common_shares": null,
            "book_valuer_per_share": null,
            "book_valuer_per_share_4q_avg": 0,
            "equity": null,
            "current_ratio": null,
            "debt_ratio": null,
            "inventory_turnover_ratio": null,
            "account_receivable_turnover_ratio": null,
            "reinvestment_rate": null,
            "research_to_sale_ratio": null,
            "price_fair": 0,
            "eps_avg_yearly": 0,
            "eps_latest_yearly": 0,
            "eps_growth_yearly": 0
        },
        "20032": {
            "year_quarter": 20032,
            "year": 2003,
            "quarter": 2,
            "eps": null,
            "eps_growth_year": null,
            "eps_4q": null,
            "eps_4q_growth_year": null,
            "roe": null,
            "roe_4q": 0,
            "gross_profit": null,
            "gross_margin": null,
            "gross_margin_4q_avg": 0,
            "net_income": null,
            "revenue": null,
            "common_shares": null,
            "book_valuer_per_share": null,
            "book_valuer_per_share_4q_avg": 0,
            "equity": null,
            "current_ratio": null,
            "debt_ratio": null,
            "inventory_turnover_ratio": null,
            "account_receivable_turnover_ratio": null,
            "reinvestment_rate": null,
            "research_to_sale_ratio": null,
            "price_fair": 0,
            "eps_avg_yearly": 0,
            "eps_latest_yearly": 0,
            "eps_growth_yearly": 0
        },
        "20033": {
            "year_quarter": 20033,
            "year": 2003,
            "quarter": 3,
            "eps": null,
            "eps_growth_year": null,
            "eps_4q": null,
            "eps_4q_growth_year": null,
            "roe": null,
            "roe_4q": 0,
            "gross_profit": null,
            "gross_margin": null,
            "gross_margin_4q_avg": 0,
            "net_income": null,
            "revenue": null,
            "common_shares": null,
            "book_valuer_per_share": null,
            "book_valuer_per_share_4q_avg": 0,
            "equity": null,
            "current_ratio": null,
            "debt_ratio": null,
            "inventory_turnover_ratio": null,
            "account_receivable_turnover_ratio": null,
            "reinvestment_rate": null,
            "research_to_sale_ratio": null,
            "price_fair": 0,
            "eps_avg_yearly": 0,
            "eps_latest_yearly": 0,
            "eps_growth_yearly": 0
        },
        "20034": {
            "year_quarter": 20034,
            "year": 2003,
            "quarter": 4,
            "eps": null,
            "eps_growth_year": null,
            "eps_4q": null,
            "eps_4q_growth_year": null,
            "roe": null,
            "roe_4q": 0,
            "gross_profit": null,
            "gross_margin": null,
            "gross_margin_4q_avg": 0,
            "net_income": null,
            "revenue": null,
            "common_shares": null,
            "book_valuer_per_share": null,
            "book_valuer_per_share_4q_avg": 0,
            "equity": null,
            "current_ratio": null,
            "debt_ratio": null,
            "inventory_turnover_ratio": null,
            "account_receivable_turnover_ratio": null,
            "reinvestment_rate": null,
            "research_to_sale_ratio": null,
            "price_fair": 0,
            "eps_avg_yearly": 0,
            "eps_latest_yearly": 0,
            "eps_growth_yearly": 0
        },
        "20041": {
            "year_quarter": 20041,
            "year": 2004,
            "quarter": 1,
            "eps": null,
            "eps_growth_year": null,
            "eps_4q": null,
            "eps_4q_growth_year": null,
            "roe": null,
            "roe_4q": 0,
            "gross_profit": null,
            "gross_margin": null,
            "gross_margin_4q_avg": 0,
            "net_income": null,
            "revenue": null,
            "common_shares": null,
            "book_valuer_per_share": null,
            "book_valuer_per_share_4q_avg": 0,
            "equity": null,
            "current_ratio": null,
            "debt_ratio": null,
            "inventory_turnover_ratio": null,
            "account_receivable_turnover_ratio": null,
            "reinvestment_rate": null,
            "research_to_sale_ratio": null,
            "price_fair": 0,
            "eps_avg_yearly": 0,
            "eps_latest_yearly": 0,
            "eps_growth_yearly": 0
        },
        "20042": {
            "year_quarter": 20042,
            "year": 2004,
            "quarter": 2,
            "eps": null,
            "eps_growth_year": null,
            "eps_4q": null,
            "eps_4q_growth_year": null,
            "roe": null,
            "roe_4q": 0,
            "gross_profit": null,
            "gross_margin": null,
            "gross_margin_4q_avg": 0,
            "net_income": null,
            "revenue": null,
            "common_shares": null,
            "book_valuer_per_share": null,
            "book_valuer_per_share_4q_avg": 0,
            "equity": null,
            "current_ratio": null,
            "debt_ratio": null,
            "inventory_turnover_ratio": null,
            "account_receivable_turnover_ratio": null,
            "reinvestment_rate": null,
            "research_to_sale_ratio": null,
            "price_fair": 0,
            "eps_avg_yearly": 0,
            "eps_latest_yearly": 0,
            "eps_growth_yearly": 0
        },
        "20043": {
            "year_quarter": 20043,
            "year": 2004,
            "quarter": 3,
            "eps": null,
            "eps_growth_year": null,
            "eps_4q": null,
            "eps_4q_growth_year": null,
            "roe": null,
            "roe_4q": 0,
            "gross_profit": null,
            "gross_margin": null,
            "gross_margin_4q_avg": 0,
            "net_income": null,
            "revenue": null,
            "common_shares": null,
            "book_valuer_per_share": null,
            "book_valuer_per_share_4q_avg": 0,
            "equity": null,
            "current_ratio": null,
            "debt_ratio": null,
            "inventory_turnover_ratio": null,
            "account_receivable_turnover_ratio": null,
            "reinvestment_rate": null,
            "research_to_sale_ratio": null,
            "price_fair": 0,
            "eps_avg_yearly": 0,
            "eps_latest_yearly": 0,
            "eps_growth_yearly": 0
        },
        "20044": {
            "year_quarter": 20044,
            "year": 2004,
            "quarter": 4,
            "eps": null,
            "eps_growth_year": null,
            "eps_4q": null,
            "eps_4q_growth_year": null,
            "roe": null,
            "roe_4q": 0,
            "gross_profit": null,
            "gross_margin": null,
            "gross_margin_4q_avg": 0,
            "net_income": null,
            "revenue": null,
            "common_shares": null,
            "book_valuer_per_share": null,
            "book_valuer_per_share_4q_avg": 0,
            "equity": null,
            "current_ratio": null,
            "debt_ratio": null,
            "inventory_turnover_ratio": null,
            "account_receivable_turnover_ratio": null,
            "reinvestment_rate": null,
            "research_to_sale_ratio": null,
            "price_fair": 0,
            "eps_avg_yearly": 0,
            "eps_latest_yearly": 0,
            "eps_growth_yearly": 0
        },
        "20051": {
            "year_quarter": 20051,
            "year": 2005,
            "quarter": 1,
            "eps": null,
            "eps_growth_year": null,
            "eps_4q": null,
            "eps_4q_growth_year": null,
            "roe": null,
            "roe_4q": 0,
            "gross_profit": null,
            "gross_margin": null,
            "gross_margin_4q_avg": 0,
            "net_income": null,
            "revenue": null,
            "common_shares": null,
            "book_valuer_per_share": null,
            "book_valuer_per_share_4q_avg": 0,
            "equity": null,
            "current_ratio": null,
            "debt_ratio": null,
            "inventory_turnover_ratio": null,
            "account_receivable_turnover_ratio": null,
            "reinvestment_rate": null,
            "research_to_sale_ratio": null,
            "price_fair": 0,
            "eps_avg_yearly": 0,
            "eps_latest_yearly": 0,
            "eps_growth_yearly": 0
        },
        "20052": {
            "year_quarter": 20052,
            "year": 2005,
            "quarter": 2,
            "eps": null,
            "eps_growth_year": null,
            "eps_4q": null,
            "eps_4q_growth_year": null,
            "roe": null,
            "roe_4q": 0,
            "gross_profit": null,
            "gross_margin": null,
            "gross_margin_4q_avg": 0,
            "net_income": null,
            "revenue": null,
            "common_shares": null,
            "book_valuer_per_share": null,
            "book_valuer_per_share_4q_avg": 0,
            "equity": null,
            "current_ratio": null,
            "debt_ratio": null,
            "inventory_turnover_ratio": null,
            "account_receivable_turnover_ratio": null,
            "reinvestment_rate": null,
            "research_to_sale_ratio": null,
            "price_fair": 0,
            "eps_avg_yearly": 0,
            "eps_latest_yearly": 0,
            "eps_growth_yearly": 0
        },
        "20053": {
            "year_quarter": 20053,
            "year": 2005,
            "quarter": 3,
            "eps": null,
            "eps_growth_year": null,
            "eps_4q": null,
            "eps_4q_growth_year": null,
            "roe": null,
            "roe_4q": 0,
            "gross_profit": null,
            "gross_margin": null,
            "gross_margin_4q_avg": 0,
            "net_income": null,
            "revenue": null,
            "common_shares": null,
            "book_valuer_per_share": null,
            "book_valuer_per_share_4q_avg": 0,
            "equity": null,
            "current_ratio": null,
            "debt_ratio": null,
            "inventory_turnover_ratio": null,
            "account_receivable_turnover_ratio": null,
            "reinvestment_rate": null,
            "research_to_sale_ratio": null,
            "price_fair": 0,
            "eps_avg_yearly": 0,
            "eps_latest_yearly": 0,
            "eps_growth_yearly": 0
        },
        "20054": {
            "year_quarter": 20054,
            "year": 2005,
            "quarter": 4,
            "eps": null,
            "eps_growth_year": null,
            "eps_4q": null,
            "eps_4q_growth_year": null,
            "roe": null,
            "roe_4q": 0,
            "gross_profit": null,
            "gross_margin": null,
            "gross_margin_4q_avg": 0,
            "net_income": null,
            "revenue": null,
            "common_shares": null,
            "book_valuer_per_share": null,
            "book_valuer_per_share_4q_avg": 0,
            "equity": null,
            "current_ratio": null,
            "debt_ratio": null,
            "inventory_turnover_ratio": null,
            "account_receivable_turnover_ratio": null,
            "reinvestment_rate": null,
            "research_to_sale_ratio": null,
            "price_fair": 0,
            "eps_avg_yearly": 0,
            "eps_latest_yearly": 0,
            "eps_growth_yearly": 0
        },
        "20061": {
            "year_quarter": 20061,
            "year": 2006,
            "quarter": 1,
            "eps": null,
            "eps_growth_year": null,
            "eps_4q": null,
            "eps_4q_growth_year": null,
            "roe": null,
            "roe_4q": 0,
            "gross_profit": null,
            "gross_margin": null,
            "gross_margin_4q_avg": 0,
            "net_income": null,
            "revenue": null,
            "common_shares": null,
            "book_valuer_per_share": null,
            "book_valuer_per_share_4q_avg": 0,
            "equity": null,
            "current_ratio": null,
            "debt_ratio": null,
            "inventory_turnover_ratio": null,
            "account_receivable_turnover_ratio": null,
            "reinvestment_rate": null,
            "research_to_sale_ratio": null,
            "price_fair": 0,
            "eps_avg_yearly": 0,
            "eps_latest_yearly": 0,
            "eps_growth_yearly": 0
        },
        "20062": {
            "year_quarter": 20062,
            "year": 2006,
            "quarter": 2,
            "eps": null,
            "eps_growth_year": null,
            "eps_4q": null,
            "eps_4q_growth_year": null,
            "roe": null,
            "roe_4q": 0,
            "gross_profit": null,
            "gross_margin": null,
            "gross_margin_4q_avg": 0,
            "net_income": null,
            "revenue": null,
            "common_shares": null,
            "book_valuer_per_share": null,
            "book_valuer_per_share_4q_avg": 0,
            "equity": null,
            "current_ratio": null,
            "debt_ratio": null,
            "inventory_turnover_ratio": null,
            "account_receivable_turnover_ratio": null,
            "reinvestment_rate": null,
            "research_to_sale_ratio": null,
            "price_fair": 0,
            "eps_avg_yearly": 0,
            "eps_latest_yearly": 0,
            "eps_growth_yearly": 0
        },
        "20063": {
            "year_quarter": 20063,
            "year": 2006,
            "quarter": 3,
            "eps": null,
            "eps_growth_year": null,
            "eps_4q": null,
            "eps_4q_growth_year": null,
            "roe": null,
            "roe_4q": 0,
            "gross_profit": null,
            "gross_margin": null,
            "gross_margin_4q_avg": 0,
            "net_income": null,
            "revenue": null,
            "common_shares": null,
            "book_valuer_per_share": null,
            "book_valuer_per_share_4q_avg": 0,
            "equity": null,
            "current_ratio": null,
            "debt_ratio": null,
            "inventory_turnover_ratio": null,
            "account_receivable_turnover_ratio": null,
            "reinvestment_rate": null,
            "research_to_sale_ratio": null,
            "price_fair": 0,
            "eps_avg_yearly": 0,
            "eps_latest_yearly": 0,
            "eps_growth_yearly": 0
        },
        "20064": {
            "year_quarter": 20064,
            "year": 2006,
            "quarter": 4,
            "eps": null,
            "eps_growth_year": null,
            "eps_4q": null,
            "eps_4q_growth_year": null,
            "roe": null,
            "roe_4q": 0,
            "gross_profit": null,
            "gross_margin": null,
            "gross_margin_4q_avg": 0,
            "net_income": null,
            "revenue": null,
            "common_shares": null,
            "book_valuer_per_share": null,
            "book_valuer_per_share_4q_avg": 0,
            "equity": null,
            "current_ratio": null,
            "debt_ratio": null,
            "inventory_turnover_ratio": null,
            "account_receivable_turnover_ratio": null,
            "reinvestment_rate": null,
            "research_to_sale_ratio": null,
            "price_fair": 0,
            "eps_avg_yearly": 0,
            "eps_latest_yearly": 0,
            "eps_growth_yearly": 0
        },
        "20071": {
            "year_quarter": 20071,
            "year": 2007,
            "quarter": 1,
            "eps": null,
            "eps_growth_year": null,
            "eps_4q": null,
            "eps_4q_growth_year": null,
            "roe": null,
            "roe_4q": 0,
            "gross_profit": null,
            "gross_margin": null,
            "gross_margin_4q_avg": 0,
            "net_income": null,
            "revenue": null,
            "common_shares": null,
            "book_valuer_per_share": null,
            "book_valuer_per_share_4q_avg": 0,
            "equity": null,
            "current_ratio": null,
            "debt_ratio": null,
            "inventory_turnover_ratio": null,
            "account_receivable_turnover_ratio": null,
            "reinvestment_rate": null,
            "research_to_sale_ratio": null,
            "price_fair": 0,
            "eps_avg_yearly": 0,
            "eps_latest_yearly": 0,
            "eps_growth_yearly": 0
        },
        "20072": {
            "year_quarter": 20072,
            "year": 2007,
            "quarter": 2,
            "eps": null,
            "eps_growth_year": null,
            "eps_4q": null,
            "eps_4q_growth_year": null,
            "roe": null,
            "roe_4q": 0,
            "gross_profit": null,
            "gross_margin": null,
            "gross_margin_4q_avg": 0,
            "net_income": null,
            "revenue": null,
            "common_shares": null,
            "book_valuer_per_share": null,
            "book_valuer_per_share_4q_avg": 0,
            "equity": null,
            "current_ratio": null,
            "debt_ratio": null,
            "inventory_turnover_ratio": null,
            "account_receivable_turnover_ratio": null,
            "reinvestment_rate": null,
            "research_to_sale_ratio": null,
            "price_fair": 0,
            "eps_avg_yearly": 0,
            "eps_latest_yearly": 0,
            "eps_growth_yearly": 0
        },
        "20073": {
            "year_quarter": 20073,
            "year": 2007,
            "quarter": 3,
            "eps": null,
            "eps_growth_year": null,
            "eps_4q": null,
            "eps_4q_growth_year": null,
            "roe": null,
            "roe_4q": 0,
            "gross_profit": null,
            "gross_margin": null,
            "gross_margin_4q_avg": 0,
            "net_income": null,
            "revenue": null,
            "common_shares": null,
            "book_valuer_per_share": null,
            "book_valuer_per_share_4q_avg": 0,
            "equity": null,
            "current_ratio": null,
            "debt_ratio": null,
            "inventory_turnover_ratio": null,
            "account_receivable_turnover_ratio": null,
            "reinvestment_rate": null,
            "research_to_sale_ratio": null,
            "price_fair": 0,
            "eps_avg_yearly": 0,
            "eps_latest_yearly": 0,
            "eps_growth_yearly": 0
        },
        "20074": {
            "year_quarter": 20074,
            "year": 2007,
            "quarter": 4,
            "eps": null,
            "eps_growth_year": null,
            "eps_4q": null,
            "eps_4q_growth_year": null,
            "roe": null,
            "roe_4q": 0,
            "gross_profit": null,
            "gross_margin": null,
            "gross_margin_4q_avg": 0,
            "net_income": null,
            "revenue": null,
            "common_shares": null,
            "book_valuer_per_share": null,
            "book_valuer_per_share_4q_avg": 0,
            "equity": null,
            "current_ratio": null,
            "debt_ratio": null,
            "inventory_turnover_ratio": null,
            "account_receivable_turnover_ratio": null,
            "reinvestment_rate": null,
            "research_to_sale_ratio": null,
            "price_fair": 0,
            "eps_avg_yearly": 0,
            "eps_latest_yearly": 0,
            "eps_growth_yearly": 0
        },
        "20081": {
            "year_quarter": 20081,
            "year": 2008,
            "quarter": 1,
            "eps": null,
            "eps_growth_year": null,
            "eps_4q": null,
            "eps_4q_growth_year": null,
            "roe": null,
            "roe_4q": 0,
            "gross_profit": null,
            "gross_margin": null,
            "gross_margin_4q_avg": 0,
            "net_income": null,
            "revenue": null,
            "common_shares": null,
            "book_valuer_per_share": null,
            "book_valuer_per_share_4q_avg": 0,
            "equity": null,
            "current_ratio": null,
            "debt_ratio": null,
            "inventory_turnover_ratio": null,
            "account_receivable_turnover_ratio": null,
            "reinvestment_rate": null,
            "research_to_sale_ratio": null,
            "price_fair": 0,
            "eps_avg_yearly": 0,
            "eps_latest_yearly": 0,
            "eps_growth_yearly": 0
        },
        "20082": {
            "year_quarter": 20082,
            "year": 2008,
            "quarter": 2,
            "eps": null,
            "eps_growth_year": null,
            "eps_4q": null,
            "eps_4q_growth_year": null,
            "roe": null,
            "roe_4q": 0,
            "gross_profit": null,
            "gross_margin": null,
            "gross_margin_4q_avg": 0,
            "net_income": null,
            "revenue": null,
            "common_shares": null,
            "book_valuer_per_share": null,
            "book_valuer_per_share_4q_avg": 0,
            "equity": null,
            "current_ratio": null,
            "debt_ratio": null,
            "inventory_turnover_ratio": null,
            "account_receivable_turnover_ratio": null,
            "reinvestment_rate": null,
            "research_to_sale_ratio": null,
            "price_fair": 0,
            "eps_avg_yearly": 0,
            "eps_latest_yearly": 0,
            "eps_growth_yearly": 0
        },
        "20083": {
            "year_quarter": 20083,
            "year": 2008,
            "quarter": 3,
            "eps": null,
            "eps_growth_year": null,
            "eps_4q": null,
            "eps_4q_growth_year": null,
            "roe": null,
            "roe_4q": 0,
            "gross_profit": null,
            "gross_margin": null,
            "gross_margin_4q_avg": 0,
            "net_income": null,
            "revenue": null,
            "common_shares": null,
            "book_valuer_per_share": null,
            "book_valuer_per_share_4q_avg": 0,
            "equity": null,
            "current_ratio": null,
            "debt_ratio": null,
            "inventory_turnover_ratio": null,
            "account_receivable_turnover_ratio": null,
            "reinvestment_rate": null,
            "research_to_sale_ratio": null,
            "price_fair": 0,
            "eps_avg_yearly": 0,
            "eps_latest_yearly": 0,
            "eps_growth_yearly": 0
        },
        "20084": {
            "year_quarter": 20084,
            "year": 2008,
            "quarter": 4,
            "eps": null,
            "eps_growth_year": null,
            "eps_4q": null,
            "eps_4q_growth_year": null,
            "roe": null,
            "roe_4q": 0,
            "gross_profit": null,
            "gross_margin": null,
            "gross_margin_4q_avg": 0,
            "net_income": null,
            "revenue": null,
            "common_shares": 170000,
            "book_valuer_per_share": null,
            "book_valuer_per_share_4q_avg": 0,
            "equity": 309106,
            "current_ratio": null,
            "debt_ratio": null,
            "inventory_turnover_ratio": null,
            "account_receivable_turnover_ratio": null,
            "reinvestment_rate": null,
            "research_to_sale_ratio": null,
            "price_fair": 0,
            "eps_avg_yearly": 0,
            "eps_latest_yearly": 0,
            "eps_growth_yearly": 0
        },
        "20091": {
            "year_quarter": 20091,
            "year": 2009,
            "quarter": 1,
            "eps": null,
            "eps_growth_year": null,
            "eps_4q": null,
            "eps_4q_growth_year": null,
            "roe": null,
            "roe_4q": 0,
            "gross_profit": null,
            "gross_margin": null,
            "gross_margin_4q_avg": 0,
            "net_income": null,
            "revenue": null,
            "common_shares": null,
            "book_valuer_per_share": null,
            "book_valuer_per_share_4q_avg": 0,
            "equity": null,
            "current_ratio": null,
            "debt_ratio": null,
            "inventory_turnover_ratio": null,
            "account_receivable_turnover_ratio": null,
            "reinvestment_rate": null,
            "research_to_sale_ratio": null,
            "price_fair": 0,
            "eps_avg_yearly": 0,
            "eps_latest_yearly": 0,
            "eps_growth_yearly": 0
        },
        "20092": {
            "year_quarter": 20092,
            "year": 2009,
            "quarter": 2,
            "eps": null,
            "eps_growth_year": null,
            "eps_4q": null,
            "eps_4q_growth_year": null,
            "roe": null,
            "roe_4q": 0,
            "gross_profit": null,
            "gross_margin": null,
            "gross_margin_4q_avg": 0,
            "net_income": null,
            "revenue": null,
            "common_shares": 170000,
            "book_valuer_per_share": null,
            "book_valuer_per_share_4q_avg": 0,
            "equity": 236231,
            "current_ratio": null,
            "debt_ratio": null,
            "inventory_turnover_ratio": null,
            "account_receivable_turnover_ratio": null,
            "reinvestment_rate": null,
            "research_to_sale_ratio": null,
            "price_fair": 0,
            "eps_avg_yearly": 0,
            "eps_latest_yearly": 0,
            "eps_growth_yearly": 0
        },
        "20093": {
            "year_quarter": 20093,
            "year": 2009,
            "quarter": 3,
            "eps": null,
            "eps_growth_year": null,
            "eps_4q": null,
            "eps_4q_growth_year": null,
            "roe": null,
            "roe_4q": 0,
            "gross_profit": null,
            "gross_margin": null,
            "gross_margin_4q_avg": 0,
            "net_income": null,
            "revenue": null,
            "common_shares": null,
            "book_valuer_per_share": null,
            "book_valuer_per_share_4q_avg": 0,
            "equity": null,
            "current_ratio": null,
            "debt_ratio": null,
            "inventory_turnover_ratio": null,
            "account_receivable_turnover_ratio": null,
            "reinvestment_rate": null,
            "research_to_sale_ratio": null,
            "price_fair": 0,
            "eps_avg_yearly": 0,
            "eps_latest_yearly": 0,
            "eps_growth_yearly": 0
        },
        "20094": {
            "year_quarter": 20094,
            "year": 2009,
            "quarter": 4,
            "eps": null,
            "eps_growth_year": null,
            "eps_4q": null,
            "eps_4q_growth_year": null,
            "roe": null,
            "roe_4q": 0,
            "gross_profit": null,
            "gross_margin": null,
            "gross_margin_4q_avg": 0,
            "net_income": null,
            "revenue": null,
            "common_shares": 170000,
            "book_valuer_per_share": 15.88,
            "book_valuer_per_share_4q_avg": 3.97,
            "equity": 246017,
            "current_ratio": 125.62,
            "debt_ratio": 68.6,
            "inventory_turnover_ratio": null,
            "account_receivable_turnover_ratio": null,
            "reinvestment_rate": null,
            "research_to_sale_ratio": null,
            "price_fair": 0,
            "eps_avg_yearly": 0,
            "eps_latest_yearly": 0,
            "eps_growth_yearly": 0
        },
        "20101": {
            "year_quarter": 20101,
            "year": 2010,
            "quarter": 1,
            "eps": null,
            "eps_growth_year": null,
            "eps_4q": null,
            "eps_4q_growth_year": null,
            "roe": null,
            "roe_4q": 0,
            "gross_profit": null,
            "gross_margin": null,
            "gross_margin_4q_avg": 0,
            "net_income": null,
            "revenue": null,
            "common_shares": null,
            "book_valuer_per_share": null,
            "book_valuer_per_share_4q_avg": 3.97,
            "equity": null,
            "current_ratio": null,
            "debt_ratio": null,
            "inventory_turnover_ratio": null,
            "account_receivable_turnover_ratio": null,
            "reinvestment_rate": null,
            "research_to_sale_ratio": null,
            "price_fair": 0,
            "eps_avg_yearly": 0,
            "eps_latest_yearly": 0,
            "eps_growth_yearly": 0
        },
        "20102": {
            "year_quarter": 20102,
            "year": 2010,
            "quarter": 2,
            "eps": null,
            "eps_growth_year": null,
            "eps_4q": null,
            "eps_4q_growth_year": null,
            "roe": null,
            "roe_4q": 0,
            "gross_profit": null,
            "gross_margin": null,
            "gross_margin_4q_avg": 0,
            "net_income": null,
            "revenue": null,
            "common_shares": 187600,
            "book_valuer_per_share": 21.56,
            "book_valuer_per_share_4q_avg": 9.36,
            "equity": 355993,
            "current_ratio": 130.64,
            "debt_ratio": 63.38,
            "inventory_turnover_ratio": null,
            "account_receivable_turnover_ratio": null,
            "reinvestment_rate": null,
            "research_to_sale_ratio": null,
            "price_fair": 0,
            "eps_avg_yearly": 0,
            "eps_latest_yearly": 0,
            "eps_growth_yearly": 0
        },
        "20103": {
            "year_quarter": 20103,
            "year": 2010,
            "quarter": 3,
            "eps": null,
            "eps_growth_year": null,
            "eps_4q": null,
            "eps_4q_growth_year": null,
            "roe": null,
            "roe_4q": 0,
            "gross_profit": null,
            "gross_margin": null,
            "gross_margin_4q_avg": 0,
            "net_income": null,
            "revenue": null,
            "common_shares": null,
            "book_valuer_per_share": null,
            "book_valuer_per_share_4q_avg": 9.36,
            "equity": null,
            "current_ratio": null,
            "debt_ratio": null,
            "inventory_turnover_ratio": null,
            "account_receivable_turnover_ratio": null,
            "reinvestment_rate": null,
            "research_to_sale_ratio": null,
            "price_fair": 0,
            "eps_avg_yearly": 0,
            "eps_latest_yearly": 0,
            "eps_growth_yearly": 0
        },
        "20104": {
            "year_quarter": 20104,
            "year": 2010,
            "quarter": 4,
            "eps": null,
            "eps_growth_year": null,
            "eps_4q": null,
            "eps_4q_growth_year": null,
            "roe": null,
            "roe_4q": 0,
            "gross_profit": null,
            "gross_margin": null,
            "gross_margin_4q_avg": 0,
            "net_income": null,
            "revenue": null,
            "common_shares": 206360,
            "book_valuer_per_share": 19.16,
            "book_valuer_per_share_4q_avg": 10.18,
            "equity": 395818,
            "current_ratio": 132.36,
            "debt_ratio": 61.56,
            "inventory_turnover_ratio": null,
            "account_receivable_turnover_ratio": null,
            "reinvestment_rate": null,
            "research_to_sale_ratio": null,
            "price_fair": 0,
            "eps_avg_yearly": 0,
            "eps_latest_yearly": 0,
            "eps_growth_yearly": 0
        },
        "20111": {
            "year_quarter": 20111,
            "year": 2011,
            "quarter": 1,
            "eps": null,
            "eps_growth_year": null,
            "eps_4q": null,
            "eps_4q_growth_year": null,
            "roe": null,
            "roe_4q": 0,
            "gross_profit": null,
            "gross_margin": null,
            "gross_margin_4q_avg": 0,
            "net_income": null,
            "revenue": null,
            "common_shares": null,
            "book_valuer_per_share": null,
            "book_valuer_per_share_4q_avg": 10.18,
            "equity": null,
            "current_ratio": null,
            "debt_ratio": null,
            "inventory_turnover_ratio": null,
            "account_receivable_turnover_ratio": null,
            "reinvestment_rate": null,
            "research_to_sale_ratio": null,
            "price_fair": 0,
            "eps_avg_yearly": 0,
            "eps_latest_yearly": 0,
            "eps_growth_yearly": 0
        },
        "20112": {
            "year_quarter": 20112,
            "year": 2011,
            "quarter": 2,
            "eps": null,
            "eps_growth_year": null,
            "eps_4q": null,
            "eps_4q_growth_year": null,
            "roe": null,
            "roe_4q": 0,
            "gross_profit": null,
            "gross_margin": null,
            "gross_margin_4q_avg": 0,
            "net_income": null,
            "revenue": null,
            "common_shares": 206360,
            "book_valuer_per_share": 16.54,
            "book_valuer_per_share_4q_avg": 8.93,
            "equity": 342469,
            "current_ratio": 113.72,
            "debt_ratio": 68.52,
            "inventory_turnover_ratio": null,
            "account_receivable_turnover_ratio": null,
            "reinvestment_rate": null,
            "research_to_sale_ratio": null,
            "price_fair": 0,
            "eps_avg_yearly": 0,
            "eps_latest_yearly": 0,
            "eps_growth_yearly": 0
        },
        "20113": {
            "year_quarter": 20113,
            "year": 2011,
            "quarter": 3,
            "eps": null,
            "eps_growth_year": null,
            "eps_4q": null,
            "eps_4q_growth_year": null,
            "roe": null,
            "roe_4q": 0,
            "gross_profit": null,
            "gross_margin": null,
            "gross_margin_4q_avg": 0,
            "net_income": null,
            "revenue": null,
            "common_shares": null,
            "book_valuer_per_share": null,
            "book_valuer_per_share_4q_avg": 8.93,
            "equity": null,
            "current_ratio": null,
            "debt_ratio": null,
            "inventory_turnover_ratio": null,
            "account_receivable_turnover_ratio": null,
            "reinvestment_rate": null,
            "research_to_sale_ratio": null,
            "price_fair": 0,
            "eps_avg_yearly": 0,
            "eps_latest_yearly": 0,
            "eps_growth_yearly": 0
        },
        "20114": {
            "year_quarter": 20114,
            "year": 2011,
            "quarter": 4,
            "eps": null,
            "eps_growth_year": null,
            "eps_4q": null,
            "eps_4q_growth_year": null,
            "roe": null,
            "roe_4q": 0,
            "gross_profit": null,
            "gross_margin": null,
            "gross_margin_4q_avg": 0,
            "net_income": null,
            "revenue": null,
            "common_shares": 206360,
            "book_valuer_per_share": 15.44,
            "book_valuer_per_share_4q_avg": 8,
            "equity": 319791,
            "current_ratio": 111.86,
            "debt_ratio": 69.32,
            "inventory_turnover_ratio": null,
            "account_receivable_turnover_ratio": null,
            "reinvestment_rate": null,
            "research_to_sale_ratio": null,
            "price_fair": 0,
            "eps_avg_yearly": 0,
            "eps_latest_yearly": 0,
            "eps_growth_yearly": 0
        },
        "20121": {
            "year_quarter": 20121,
            "year": 2012,
            "quarter": 1,
            "eps": null,
            "eps_growth_year": null,
            "eps_4q": null,
            "eps_4q_growth_year": null,
            "roe": null,
            "roe_4q": 0,
            "gross_profit": null,
            "gross_margin": null,
            "gross_margin_4q_avg": 0,
            "net_income": null,
            "revenue": null,
            "common_shares": null,
            "book_valuer_per_share": null,
            "book_valuer_per_share_4q_avg": 8,
            "equity": null,
            "current_ratio": null,
            "debt_ratio": null,
            "inventory_turnover_ratio": null,
            "account_receivable_turnover_ratio": null,
            "reinvestment_rate": null,
            "research_to_sale_ratio": null,
            "price_fair": 0,
            "eps_avg_yearly": 0,
            "eps_latest_yearly": 0,
            "eps_growth_yearly": 0
        },
        "20122": {
            "year_quarter": 20122,
            "year": 2012,
            "quarter": 2,
            "eps": null,
            "eps_growth_year": null,
            "eps_4q": null,
            "eps_4q_growth_year": null,
            "roe": null,
            "roe_4q": 0,
            "gross_profit": null,
            "gross_margin": null,
            "gross_margin_4q_avg": 0,
            "net_income": null,
            "revenue": null,
            "common_shares": 206360,
            "book_valuer_per_share": 15.5,
            "book_valuer_per_share_4q_avg": 7.74,
            "equity": 320711,
            "current_ratio": 113.85,
            "debt_ratio": 69.44,
            "inventory_turnover_ratio": null,
            "account_receivable_turnover_ratio": null,
            "reinvestment_rate": null,
            "research_to_sale_ratio": null,
            "price_fair": 0,
            "eps_avg_yearly": 0,
            "eps_latest_yearly": 0,
            "eps_growth_yearly": 0
        },
        "20123": {
            "year_quarter": 20123,
            "year": 2012,
            "quarter": 3,
            "eps": null,
            "eps_growth_year": null,
            "eps_4q": null,
            "eps_4q_growth_year": null,
            "roe": null,
            "roe_4q": 0,
            "gross_profit": null,
            "gross_margin": null,
            "gross_margin_4q_avg": 0,
            "net_income": null,
            "revenue": null,
            "common_shares": null,
            "book_valuer_per_share": null,
            "book_valuer_per_share_4q_avg": 7.74,
            "equity": null,
            "current_ratio": null,
            "debt_ratio": null,
            "inventory_turnover_ratio": null,
            "account_receivable_turnover_ratio": null,
            "reinvestment_rate": null,
            "research_to_sale_ratio": null,
            "price_fair": 0,
            "eps_avg_yearly": 0,
            "eps_latest_yearly": 0,
            "eps_growth_yearly": 0
        },
        "20124": {
            "year_quarter": 20124,
            "year": 2012,
            "quarter": 4,
            "eps": null,
            "eps_growth_year": null,
            "eps_4q": null,
            "eps_4q_growth_year": null,
            "roe": null,
            "roe_4q": 0,
            "gross_profit": null,
            "gross_margin": null,
            "gross_margin_4q_avg": 0,
            "net_income": null,
            "revenue": null,
            "common_shares": 206360,
            "book_valuer_per_share": 15.74,
            "book_valuer_per_share_4q_avg": 7.81,
            "equity": 324709,
            "current_ratio": 113.58,
            "debt_ratio": 68.61,
            "inventory_turnover_ratio": null,
            "account_receivable_turnover_ratio": null,
            "reinvestment_rate": null,
            "research_to_sale_ratio": null,
            "price_fair": 0,
            "eps_avg_yearly": 0,
            "eps_latest_yearly": 0,
            "eps_growth_yearly": 0
        },
        "20131": {
            "year_quarter": 20131,
            "year": 2013,
            "quarter": 1,
            "eps": null,
            "eps_growth_year": null,
            "eps_4q": null,
            "eps_4q_growth_year": null,
            "roe": null,
            "roe_4q": 0,
            "gross_profit": null,
            "gross_margin": null,
            "gross_margin_4q_avg": 0,
            "net_income": null,
            "revenue": null,
            "common_shares": null,
            "book_valuer_per_share": null,
            "book_valuer_per_share_4q_avg": 7.81,
            "equity": null,
            "current_ratio": null,
            "debt_ratio": null,
            "inventory_turnover_ratio": null,
            "account_receivable_turnover_ratio": null,
            "reinvestment_rate": null,
            "research_to_sale_ratio": null,
            "price_fair": 0,
            "eps_avg_yearly": 0,
            "eps_latest_yearly": 0,
            "eps_growth_yearly": 0
        },
        "20132": {
            "year_quarter": 20132,
            "year": 2013,
            "quarter": 2,
            "eps": null,
            "eps_growth_year": null,
            "eps_4q": null,
            "eps_4q_growth_year": null,
            "roe": null,
            "roe_4q": 0,
            "gross_profit": null,
            "gross_margin": null,
            "gross_margin_4q_avg": 0,
            "net_income": null,
            "revenue": null,
            "common_shares": 206360,
            "book_valuer_per_share": 12.09,
            "book_valuer_per_share_4q_avg": 6.96,
            "equity": 249522,
            "current_ratio": 100.05,
            "debt_ratio": 76.77,
            "inventory_turnover_ratio": null,
            "account_receivable_turnover_ratio": null,
            "reinvestment_rate": null,
            "research_to_sale_ratio": null,
            "price_fair": 0,
            "eps_avg_yearly": 0,
            "eps_latest_yearly": 0,
            "eps_growth_yearly": 0
        },
        "20133": {
            "year_quarter": 20133,
            "year": 2013,
            "quarter": 3,
            "eps": null,
            "eps_growth_year": null,
            "eps_4q": null,
            "eps_4q_growth_year": null,
            "roe": null,
            "roe_4q": 0,
            "gross_profit": null,
            "gross_margin": null,
            "gross_margin_4q_avg": 0,
            "net_income": null,
            "revenue": null,
            "common_shares": null,
            "book_valuer_per_share": null,
            "book_valuer_per_share_4q_avg": 6.96,
            "equity": null,
            "current_ratio": null,
            "debt_ratio": null,
            "inventory_turnover_ratio": null,
            "account_receivable_turnover_ratio": null,
            "reinvestment_rate": null,
            "research_to_sale_ratio": null,
            "price_fair": 0,
            "eps_avg_yearly": 0,
            "eps_latest_yearly": 0,
            "eps_growth_yearly": 0
        },
        "20134": {
            "year_quarter": 20134,
            "year": 2013,
            "quarter": 4,
            "eps": null,
            "eps_growth_year": null,
            "eps_4q": null,
            "eps_4q_growth_year": null,
            "roe": null,
            "roe_4q": 0,
            "gross_profit": null,
            "gross_margin": null,
            "gross_margin_4q_avg": 0,
            "net_income": null,
            "revenue": null,
            "common_shares": 226996,
            "book_valuer_per_share": 9.97,
            "book_valuer_per_share_4q_avg": 5.52,
            "equity": 226324,
            "current_ratio": 94.01,
            "debt_ratio": 76.73,
            "inventory_turnover_ratio": null,
            "account_receivable_turnover_ratio": null,
            "reinvestment_rate": null,
            "research_to_sale_ratio": null,
            "price_fair": 0,
            "eps_avg_yearly": 0,
            "eps_latest_yearly": 0,
            "eps_growth_yearly": 0
        },
        "20141": {
            "year_quarter": 20141,
            "year": 2014,
            "quarter": 1,
            "eps": null,
            "eps_growth_year": null,
            "eps_4q": null,
            "eps_4q_growth_year": null,
            "roe": null,
            "roe_4q": 0,
            "gross_profit": null,
            "gross_margin": null,
            "gross_margin_4q_avg": 0,
            "net_income": null,
            "revenue": null,
            "common_shares": null,
            "book_valuer_per_share": null,
            "book_valuer_per_share_4q_avg": 5.52,
            "equity": null,
            "current_ratio": null,
            "debt_ratio": null,
            "inventory_turnover_ratio": null,
            "account_receivable_turnover_ratio": null,
            "reinvestment_rate": null,
            "research_to_sale_ratio": null,
            "price_fair": 0,
            "eps_avg_yearly": 0,
            "eps_latest_yearly": 0,
            "eps_growth_yearly": 0
        },
        "20142": {
            "year_quarter": 20142,
            "year": 2014,
            "quarter": 2,
            "eps": null,
            "eps_growth_year": null,
            "eps_4q": null,
            "eps_4q_growth_year": null,
            "roe": null,
            "roe_4q": 0,
            "gross_profit": null,
            "gross_margin": null,
            "gross_margin_4q_avg": 0,
            "net_income": null,
            "revenue": null,
            "common_shares": 296996,
            "book_valuer_per_share": 11.35,
            "book_valuer_per_share_4q_avg": 5.33,
            "equity": 333760,
            "current_ratio": 111.67,
            "debt_ratio": 69.81,
            "inventory_turnover_ratio": null,
            "account_receivable_turnover_ratio": null,
            "reinvestment_rate": null,
            "research_to_sale_ratio": null,
            "price_fair": 0,
            "eps_avg_yearly": 0,
            "eps_latest_yearly": 0,
            "eps_growth_yearly": 0
        },
        "20143": {
            "year_quarter": 20143,
            "year": 2014,
            "quarter": 3,
            "eps": null,
            "eps_growth_year": null,
            "eps_4q": null,
            "eps_4q_growth_year": null,
            "roe": null,
            "roe_4q": 0,
            "gross_profit": null,
            "gross_margin": null,
            "gross_margin_4q_avg": 0,
            "net_income": null,
            "revenue": null,
            "common_shares": null,
            "book_valuer_per_share": null,
            "book_valuer_per_share_4q_avg": 5.33,
            "equity": null,
            "current_ratio": null,
            "debt_ratio": null,
            "inventory_turnover_ratio": null,
            "account_receivable_turnover_ratio": null,
            "reinvestment_rate": null,
            "research_to_sale_ratio": null,
            "price_fair": 0,
            "eps_avg_yearly": 0,
            "eps_latest_yearly": 0,
            "eps_growth_yearly": 0
        },
        "20144": {
            "year_quarter": 20144,
            "year": 2014,
            "quarter": 4,
            "eps": null,
            "eps_growth_year": null,
            "eps_4q": null,
            "eps_4q_growth_year": null,
            "roe": null,
            "roe_4q": 0,
            "gross_profit": null,
            "gross_margin": null,
            "gross_margin_4q_avg": 0,
            "net_income": null,
            "revenue": null,
            "common_shares": 296996,
            "book_valuer_per_share": 11.76,
            "book_valuer_per_share_4q_avg": 5.78,
            "equity": 349375,
            "current_ratio": 113.47,
            "debt_ratio": 69.45,
            "inventory_turnover_ratio": null,
            "account_receivable_turnover_ratio": null,
            "reinvestment_rate": null,
            "research_to_sale_ratio": null,
            "price_fair": 0,
            "eps_avg_yearly": 0,
            "eps_latest_yearly": 0,
            "eps_growth_yearly": 0
        },
        "20151": {
            "year_quarter": 20151,
            "year": 2015,
            "quarter": 1,
            "eps": null,
            "eps_growth_year": null,
            "eps_4q": null,
            "eps_4q_growth_year": null,
            "roe": null,
            "roe_4q": 0,
            "gross_profit": null,
            "gross_margin": null,
            "gross_margin_4q_avg": 0,
            "net_income": null,
            "revenue": null,
            "common_shares": null,
            "book_valuer_per_share": null,
            "book_valuer_per_share_4q_avg": 5.78,
            "equity": null,
            "current_ratio": null,
            "debt_ratio": null,
            "inventory_turnover_ratio": null,
            "account_receivable_turnover_ratio": null,
            "reinvestment_rate": null,
            "research_to_sale_ratio": null,
            "price_fair": 0,
            "eps_avg_yearly": 0,
            "eps_latest_yearly": 0,
            "eps_growth_yearly": 0
        },
        "20152": {
            "year_quarter": 20152,
            "year": 2015,
            "quarter": 2,
            "eps": null,
            "eps_growth_year": null,
            "eps_4q": null,
            "eps_4q_growth_year": null,
            "roe": null,
            "roe_4q": 0,
            "gross_profit": null,
            "gross_margin": null,
            "gross_margin_4q_avg": 0,
            "net_income": null,
            "revenue": null,
            "common_shares": 296996,
            "book_valuer_per_share": 10.73,
            "book_valuer_per_share_4q_avg": 5.62,
            "equity": 318634,
            "current_ratio": 108.85,
            "debt_ratio": 70.22,
            "inventory_turnover_ratio": null,
            "account_receivable_turnover_ratio": null,
            "reinvestment_rate": null,
            "research_to_sale_ratio": null,
            "price_fair": 0,
            "eps_avg_yearly": 0,
            "eps_latest_yearly": 0,
            "eps_growth_yearly": 0
        },
        "20153": {
            "year_quarter": 20153,
            "year": 2015,
            "quarter": 3,
            "eps": null,
            "eps_growth_year": null,
            "eps_4q": null,
            "eps_4q_growth_year": null,
            "roe": null,
            "roe_4q": 0,
            "gross_profit": null,
            "gross_margin": null,
            "gross_margin_4q_avg": 0,
            "net_income": null,
            "revenue": null,
            "common_shares": null,
            "book_valuer_per_share": null,
            "book_valuer_per_share_4q_avg": 5.62,
            "equity": null,
            "current_ratio": null,
            "debt_ratio": null,
            "inventory_turnover_ratio": null,
            "account_receivable_turnover_ratio": null,
            "reinvestment_rate": null,
            "research_to_sale_ratio": null,
            "price_fair": 0,
            "eps_avg_yearly": 0,
            "eps_latest_yearly": 0,
            "eps_growth_yearly": 0
        },
        "20154": {
            "year_quarter": 20154,
            "year": 2015,
            "quarter": 4,
            "eps": null,
            "eps_growth_year": null,
            "eps_4q": null,
            "eps_4q_growth_year": null,
            "roe": null,
            "roe_4q": 0,
            "gross_profit": null,
            "gross_margin": null,
            "gross_margin_4q_avg": 0,
            "net_income": null,
            "revenue": null,
            "common_shares": 310361,
            "book_valuer_per_share": 13.24,
            "book_valuer_per_share_4q_avg": 5.99,
            "equity": 410764,
            "current_ratio": 124.15,
            "debt_ratio": 62.71,
            "inventory_turnover_ratio": null,
            "account_receivable_turnover_ratio": null,
            "reinvestment_rate": null,
            "research_to_sale_ratio": null,
            "price_fair": 0,
            "eps_avg_yearly": 0,
            "eps_latest_yearly": 0,
            "eps_growth_yearly": 0
        },
        "20161": {
            "year_quarter": 20161,
            "year": 2016,
            "quarter": 1,
            "eps": null,
            "eps_growth_year": null,
            "eps_4q": null,
            "eps_4q_growth_year": null,
            "roe": null,
            "roe_4q": 0,
            "gross_profit": null,
            "gross_margin": null,
            "gross_margin_4q_avg": 0,
            "net_income": null,
            "revenue": null,
            "common_shares": null,
            "book_valuer_per_share": null,
            "book_valuer_per_share_4q_avg": 5.99,
            "equity": null,
            "current_ratio": null,
            "debt_ratio": null,
            "inventory_turnover_ratio": null,
            "account_receivable_turnover_ratio": null,
            "reinvestment_rate": null,
            "research_to_sale_ratio": null,
            "price_fair": 0,
            "eps_avg_yearly": 0,
            "eps_latest_yearly": 0,
            "eps_growth_yearly": 0
        },
        "20162": {
            "year_quarter": 20162,
            "year": 2016,
            "quarter": 2,
            "eps": null,
            "eps_growth_year": null,
            "eps_4q": null,
            "eps_4q_growth_year": null,
            "roe": null,
            "roe_4q": 0,
            "gross_profit": null,
            "gross_margin": null,
            "gross_margin_4q_avg": 0,
            "net_income": null,
            "revenue": null,
            "common_shares": 310361,
            "book_valuer_per_share": 15.33,
            "book_valuer_per_share_4q_avg": 7.14,
            "equity": 475660,
            "current_ratio": 206.01,
            "debt_ratio": 60.32,
            "inventory_turnover_ratio": null,
            "account_receivable_turnover_ratio": null,
            "reinvestment_rate": null,
            "research_to_sale_ratio": null,
            "price_fair": 0,
            "eps_avg_yearly": 0,
            "eps_latest_yearly": 0,
            "eps_growth_yearly": 0
        },
        "20163": {
            "year_quarter": 20163,
            "year": 2016,
            "quarter": 3,
            "eps": null,
            "eps_growth_year": null,
            "eps_4q": null,
            "eps_4q_growth_year": null,
            "roe": null,
            "roe_4q": 0,
            "gross_profit": null,
            "gross_margin": null,
            "gross_margin_4q_avg": 0,
            "net_income": null,
            "revenue": null,
            "common_shares": null,
            "book_valuer_per_share": null,
            "book_valuer_per_share_4q_avg": 7.14,
            "equity": null,
            "current_ratio": null,
            "debt_ratio": null,
            "inventory_turnover_ratio": null,
            "account_receivable_turnover_ratio": null,
            "reinvestment_rate": null,
            "research_to_sale_ratio": null,
            "price_fair": 0,
            "eps_avg_yearly": 0,
            "eps_latest_yearly": 0,
            "eps_growth_yearly": 0
        },
        "20164": {
            "year_quarter": 20164,
            "year": 2016,
            "quarter": 4,
            "eps": null,
            "eps_growth_year": null,
            "eps_4q": null,
            "eps_4q_growth_year": null,
            "roe": null,
            "roe_4q": 0,
            "gross_profit": null,
            "gross_margin": null,
            "gross_margin_4q_avg": 0,
            "net_income": null,
            "revenue": null,
            "common_shares": null,
            "book_valuer_per_share": null,
            "book_valuer_per_share_4q_avg": 3.83,
            "equity": null,
            "current_ratio": null,
            "debt_ratio": null,
            "inventory_turnover_ratio": null,
            "account_receivable_turnover_ratio": null,
            "reinvestment_rate": null,
            "research_to_sale_ratio": null,
            "price_fair": 0,
            "eps_avg_yearly": 0,
            "eps_latest_yearly": 0,
            "eps_growth_yearly": 0
        },
        "20171": {
            "year_quarter": 20171,
            "year": 2017,
            "quarter": 1,
            "eps": null,
            "eps_growth_year": null,
            "eps_4q": null,
            "eps_4q_growth_year": null,
            "roe": null,
            "roe_4q": 0,
            "gross_profit": null,
            "gross_margin": null,
            "gross_margin_4q_avg": 0,
            "net_income": null,
            "revenue": null,
            "common_shares": null,
            "book_valuer_per_share": null,
            "book_valuer_per_share_4q_avg": 3.83,
            "equity": null,
            "current_ratio": null,
            "debt_ratio": null,
            "inventory_turnover_ratio": null,
            "account_receivable_turnover_ratio": null,
            "reinvestment_rate": null,
            "research_to_sale_ratio": null,
            "price_fair": 0,
            "eps_avg_yearly": 0,
            "eps_latest_yearly": 0,
            "eps_growth_yearly": 0
        },
        "20172": {
            "year_quarter": 20172,
            "year": 2017,
            "quarter": 2,
            "eps": null,
            "eps_growth_year": null,
            "eps_4q": null,
            "eps_4q_growth_year": null,
            "roe": null,
            "roe_4q": 0,
            "gross_profit": null,
            "gross_margin": null,
            "gross_margin_4q_avg": 0,
            "net_income": null,
            "revenue": null,
            "common_shares": 402087,
            "book_valuer_per_share": 16.11,
            "book_valuer_per_share_4q_avg": 4.03,
            "equity": 644181,
            "current_ratio": 200.46,
            "debt_ratio": 56.28,
            "inventory_turnover_ratio": null,
            "account_receivable_turnover_ratio": null,
            "reinvestment_rate": null,
            "research_to_sale_ratio": null,
            "price_fair": 0,
            "eps_avg_yearly": 0,
            "eps_latest_yearly": 0,
            "eps_growth_yearly": 0
        },
        "20173": {
            "year_quarter": 20173,
            "year": 2017,
            "quarter": 3,
            "eps": null,
            "eps_growth_year": null,
            "eps_4q": null,
            "eps_4q_growth_year": null,
            "roe": null,
            "roe_4q": 0,
            "gross_profit": null,
            "gross_margin": null,
            "gross_margin_4q_avg": 0,
            "net_income": null,
            "revenue": null,
            "common_shares": null,
            "book_valuer_per_share": null,
            "book_valuer_per_share_4q_avg": 4.03,
            "equity": null,
            "current_ratio": null,
            "debt_ratio": null,
            "inventory_turnover_ratio": null,
            "account_receivable_turnover_ratio": null,
            "reinvestment_rate": null,
            "research_to_sale_ratio": null,
            "price_fair": 0,
            "eps_avg_yearly": 0,
            "eps_latest_yearly": 0,
            "eps_growth_yearly": 0
        },
        "20174": {
            "year_quarter": 20174,
            "year": 2017,
            "quarter": 4,
            "eps": null,
            "eps_growth_year": null,
            "eps_4q": null,
            "eps_4q_growth_year": null,
            "roe": null,
            "roe_4q": 0,
            "gross_profit": null,
            "gross_margin": null,
            "gross_margin_4q_avg": 0,
            "net_income": null,
            "revenue": null,
            "common_shares": 402087,
            "book_valuer_per_share": 17.01,
            "book_valuer_per_share_4q_avg": 8.28,
            "equity": 683868,
            "current_ratio": 227.73,
            "debt_ratio": 51.1,
            "inventory_turnover_ratio": null,
            "account_receivable_turnover_ratio": null,
            "reinvestment_rate": null,
            "research_to_sale_ratio": null,
            "price_fair": 0,
            "eps_avg_yearly": 0,
            "eps_latest_yearly": 0,
            "eps_growth_yearly": 0
        },
        "20181": {
            "year_quarter": 20181,
            "year": 2018,
            "quarter": 1,
            "eps": 0.67,
            "eps_growth_year": null,
            "eps_4q": null,
            "eps_4q_growth_year": null,
            "roe": 3.88,
            "roe_4q": 3.88,
            "gross_profit": 113392,
            "gross_margin": 40.39,
            "gross_margin_4q_avg": 10.1,
            "net_income": 27108,
            "revenue": 280740,
            "common_shares": 402087,
            "book_valuer_per_share": 17.72,
            "book_valuer_per_share_4q_avg": 12.71,
            "equity": 712328,
            "current_ratio": 222.5,
            "debt_ratio": 50.51,
            "inventory_turnover_ratio": 0.61,
            "account_receivable_turnover_ratio": 3.85,
            "reinvestment_rate": null,
            "research_to_sale_ratio": 3.05,
            "price_fair": 0,
            "eps_avg_yearly": 0,
            "eps_latest_yearly": 0,
            "eps_growth_yearly": 0
        },
        "20182": {
            "year_quarter": 20182,
            "year": 2018,
            "quarter": 2,
            "eps": 0.33,
            "eps_growth_year": null,
            "eps_4q": null,
            "eps_4q_growth_year": null,
            "roe": 1.89,
            "roe_4q": 5.77,
            "gross_profit": 87642,
            "gross_margin": 36.7,
            "gross_margin_4q_avg": 19.27,
            "net_income": 13219,
            "revenue": 238790,
            "common_shares": 402087,
            "book_valuer_per_share": 17.12,
            "book_valuer_per_share_4q_avg": 12.96,
            "equity": 688547,
            "current_ratio": 189.57,
            "debt_ratio": 54.64,
            "inventory_turnover_ratio": 0.47,
            "account_receivable_turnover_ratio": 2.19,
            "reinvestment_rate": null,
            "research_to_sale_ratio": 4.69,
            "price_fair": 3.96,
            "eps_avg_yearly": 1.32,
            "eps_latest_yearly": 1.32,
            "eps_growth_yearly": -202.99
        },
        "20183": {
            "year_quarter": 20183,
            "year": 2018,
            "quarter": 3,
            "eps": 0.41,
            "eps_growth_year": null,
            "eps_4q": null,
            "eps_4q_growth_year": null,
            "roe": 2.33,
            "roe_4q": 8.1,
            "gross_profit": 130576,
            "gross_margin": 42.31,
            "gross_margin_4q_avg": 29.85,
            "net_income": 18652,
            "revenue": 308637,
            "common_shares": 456087,
            "book_valuer_per_share": 19.62,
            "book_valuer_per_share_4q_avg": 17.87,
            "equity": 913397,
            "current_ratio": 272.87,
            "debt_ratio": 42.66,
            "inventory_turnover_ratio": 0.53,
            "account_receivable_turnover_ratio": 2.54,
            "reinvestment_rate": null,
            "research_to_sale_ratio": 4.09,
            "price_fair": 4.44,
            "eps_avg_yearly": 1.48,
            "eps_latest_yearly": 1.64,
            "eps_growth_yearly": -53.01
        },
        "20184": {
            "year_quarter": 20184,
            "year": 2018,
            "quarter": 4,
            "eps": 0.59,
            "eps_growth_year": null,
            "eps_4q": 1.89,
            "eps_4q_growth_year": null,
            "roe": 2.96,
            "roe_4q": 11.059999999999999,
            "gross_profit": 139740,
            "gross_margin": 40.96,
            "gross_margin_4q_avg": 40.09,
            "net_income": 26981,
            "revenue": 341124,
            "common_shares": 465637,
            "book_valuer_per_share": 19.93,
            "book_valuer_per_share_4q_avg": 18.6,
            "equity": 907445,
            "current_ratio": 273.62,
            "debt_ratio": 42.12,
            "inventory_turnover_ratio": 0.71,
            "account_receivable_turnover_ratio": 2.16,
            "reinvestment_rate": null,
            "research_to_sale_ratio": 3.72,
            "price_fair": 58.87,
            "eps_avg_yearly": 1.77,
            "eps_latest_yearly": 2.36,
            "eps_growth_yearly": 23.2
        },
        "20191": {
            "year_quarter": 20191,
            "year": 2019,
            "quarter": 1,
            "eps": 0.46,
            "eps_growth_year": -31.34,
            "eps_4q": 1.75,
            "eps_4q_growth_year": null,
            "roe": 2.26,
            "roe_4q": 9.44,
            "gross_profit": 112680,
            "gross_margin": 44.69,
            "gross_margin_4q_avg": 41.17,
            "net_income": 20692,
            "revenue": 252138,
            "common_shares": 465837,
            "book_valuer_per_share": 20.32,
            "book_valuer_per_share_4q_avg": 19.25,
            "equity": 923910,
            "current_ratio": 264.67,
            "debt_ratio": 42.72,
            "inventory_turnover_ratio": 0.52,
            "account_receivable_turnover_ratio": 1.47,
            "reinvestment_rate": null,
            "research_to_sale_ratio": 5.05,
            "price_fair": 5.37,
            "eps_avg_yearly": 1.79,
            "eps_latest_yearly": 1.84,
            "eps_growth_yearly": -4.64
        },
        "20192": {
            "year_quarter": 20192,
            "year": 2019,
            "quarter": 2,
            "eps": 0.39,
            "eps_growth_year": 18.18,
            "eps_4q": 1.85,
            "eps_4q_growth_year": null,
            "roe": 1.99,
            "roe_4q": 9.54,
            "gross_profit": 105727,
            "gross_margin": 38.15,
            "gross_margin_4q_avg": 41.53,
            "net_income": 17859,
            "revenue": 277121,
            "common_shares": 467557,
            "book_valuer_per_share": 19.23,
            "book_valuer_per_share_4q_avg": 19.78,
            "equity": 874222,
            "current_ratio": 217.24,
            "debt_ratio": 46.5,
            "inventory_turnover_ratio": 0.6,
            "account_receivable_turnover_ratio": 1.78,
            "reinvestment_rate": null,
            "research_to_sale_ratio": 4.65,
            "price_fair": 5.23,
            "eps_avg_yearly": 1.74,
            "eps_latest_yearly": 1.56,
            "eps_growth_yearly": -15.88
        },
        "20193": {
            "year_quarter": 20193,
            "year": 2019,
            "quarter": 3,
            "eps": 0.5,
            "eps_growth_year": 21.95,
            "eps_4q": 1.94,
            "eps_4q_growth_year": null,
            "roe": 2.57,
            "roe_4q": 9.78,
            "gross_profit": 123481,
            "gross_margin": 46.08,
            "gross_margin_4q_avg": 42.47,
            "net_income": 22753,
            "revenue": 267947,
            "common_shares": 467557,
            "book_valuer_per_share": 19.69,
            "book_valuer_per_share_4q_avg": 19.79,
            "equity": 896208,
            "current_ratio": 311.21,
            "debt_ratio": 42.84,
            "inventory_turnover_ratio": 0.5,
            "account_receivable_turnover_ratio": 1.87,
            "reinvestment_rate": null,
            "research_to_sale_ratio": 4.79,
            "price_fair": 27.82,
            "eps_avg_yearly": 1.79,
            "eps_latest_yearly": 2,
            "eps_growth_yearly": 5.57
        },
        "20194": {
            "year_quarter": 20194,
            "year": 2019,
            "quarter": 4,
            "eps": 0.7,
            "eps_growth_year": 17.98,
            "eps_4q": 2.04,
            "eps_4q_growth_year": 8.3,
            "roe": 3.5,
            "roe_4q": 10.32,
            "gross_profit": 161201,
            "gross_margin": 49.6,
            "gross_margin_4q_avg": 44.63,
            "net_income": 31855,
            "revenue": 325031,
            "common_shares": 468057,
            "book_valuer_per_share": 20.32,
            "book_valuer_per_share_4q_avg": 19.89,
            "equity": 925996,
            "current_ratio": 324.85,
            "debt_ratio": 52.87,
            "inventory_turnover_ratio": 0.59,
            "account_receivable_turnover_ratio": 2.44,
            "reinvestment_rate": null,
            "research_to_sale_ratio": 4.22,
            "price_fair": 67.6,
            "eps_avg_yearly": 1.93,
            "eps_latest_yearly": 2.8,
            "eps_growth_yearly": 27.63
        },
        "20201": {
            "year_quarter": 20201,
            "year": 2020,
            "quarter": 1,
            "eps": -0.39,
            "eps_growth_year": -184.78,
            "eps_4q": 1.21,
            "eps_4q_growth_year": -31.01,
            "roe": -1.95,
            "roe_4q": 6.11,
            "gross_profit": 75590,
            "gross_margin": 42.63,
            "gross_margin_4q_avg": 44.12,
            "net_income": -17783,
            "revenue": 177333,
            "common_shares": 468057,
            "book_valuer_per_share": 19.9,
            "book_valuer_per_share_4q_avg": 19.79,
            "equity": 900404,
            "current_ratio": 307.54,
            "debt_ratio": 52.04,
            "inventory_turnover_ratio": 0.32,
            "account_receivable_turnover_ratio": 1.43,
            "reinvestment_rate": null,
            "research_to_sale_ratio": 7.46,
            "price_fair": 67.6,
            "eps_avg_yearly": 1.93,
            "eps_latest_yearly": 2.8,
            "eps_growth_yearly": 27.63
        },
        "20202": {
            "year_quarter": 20202,
            "year": 2020,
            "quarter": 2,
            "eps": 0.91,
            "eps_growth_year": 133.33,
            "eps_4q": 1.75,
            "eps_4q_growth_year": -5.53,
            "roe": 4.69,
            "roe_4q": 8.81,
            "gross_profit": 132922,
            "gross_margin": 46.61,
            "gross_margin_4q_avg": 46.23,
            "net_income": 40604,
            "revenue": 285173,
            "common_shares": 469157,
            "book_valuer_per_share": 18.76,
            "book_valuer_per_share_4q_avg": 19.67,
            "equity": 830381,
            "current_ratio": 268.86,
            "debt_ratio": 55.73,
            "inventory_turnover_ratio": 0.44,
            "account_receivable_turnover_ratio": 1.81,
            "reinvestment_rate": null,
            "research_to_sale_ratio": 4.14,
            "price_fair": 67.6,
            "eps_avg_yearly": 1.93,
            "eps_latest_yearly": 2.8,
            "eps_growth_yearly": 27.63
        },
        "20203": {
            "year_quarter": 20203,
            "year": 2020,
            "quarter": 3,
            "eps": 0.45,
            "eps_growth_year": -10,
            "eps_4q": 1.68,
            "eps_4q_growth_year": -13.35,
            "roe": 2.39,
            "roe_4q": 8.629999999999999,
            "gross_profit": 117532,
            "gross_margin": 44.65,
            "gross_margin_4q_avg": 45.87,
            "net_income": 20064,
            "revenue": 263251,
            "common_shares": 470889,
            "book_valuer_per_share": 19.13,
            "book_valuer_per_share_4q_avg": 19.53,
            "equity": 850717,
            "current_ratio": 279.74,
            "debt_ratio": 54.71,
            "inventory_turnover_ratio": 0.46,
            "account_receivable_turnover_ratio": 1.69,
            "reinvestment_rate": null,
            "research_to_sale_ratio": 4.7,
            "price_fair": 5.75,
            "eps_avg_yearly": 1.92,
            "eps_latest_yearly": 1.8,
            "eps_growth_yearly": -1.1
        },
        "20204": {
            "year_quarter": 20204,
            "year": 2020,
            "quarter": 4,
            "eps": 0.56,
            "eps_growth_year": -19.63,
            "eps_4q": 1.53,
            "eps_4q_growth_year": -25.35,
            "roe": 2.9,
            "roe_4q": 8.030000000000001,
            "gross_profit": 126224,
            "gross_margin": 41.8,
            "gross_margin_4q_avg": 43.92,
            "net_income": 24984,
            "revenue": 301994,
            "common_shares": 471969,
            "book_valuer_per_share": 19.56,
            "book_valuer_per_share_4q_avg": 19.34,
            "equity": 869837,
            "current_ratio": 283.48,
            "debt_ratio": 53.62,
            "inventory_turnover_ratio": 0.63,
            "account_receivable_turnover_ratio": 3.21,
            "reinvestment_rate": null,
            "research_to_sale_ratio": 3.87,
            "price_fair": 38.8,
            "eps_avg_yearly": 1.95,
            "eps_latest_yearly": 2.24,
            "eps_growth_yearly": 9.89
        },
        "20211": {
            "year_quarter": 20211,
            "year": 2021,
            "quarter": 1,
            "eps": 0.08,
            "eps_growth_year": null,
            "eps_4q": 2.01,
            "eps_4q_growth_year": 66.46,
            "roe": 0.44,
            "roe_4q": 10.420000000000002,
            "gross_profit": 95928,
            "gross_margin": 45.76,
            "gross_margin_4q_avg": 44.71,
            "net_income": 3693,
            "revenue": 209613,
            "common_shares": 471969,
            "book_valuer_per_share": 18.45,
            "book_valuer_per_share_4q_avg": 18.98,
            "equity": 820650,
            "current_ratio": 236.8,
            "debt_ratio": 58.19,
            "inventory_turnover_ratio": 0.43,
            "account_receivable_turnover_ratio": 2.25,
            "reinvestment_rate": null,
            "research_to_sale_ratio": 6.09,
            "price_fair": 5.36,
            "eps_avg_yearly": 1.79,
            "eps_latest_yearly": 0.32,
            "eps_growth_yearly": -25.39
        },
        "20212": {
            "year_quarter": 20212,
            "year": 2021,
            "quarter": 2,
            "eps": 0.07,
            "eps_growth_year": -92.31,
            "eps_4q": 1.16,
            "eps_4q_growth_year": -33.61,
            "roe": 0.35,
            "roe_4q": 6.08,
            "gross_profit": 99139,
            "gross_margin": 47.79,
            "gross_margin_4q_avg": 45,
            "net_income": 2898,
            "revenue": 207448,
            "common_shares": 471969,
            "book_valuer_per_share": 18.39,
            "book_valuer_per_share_4q_avg": 18.88,
            "equity": 817698,
            "current_ratio": 212.63,
            "debt_ratio": 60.54,
            "inventory_turnover_ratio": 0.34,
            "account_receivable_turnover_ratio": 2.6,
            "reinvestment_rate": null,
            "research_to_sale_ratio": 5.8,
            "price_fair": 4.95,
            "eps_avg_yearly": 1.65,
            "eps_latest_yearly": 0.28,
            "eps_growth_yearly": -27.62
        },
        "20213": {
            "year_quarter": 20213,
            "year": 2021,
            "quarter": 3,
            "eps": 0.84,
            "eps_growth_year": 86.67,
            "eps_4q": 1.56,
            "eps_4q_growth_year": -7.44,
            "roe": 4.5,
            "roe_4q": 8.19,
            "gross_profit": 118808,
            "gross_margin": 43.31,
            "gross_margin_4q_avg": 44.67,
            "net_income": 37603,
            "revenue": 274351,
            "common_shares": 471969,
            "book_valuer_per_share": 19.21,
            "book_valuer_per_share_4q_avg": 18.9,
            "equity": 854480,
            "current_ratio": 220.96,
            "debt_ratio": 58.76,
            "inventory_turnover_ratio": 0.44,
            "account_receivable_turnover_ratio": 3.81,
            "reinvestment_rate": null,
            "research_to_sale_ratio": 4.4,
            "price_fair": 62.77,
            "eps_avg_yearly": 1.79,
            "eps_latest_yearly": 3.36,
            "eps_growth_yearly": 341.34
        },
        "20214": {
            "year_quarter": 20214,
            "year": 2021,
            "quarter": 4,
            "eps": 0.72,
            "eps_growth_year": 27.84,
            "eps_4q": 1.71,
            "eps_4q_growth_year": 12.11,
            "roe": 3.67,
            "roe_4q": 8.959999999999999,
            "gross_profit": 135998,
            "gross_margin": 33.72,
            "gross_margin_4q_avg": 42.65,
            "net_income": 31975,
            "revenue": 403314,
            "common_shares": 471969,
            "book_valuer_per_share": 19.93,
            "book_valuer_per_share_4q_avg": 19,
            "equity": 887199,
            "current_ratio": 169.55,
            "debt_ratio": 56.9,
            "inventory_turnover_ratio": 0.83,
            "account_receivable_turnover_ratio": 3.38,
            "reinvestment_rate": -3.89,
            "research_to_sale_ratio": 2.84,
            "price_fair": 65.69,
            "eps_avg_yearly": 1.88,
            "eps_latest_yearly": 2.88,
            "eps_growth_yearly": 310.69
        },
        "20221": {
            "year_quarter": 20221,
            "year": 2022,
            "quarter": 1,
            "eps": 0.01,
            "eps_growth_year": -87.5,
            "eps_4q": 1.64,
            "eps_4q_growth_year": -18.56,
            "roe": 0.05,
            "roe_4q": 8.569999999999999,
            "gross_profit": 73364,
            "gross_margin": 42.88,
            "gross_margin_4q_avg": 41.93,
            "net_income": 401,
            "revenue": 171098,
            "common_shares": 459582,
            "book_valuer_per_share": 18.91,
            "book_valuer_per_share_4q_avg": 19.11,
            "equity": 842506,
            "current_ratio": 159.55,
            "debt_ratio": 59.43,
            "inventory_turnover_ratio": 0.31,
            "account_receivable_turnover_ratio": 1.36,
            "reinvestment_rate": -0.54,
            "research_to_sale_ratio": 6.71,
            "price_fair": 61.1,
            "eps_avg_yearly": 1.75,
            "eps_latest_yearly": 0.04,
            "eps_growth_yearly": 260.32
        },
        "20222": {
            "year_quarter": 20222,
            "year": 2022,
            "quarter": 2,
            "eps": 0.66,
            "eps_growth_year": 842.86,
            "eps_4q": 2.23,
            "eps_4q_growth_year": 92.36,
            "roe": 3.42,
            "roe_4q": 11.64,
            "gross_profit": 90023,
            "gross_margin": 42.36,
            "gross_margin_4q_avg": 40.57,
            "net_income": 29516,
            "revenue": 212517,
            "common_shares": 459811,
            "book_valuer_per_share": 19.84,
            "book_valuer_per_share_4q_avg": 19.47,
            "equity": 883893,
            "current_ratio": 160.68,
            "debt_ratio": 59.04,
            "inventory_turnover_ratio": 0.35,
            "account_receivable_turnover_ratio": 2.31,
            "reinvestment_rate": -0.38,
            "research_to_sale_ratio": 5.03,
            "price_fair": 64.4,
            "eps_avg_yearly": 1.84,
            "eps_latest_yearly": 2.64,
            "eps_growth_yearly": 2131.97
        },
        "20223": {
            "year_quarter": 20223,
            "year": 2022,
            "quarter": 3,
            "eps": 0.8,
            "eps_growth_year": -4.76,
            "eps_4q": 2.19,
            "eps_4q_growth_year": 40.76,
            "roe": 3.92,
            "roe_4q": 11.059999999999999,
            "gross_profit": 84253,
            "gross_margin": 42.97,
            "gross_margin_4q_avg": 40.48,
            "net_income": 35711,
            "revenue": 196080,
            "common_shares": 459811,
            "book_valuer_per_share": 21.07,
            "book_valuer_per_share_4q_avg": 19.94,
            "equity": 939372,
            "current_ratio": 166.72,
            "debt_ratio": 58.19,
            "inventory_turnover_ratio": 0.31,
            "account_receivable_turnover_ratio": 2.4,
            "reinvestment_rate": 0.11,
            "research_to_sale_ratio": 5.72,
            "price_fair": 68.3,
            "eps_avg_yearly": 1.95,
            "eps_latest_yearly": 3.2,
            "eps_growth_yearly": 2131.1
        },
        "20224": {
            "year_quarter": 20224,
            "year": 2022,
            "quarter": 4,
            "eps": -0.19,
            "eps_growth_year": -125.8,
            "eps_4q": 1.11,
            "eps_4q_growth_year": -34.99,
            "roe": -0.93,
            "roe_4q": 6.46,
            "gross_profit": 149414,
            "gross_margin": 46.24,
            "gross_margin_4q_avg": 43.61,
            "net_income": -9373,
            "revenue": 323137,
            "common_shares": 520139,
            "book_valuer_per_share": 21.14,
            "book_valuer_per_share_4q_avg": 20.24,
            "equity": 1069001,
            "current_ratio": 255.27,
            "debt_ratio": 49.93,
            "inventory_turnover_ratio": 0.54,
            "account_receivable_turnover_ratio": 4.46,
            "reinvestment_rate": -9.59,
            "research_to_sale_ratio": 3.35,
            "price_fair": 67.2,
            "eps_avg_yearly": 1.92,
            "eps_latest_yearly": 3.2,
            "eps_growth_yearly": 2281.52
        },
        "20231": {
            "year_quarter": 20231,
            "year": 2023,
            "quarter": 1,
            "eps": -1.29,
            "eps_growth_year": -13000,
            "eps_4q": -0.19,
            "eps_4q_growth_year": -111.35,
            "roe": -6.44,
            "roe_4q": -0.03000000000000025,
            "gross_profit": 38498,
            "gross_margin": 40.19,
            "gross_margin_4q_avg": 42.94,
            "net_income": -65253,
            "revenue": 95792,
            "common_shares": 520139,
            "book_valuer_per_share": 18.95,
            "book_valuer_per_share_4q_avg": 20.25,
            "equity": 958926,
            "current_ratio": 205.83,
            "debt_ratio": 56.96,
            "inventory_turnover_ratio": 0.19,
            "account_receivable_turnover_ratio": 1.8,
            "reinvestment_rate": -13.87,
            "research_to_sale_ratio": 13.53,
            "price_fair": 67.43,
            "eps_avg_yearly": 1.93,
            "eps_latest_yearly": 3.2,
            "eps_growth_yearly": 2478.99
        }
    },
    "months": {
        "2009-05": {
            "month": "2009-05",
            "price": "125.60",
            "revenue": 61518
        },
        "2009-06": {
            "month": "2009-06",
            "price": "120.12",
            "revenue": 63519
        },
        "2009-07": {
            "month": "2009-07",
            "price": "122.10",
            "revenue": 47128
        },
        "2009-08": {
            "month": "2009-08",
            "price": "124.56",
            "revenue": 41746
        },
        "2009-09": {
            "month": "2009-09",
            "price": "118.52",
            "revenue": 52962
        },
        "2009-10": {
            "month": "2009-10",
            "price": "120.05",
            "revenue": 91103
        },
        "2009-11": {
            "month": "2009-11",
            "price": "116.42",
            "revenue": 93720
        },
        "2009-12": {
            "month": "2009-12",
            "price": "111.20",
            "revenue": 152320
        },
        "2010-01": {
            "month": "2010-01",
            "price": "123.79",
            "revenue": 84314
        },
        "2010-02": {
            "month": "2010-02",
            "price": "127.65",
            "revenue": 79208
        },
        "2010-03": {
            "month": "2010-03",
            "price": "127.26",
            "revenue": 58275
        },
        "2010-04": {
            "month": "2010-04",
            "price": "120.63",
            "revenue": 70730
        },
        "2010-05": {
            "month": "2010-05",
            "price": "113.45",
            "revenue": 48685
        },
        "2010-06": {
            "month": "2010-06",
            "price": "116.84",
            "revenue": 47372
        },
        "2010-07": {
            "month": "2010-07",
            "price": "92.16",
            "revenue": 47127
        },
        "2010-08": {
            "month": "2010-08",
            "price": "92.77",
            "revenue": 68313
        },
        "2010-09": {
            "month": "2010-09",
            "price": "79.08",
            "revenue": 48646
        },
        "2010-10": {
            "month": "2010-10",
            "price": "58.44",
            "revenue": 38141
        },
        "2010-11": {
            "month": "2010-11",
            "price": "50.01",
            "revenue": 45829
        },
        "2010-12": {
            "month": "2010-12",
            "price": "47.40",
            "revenue": 154341
        },
        "2011-01": {
            "month": "2011-01",
            "price": "46.18",
            "revenue": 28007
        },
        "2011-02": {
            "month": "2011-02",
            "price": "39.13",
            "revenue": 15754
        },
        "2011-03": {
            "month": "2011-03",
            "price": "29.92",
            "revenue": 77753
        },
        "2011-04": {
            "month": "2011-04",
            "price": "27.15",
            "revenue": 50873
        },
        "2011-05": {
            "month": "2011-05",
            "price": "26.20",
            "revenue": 91761
        },
        "2011-06": {
            "month": "2011-06",
            "price": "29.30",
            "revenue": 109665
        },
        "2011-07": {
            "month": "2011-07",
            "price": "29.42",
            "revenue": 80429
        },
        "2011-08": {
            "month": "2011-08",
            "price": "29.43",
            "revenue": 68468
        },
        "2011-09": {
            "month": "2011-09",
            "price": "26.77",
            "revenue": 50029
        },
        "2011-10": {
            "month": "2011-10",
            "price": "23.39",
            "revenue": 56809
        },
        "2011-11": {
            "month": "2011-11",
            "price": "22.40",
            "revenue": 59352
        },
        "2011-12": {
            "month": "2011-12",
            "price": "21.19",
            "revenue": 76049
        },
        "2012-01": {
            "month": "2012-01",
            "price": "20.65",
            "revenue": 31041
        },
        "2012-02": {
            "month": "2012-02",
            "price": "24.35",
            "revenue": 51557
        },
        "2012-03": {
            "month": "2012-03",
            "price": "25.99",
            "revenue": 112609
        },
        "2012-04": {
            "month": "2012-04",
            "price": "25.64",
            "revenue": 64185
        },
        "2012-05": {
            "month": "2012-05",
            "price": "23.71",
            "revenue": 37996
        },
        "2012-06": {
            "month": "2012-06",
            "price": "21.43",
            "revenue": 76388
        },
        "2012-07": {
            "month": "2012-07",
            "price": "20.32",
            "revenue": 58297
        },
        "2012-08": {
            "month": "2012-08",
            "price": "21.98",
            "revenue": 78737
        },
        "2012-09": {
            "month": "2012-09",
            "price": "25.63",
            "revenue": 57612
        },
        "2012-10": {
            "month": "2012-10",
            "price": "28.83",
            "revenue": 48955
        },
        "2012-11": {
            "month": "2012-11",
            "price": "27.51",
            "revenue": 51442
        },
        "2012-12": {
            "month": "2012-12",
            "price": "27.86",
            "revenue": 101885
        },
        "2013-01": {
            "month": "2013-01",
            "price": "25.09",
            "revenue": 35817
        },
        "2013-02": {
            "month": "2013-02",
            "price": "33.66",
            "revenue": 33553
        },
        "2013-03": {
            "month": "2013-03",
            "price": "33.27",
            "revenue": 87204
        },
        "2013-04": {
            "month": "2013-04",
            "price": "32.49",
            "revenue": 71155
        },
        "2013-05": {
            "month": "2013-05",
            "price": "29.90",
            "revenue": 47281
        },
        "2013-06": {
            "month": "2013-06",
            "price": "28.72",
            "revenue": 78874
        },
        "2013-07": {
            "month": "2013-07",
            "price": "24.73",
            "revenue": 45346
        },
        "2013-08": {
            "month": "2013-08",
            "price": "20.75",
            "revenue": 83134
        },
        "2013-09": {
            "month": "2013-09",
            "price": "17.02",
            "revenue": 65836
        },
        "2013-10": {
            "month": "2013-10",
            "price": "16.17",
            "revenue": 48570
        },
        "2013-11": {
            "month": "2013-11",
            "price": "16.90",
            "revenue": 56388
        },
        "2013-12": {
            "month": "2013-12",
            "price": "17.01",
            "revenue": 121388
        },
        "2014-01": {
            "month": "2014-01",
            "price": "16.74",
            "revenue": 68542
        },
        "2014-02": {
            "month": "2014-02",
            "price": "17.88",
            "revenue": 28780
        },
        "2014-03": {
            "month": "2014-03",
            "price": "16.78",
            "revenue": 46872
        },
        "2014-04": {
            "month": "2014-04",
            "price": "19.35",
            "revenue": 53979
        },
        "2014-05": {
            "month": "2014-05",
            "price": "18.51",
            "revenue": 85531
        },
        "2014-06": {
            "month": "2014-06",
            "price": "17.61",
            "revenue": 54001
        },
        "2014-07": {
            "month": "2014-07",
            "price": "19.39",
            "revenue": 52196
        },
        "2014-08": {
            "month": "2014-08",
            "price": "19.64",
            "revenue": 46660
        },
        "2014-09": {
            "month": "2014-09",
            "price": "20.37",
            "revenue": 73072
        },
        "2014-10": {
            "month": "2014-10",
            "price": "18.66",
            "revenue": 53121
        },
        "2014-11": {
            "month": "2014-11",
            "price": "17.99",
            "revenue": 39504
        },
        "2014-12": {
            "month": "2014-12",
            "price": "17.74",
            "revenue": 91009
        },
        "2015-01": {
            "month": "2015-01",
            "price": "16.63",
            "revenue": 44779
        },
        "2015-02": {
            "month": "2015-02",
            "price": "16.28",
            "revenue": 33673
        },
        "2015-03": {
            "month": "2015-03",
            "price": "17.02",
            "revenue": 40384
        },
        "2015-04": {
            "month": "2015-04",
            "price": "16.81",
            "revenue": 125450
        },
        "2015-05": {
            "month": "2015-05",
            "price": "17.10",
            "revenue": 59769
        },
        "2015-06": {
            "month": "2015-06",
            "price": "16.91",
            "revenue": 81125
        },
        "2015-07": {
            "month": "2015-07",
            "price": "15.33",
            "revenue": 94869
        },
        "2015-08": {
            "month": "2015-08",
            "price": "12.39",
            "revenue": 152590
        },
        "2015-09": {
            "month": "2015-09",
            "price": "10.18",
            "revenue": 66409
        },
        "2015-10": {
            "month": "2015-10",
            "price": "10.37",
            "revenue": 108313
        },
        "2015-11": {
            "month": "2015-11",
            "price": "12.79",
            "revenue": 124001
        },
        "2015-12": {
            "month": "2015-12",
            "price": "28.65",
            "revenue": 198263
        },
        "2016-01": {
            "month": "2016-01",
            "price": "40.09",
            "revenue": 83394
        },
        "2016-02": {
            "month": "2016-02",
            "price": "37.98",
            "revenue": 44896
        },
        "2016-03": {
            "month": "2016-03",
            "price": "31.95",
            "revenue": 146789
        },
        "2016-04": {
            "month": "2016-04",
            "price": "32.13",
            "revenue": 70107
        },
        "2016-05": {
            "month": "2016-05",
            "price": "30.11",
            "revenue": 85438
        },
        "2016-06": {
            "month": "2016-06",
            "price": "30.48",
            "revenue": 129405
        },
        "2016-07": {
            "month": "2016-07",
            "price": "34.53",
            "revenue": 80191
        },
        "2016-08": {
            "month": "2016-08",
            "price": "35.96",
            "revenue": 53357
        },
        "2016-09": {
            "month": "2016-09",
            "price": "36.34",
            "revenue": 100019
        },
        "2016-10": {
            "month": "2016-10",
            "price": "33.70",
            "revenue": 79364
        },
        "2016-11": {
            "month": "2016-11",
            "price": "31.06",
            "revenue": 95468
        },
        "2016-12": {
            "month": "2016-12",
            "price": "33.47",
            "revenue": 258636
        },
        "2017-01": {
            "month": "2017-01",
            "price": "38.00",
            "revenue": 50475
        },
        "2017-02": {
            "month": "2017-02",
            "price": "37.48",
            "revenue": 66008
        },
        "2017-03": {
            "month": "2017-03",
            "price": "40.91",
            "revenue": 118417
        },
        "2017-04": {
            "month": "2017-04",
            "price": "45.14",
            "revenue": 84726
        },
        "2017-05": {
            "month": "2017-05",
            "price": "45.93",
            "revenue": 82591
        },
        "2017-06": {
            "month": "2017-06",
            "price": "48.02",
            "revenue": 122011
        },
        "2017-07": {
            "month": "2017-07",
            "price": "44.43",
            "revenue": 42767
        },
        "2017-08": {
            "month": "2017-08",
            "price": "37.14",
            "revenue": 93157
        },
        "2017-09": {
            "month": "2017-09",
            "price": "34.52",
            "revenue": 117066
        },
        "2017-10": {
            "month": "2017-10",
            "price": "36.36",
            "revenue": 77900
        },
        "2017-11": {
            "month": "2017-11",
            "price": "37.47",
            "revenue": 58803
        },
        "2017-12": {
            "month": "2017-12",
            "price": "33.33",
            "revenue": 99162
        },
        "2018-01": {
            "month": "2018-01",
            "price": "32.89",
            "revenue": 59047
        },
        "2018-02": {
            "month": "2018-02",
            "price": "32.97",
            "revenue": 64850
        },
        "2018-03": {
            "month": "2018-03",
            "price": "36.33",
            "revenue": 157081
        },
        "2018-04": {
            "month": "2018-04",
            "price": "37.13",
            "revenue": 63105
        },
        "2018-05": {
            "month": "2018-05",
            "price": "40.80",
            "revenue": 73847
        },
        "2018-06": {
            "month": "2018-06",
            "price": "40.43",
            "revenue": 101601
        },
        "2018-07": {
            "month": "2018-07",
            "price": "38.90",
            "revenue": 45517
        },
        "2018-08": {
            "month": "2018-08",
            "price": "35.86",
            "revenue": 124381
        },
        "2018-09": {
            "month": "2018-09",
            "price": "33.21",
            "revenue": 138738
        },
        "2018-10": {
            "month": "2018-10",
            "price": "30.62",
            "revenue": 59081
        },
        "2018-11": {
            "month": "2018-11",
            "price": "29.29",
            "revenue": 108678
        },
        "2018-12": {
            "month": "2018-12",
            "price": "33.29",
            "revenue": 173791
        },
        "2019-01": {
            "month": "2019-01",
            "price": "31.28",
            "revenue": 73030
        },
        "2019-02": {
            "month": "2019-02",
            "price": "30.02",
            "revenue": 66908
        },
        "2019-03": {
            "month": "2019-03",
            "price": "30.64",
            "revenue": 112200
        },
        "2019-04": {
            "month": "2019-04",
            "price": "31.17",
            "revenue": 63926
        },
        "2019-05": {
            "month": "2019-05",
            "price": "29.10",
            "revenue": 78128
        },
        "2019-06": {
            "month": "2019-06",
            "price": "28.56",
            "revenue": 135032
        },
        "2019-07": {
            "month": "2019-07",
            "price": "30.50",
            "revenue": 97801
        },
        "2019-08": {
            "month": "2019-08",
            "price": "28.55",
            "revenue": 68235
        },
        "2019-09": {
            "month": "2019-09",
            "price": "29.49",
            "revenue": 101947
        },
        "2019-10": {
            "month": "2019-10",
            "price": "34.11",
            "revenue": 83992
        },
        "2019-11": {
            "month": "2019-11",
            "price": "35.20",
            "revenue": 75868
        },
        "2019-12": {
            "month": "2019-12",
            "price": "33.79",
            "revenue": 165161
        },
        "2020-01": {
            "month": "2020-01",
            "price": "35.47",
            "revenue": 52864
        },
        "2020-02": {
            "month": "2020-02",
            "price": "38.31",
            "revenue": 25651
        },
        "2020-03": {
            "month": "2020-03",
            "price": "33.36",
            "revenue": 98818
        },
        "2020-04": {
            "month": "2020-04",
            "price": "31.83",
            "revenue": 85881
        },
        "2020-05": {
            "month": "2020-05",
            "price": "36.14",
            "revenue": 126252
        },
        "2020-06": {
            "month": "2020-06",
            "price": "38.62",
            "revenue": 73040
        },
        "2020-07": {
            "month": "2020-07",
            "price": "36.08",
            "revenue": 59992
        },
        "2020-08": {
            "month": "2020-08",
            "price": "32.53",
            "revenue": 87760
        },
        "2020-09": {
            "month": "2020-09",
            "price": "31.27",
            "revenue": 115499
        },
        "2020-10": {
            "month": "2020-10",
            "price": "32.20",
            "revenue": 73501
        },
        "2020-11": {
            "month": "2020-11",
            "price": "31.55",
            "revenue": 66318
        },
        "2020-12": {
            "month": "2020-12",
            "price": "30.06",
            "revenue": 160835
        },
        "2021-01": {
            "month": "2021-01",
            "price": "28.91",
            "revenue": 61453
        },
        "2021-02": {
            "month": "2021-02",
            "price": "28.93",
            "revenue": 49781
        },
        "2021-03": {
            "month": "2021-03",
            "price": "28.99",
            "revenue": 98379
        },
        "2021-04": {
            "month": "2021-04",
            "price": "28.97",
            "revenue": 60217
        },
        "2021-05": {
            "month": "2021-05",
            "price": "26.53",
            "revenue": 69202
        },
        "2021-06": {
            "month": "2021-06",
            "price": "25.92",
            "revenue": 78029
        },
        "2021-07": {
            "month": "2021-07",
            "price": "26.62",
            "revenue": 115445
        },
        "2021-08": {
            "month": "2021-08",
            "price": "27.45",
            "revenue": 87343
        },
        "2021-09": {
            "month": "2021-09",
            "price": "26.38",
            "revenue": 71563
        },
        "2021-10": {
            "month": "2021-10",
            "price": "26.30",
            "revenue": 68830
        },
        "2021-11": {
            "month": "2021-11",
            "price": "26.48",
            "revenue": 137215
        },
        "2021-12": {
            "month": "2021-12",
            "price": "34.76",
            "revenue": 197269
        },
        "2022-01": {
            "month": "2022-01",
            "price": "35.86",
            "revenue": 38547
        },
        "2022-02": {
            "month": "2022-02",
            "price": "33.45",
            "revenue": 42683
        },
        "2022-03": {
            "month": "2022-03",
            "price": "30.95",
            "revenue": 89868
        },
        "2022-04": {
            "month": "2022-04",
            "price": "32.32",
            "revenue": 29093
        },
        "2022-05": {
            "month": "2022-05",
            "price": "28.20",
            "revenue": 62773
        },
        "2022-06": {
            "month": "2022-06",
            "price": "27.00",
            "revenue": 120651
        },
        "2022-07": {
            "month": "2022-07",
            "price": "26.61",
            "revenue": 45691
        },
        "2022-08": {
            "month": "2022-08",
            "price": "28.19",
            "revenue": 79076
        },
        "2022-09": {
            "month": "2022-09",
            "price": "27.19",
            "revenue": 71313
        },
        "2022-10": {
            "month": "2022-10",
            "price": "24.47",
            "revenue": 71489
        },
        "2022-11": {
            "month": "2022-11",
            "price": "25.64",
            "revenue": 84793
        },
        "2022-12": {
            "month": "2022-12",
            "price": "26.61",
            "revenue": 166855
        },
        "2023-01": {
            "month": "2023-01",
            "price": "25.79",
            "revenue": 25979
        },
        "2023-02": {
            "month": "2023-02",
            "price": "31.75",
            "revenue": 32640
        },
        "2023-03": {
            "month": "2023-03",
            "price": "30.95",
            "revenue": 37173
        },
        "2023-04": {
            "month": "2023-04",
            "price": "34.66",
            "revenue": 118580
        },
        "2023-05": {
            "month": "2023-05",
            "price": "41.37",
            "revenue": 42109
        }
    }
}
