{
    "summary": {
        "stock_name": "合富-KY",
        "stock_id": "4745",
        "category": "生技醫療",
        "main_business": "從事體外診斷設備、試劑暨耗材之銷售買賣及維修業務<br>產品代理儀器及耗材之銷售買賣及維修業務",
        "website_url": "http://www.cowealthholding.com",
        "ceo": "李惇",
        "pe_ratio": 24,
        "report_year_from": 2002,
        "report_year_to": 2023,
        "age": 21,
        "eps_negative_percentage": 0,
        "eps_growth_avg": {
            "last_all": 3,
            "last_2y": -28.19,
            "last_4y": -7.51,
            "last_8y": -7.78,
            "last_12y": null,
            "last_16y": null,
            "last_20y": null,
            "at_2006_last_3y": null,
            "at_2007_last_3y": null,
            "at_2008_last_3y": null,
            "at_2009_last_3y": null,
            "at_2010_last_3y": null,
            "at_2011_last_3y": null,
            "at_2012_last_3y": null,
            "at_2013_last_3y": null,
            "at_2014_last_3y": null,
            "at_2015_last_3y": null,
            "at_2016_last_3y": 17.13,
            "at_2017_last_3y": -8.12,
            "at_2018_last_3y": 2.11,
            "at_2019_last_3y": -1.01,
            "at_2020_last_3y": -4.15,
            "at_2021_last_3y": -1.28,
            "at_2022_last_3y": -22.51,
            "at_2023_last_3y": -22.51,
            "at_2006_last_all": null,
            "at_2007_last_all": null,
            "at_2008_last_all": null,
            "at_2009_last_all": null,
            "at_2010_last_all": null,
            "at_2011_last_all": null,
            "at_2012_last_all": null,
            "at_2013_last_all": null,
            "at_2014_last_all": 55.78,
            "at_2015_last_all": 39.53,
            "at_2016_last_all": 17.13,
            "at_2017_last_all": 13.51,
            "at_2018_last_all": 20,
            "at_2019_last_all": 16.37,
            "at_2020_last_all": 6.49,
            "at_2021_last_all": 6.93,
            "at_2022_last_all": 3,
            "at_2023_last_all": 3
        },
        "latest_eps": 1.02,
        "latest_price": 24.75,
        "latest_roe": 4.18,
        "latest_gross_margin": 21.84,
        "latest_equity": 4942432,
        "latest_revenue": 1311835,
        "latest_gross_profit": 286442,
        "latest_net_income": 50573,
        "latest_debt_ratio": 32.31,
        "latest_current_ratio": 283.87,
        "latest_account_receivable_turnover_ratio": 0.37,
        "latest_inventory_turnover_ratio": 1.16,
        "latest_reinvestment_rate": -21.19,
        "latest_research_to_sale_ratio": 0.38
    },
    "eps_dividends": {
        "2001": {
            "cash": 0,
            "stock": 0,
            "eps": 0
        },
        "2002": {
            "cash": 0,
            "stock": 0,
            "eps": 0
        },
        "2003": {
            "cash": 0,
            "stock": 0,
            "eps": 0
        },
        "2004": {
            "cash": 0,
            "stock": 0,
            "eps": 0
        },
        "2005": {
            "cash": 0,
            "stock": 0,
            "eps": 0
        },
        "2006": {
            "cash": 0,
            "stock": 0,
            "eps": 0
        },
        "2007": {
            "cash": 0,
            "stock": 0,
            "eps": 0
        },
        "2008": {
            "cash": 0,
            "stock": 0,
            "eps": 0
        },
        "2009": {
            "cash": 0.5,
            "stock": 0,
            "eps": 0
        },
        "2010": {
            "cash": 0.2,
            "stock": 0,
            "eps": 0
        },
        "2011": {
            "cash": 0.2,
            "stock": 0,
            "eps": 0
        },
        "2012": {
            "cash": 0.8,
            "stock": 0,
            "eps": 1.73
        },
        "2013": {
            "cash": 3,
            "stock": 0,
            "eps": 5.1
        },
        "2014": {
            "cash": 3.8,
            "stock": 0,
            "eps": 5.69
        },
        "2015": {
            "cash": 3.65,
            "stock": 0.2,
            "eps": 6.09
        },
        "2016": {
            "cash": 2.6,
            "stock": 0,
            "eps": 3.04
        },
        "2017": {
            "cash": 2,
            "stock": 0,
            "eps": 3.01
        },
        "2018": {
            "cash": 0.2,
            "stock": 1,
            "eps": 4.59
        },
        "2019": {
            "cash": 0.3,
            "stock": 2,
            "eps": 4.34
        },
        "2020": {
            "cash": 1.2,
            "stock": 0.5,
            "eps": 1.62
        },
        "2021": {
            "cash": 1.2,
            "stock": 0,
            "eps": 1.79
        },
        "2022": {
            "cash": 1.5,
            "stock": 0,
            "eps": 1.21
        },
        "2023": {
            "cash": 1.6,
            "stock": 0,
            "eps": 0.49
        }
    },
    "dividends": {
        "2009-04-29": {
            "cash": 0.5,
            "stock": 0
        },
        "2010-03-29": {
            "cash": 0.2,
            "stock": 0
        },
        "2011-04-06": {
            "cash": 0.2,
            "stock": 0
        },
        "2012-06-21": {
            "cash": 0.8,
            "stock": 0
        },
        "2013-06-14": {
            "cash": 3,
            "stock": 0
        },
        "2014-09-05": {
            "cash": 3.8,
            "stock": 0
        },
        "2015-09-30": {
            "cash": 3.65,
            "stock": 0.2
        },
        "2016-10-07": {
            "cash": 2.6,
            "stock": 0
        },
        "2017-09-25": {
            "cash": 2,
            "stock": 0
        },
        "2018-08-29": {
            "cash": 0.2,
            "stock": 1
        },
        "2019-09-06": {
            "cash": 0.3,
            "stock": 2
        },
        "2020-08-21": {
            "cash": 1.2,
            "stock": 0.5
        },
        "2021-08-13": {
            "cash": 1.2,
            "stock": 0
        },
        "2022-07-29": {
            "cash": 1.5,
            "stock": 0
        },
        "2023-08-03": {
            "cash": 1.6,
            "stock": 0
        }
    },
    "prices": {
        "200101": "無",
        "200102": "無",
        "200103": "無",
        "200104": "無",
        "200105": "無",
        "200106": "無",
        "200107": "無",
        "200108": "無",
        "200109": "無",
        "200110": "無",
        "200111": "無",
        "200112": "無",
        "200201": "無",
        "200202": "無",
        "200203": "無",
        "200204": "無",
        "200205": "無",
        "200206": "無",
        "200207": "無",
        "200208": "無",
        "200209": "無",
        "200210": "無",
        "200211": "無",
        "200212": "無",
        "200301": "無",
        "200302": "無",
        "200303": "無",
        "200304": "無",
        "200305": "無",
        "200306": "無",
        "200307": "無",
        "200308": "無",
        "200309": "無",
        "200310": "無",
        "200311": "無",
        "200312": "無",
        "200401": "無",
        "200402": "無",
        "200403": "無",
        "200404": "無",
        "200405": "無",
        "200406": "無",
        "200407": "無",
        "200408": "無",
        "200409": "無",
        "200410": "無",
        "200411": "無",
        "200412": "無",
        "200501": "無",
        "200502": "無",
        "200503": "無",
        "200504": "無",
        "200505": "無",
        "200506": "無",
        "200507": "無",
        "200508": "無",
        "200509": "無",
        "200510": "無",
        "200511": "無",
        "200512": "無",
        "200601": "無",
        "200602": "無",
        "200603": "無",
        "200604": "無",
        "200605": "無",
        "200606": "無",
        "200607": "無",
        "200608": "無",
        "200609": "無",
        "200610": "無",
        "200611": "無",
        "200612": "無",
        "200701": "無",
        "200702": "無",
        "200703": "無",
        "200704": "無",
        "200705": "無",
        "200706": "無",
        "200707": "無",
        "200708": "無",
        "200709": "無",
        "200710": "無",
        "200711": "無",
        "200712": "無",
        "200801": "無",
        "200802": "無",
        "200803": "無",
        "200804": "無",
        "200805": "無",
        "200806": "無",
        "200807": "無",
        "200808": "無",
        "200809": "無",
        "200810": "無",
        "200811": "無",
        "200812": "無",
        "200901": "無",
        "200902": "無",
        "200903": "無",
        "200904": "無",
        "200905": "44.34",
        "200906": "25.84",
        "200907": "27.40",
        "200908": "27.98",
        "200909": "28.09",
        "200910": "28.19",
        "200911": "28.63",
        "200912": "27.46",
        "201001": "25.99",
        "201002": "24.95",
        "201003": "24.22",
        "201004": "22.86",
        "201005": "21.51",
        "201006": "22.03",
        "201007": "21.95",
        "201008": "21.51",
        "201009": "20.38",
        "201010": "19.56",
        "201011": "20.10",
        "201012": "20.35",
        "201101": "19.43",
        "201102": "19.32",
        "201103": "19.94",
        "201104": "19.22",
        "201105": "19.69",
        "201106": "20.12",
        "201107": "19.72",
        "201108": "19.86",
        "201109": "20.22",
        "201110": "20.84",
        "201111": "21.09",
        "201112": "20.07",
        "201201": "21.39",
        "201202": "23.21",
        "201203": "26.92",
        "201204": "27.39",
        "201205": "29.40",
        "201206": "30.31",
        "201207": "30.08",
        "201208": "29.69",
        "201209": "39.53",
        "201210": "63.96",
        "201211": "73.80",
        "201212": "77.35",
        "201301": "86.90",
        "201302": "84.33",
        "201303": "84.66",
        "201304": "86.44",
        "201305": "84.95",
        "201306": "80.23",
        "201307": "80.62",
        "201308": "79.60",
        "201309": "77.16",
        "201310": "79.45",
        "201311": "83.88",
        "201312": "83.00",
        "201401": "85.20",
        "201402": "105.48",
        "201403": "121.24",
        "201404": "110.81",
        "201405": "111.81",
        "201406": "132.88",
        "201407": "129.61",
        "201408": "116.55",
        "201409": "113.02",
        "201410": "100.21",
        "201411": "92.38",
        "201412": "95.50",
        "201501": "92.07",
        "201502": "91.82",
        "201503": "87.98",
        "201504": "88.58",
        "201505": "87.37",
        "201506": "75.40",
        "201507": "73.04",
        "201508": "52.13",
        "201509": "55.36",
        "201510": "65.30",
        "201511": "69.94",
        "201512": "60.23",
        "201601": "52.50",
        "201602": "56.06",
        "201603": "63.69",
        "201604": "68.89",
        "201605": "64.32",
        "201606": "66.29",
        "201607": "73.10",
        "201608": "64.20",
        "201609": "57.47",
        "201610": "54.32",
        "201611": "47.16",
        "201612": "47.36",
        "201701": "48.49",
        "201702": "49.21",
        "201703": "47.09",
        "201704": "44.71",
        "201705": "44.66",
        "201706": "44.94",
        "201707": "41.85",
        "201708": "40.23",
        "201709": "42.47",
        "201710": "42.71",
        "201711": "40.34",
        "201712": "38.99",
        "201801": "40.75",
        "201802": "39.53",
        "201803": "43.05",
        "201804": "50.30",
        "201805": "45.51",
        "201806": "44.55",
        "201807": "43.19",
        "201808": "44.33",
        "201809": "42.39",
        "201810": "43.79",
        "201811": "45.42",
        "201812": "41.96",
        "201901": "42.15",
        "201902": "44.54",
        "201903": "45.18",
        "201904": "46.42",
        "201905": "46.49",
        "201906": "46.90",
        "201907": "49.18",
        "201908": "44.93",
        "201909": "44.82",
        "201910": "44.00",
        "201911": "43.83",
        "201912": "42.43",
        "202001": "41.27",
        "202002": "39.33",
        "202003": "31.12",
        "202004": "29.85",
        "202005": "33.36",
        "202006": "33.66",
        "202007": "36.91",
        "202008": "33.05",
        "202009": "31.16",
        "202010": "30.62",
        "202011": "30.09",
        "202012": "30.47",
        "202101": "30.81",
        "202102": "30.08",
        "202103": "29.94",
        "202104": "29.26",
        "202105": "27.72",
        "202106": "27.23",
        "202107": "27.44",
        "202108": "25.64",
        "202109": "24.23",
        "202110": "23.76",
        "202111": "24.09",
        "202112": "26.52",
        "202201": "26.47",
        "202202": "28.72",
        "202203": "31.83",
        "202204": "32.10",
        "202205": "28.81",
        "202206": "27.33",
        "202207": "25.37",
        "202208": "25.94",
        "202209": "25.44",
        "202210": "23.85",
        "202211": "24.07",
        "202212": "25.02",
        "202301": "24.63",
        "202302": "25.25",
        "202303": "25.94",
        "202304": "27.16",
        "202305": "28.30",
        "202306": "29.27",
        "202307": "27.25",
        "202308": "25.82",
        "202309": "25.09",
        "202310": "24.82"
    },
    "quarters": {
        "20011": {
            "year_quarter": 20011,
            "year": 2001,
            "quarter": 1,
            "eps": null,
            "eps_growth_year": null,
            "eps_4q": null,
            "eps_4q_growth_year": null,
            "roe": null,
            "roe_4q": 0,
            "gross_profit": null,
            "gross_margin": null,
            "gross_margin_4q_avg": 0,
            "net_income": null,
            "net_income_4q": null,
            "revenue": null,
            "revenue_4q": null,
            "common_shares": null,
            "book_valuer_per_share": null,
            "book_valuer_per_share_4q_avg": 0,
            "equity": null,
            "current_ratio": null,
            "debt_ratio": null,
            "inventory_turnover_ratio": null,
            "account_receivable_turnover_ratio": null,
            "reinvestment_rate": null,
            "research_to_sale_ratio": null,
            "price_fair": 0,
            "eps_avg_yearly": 0,
            "eps_latest_yearly": 0,
            "eps_growth_yearly": 0
        },
        "20012": {
            "year_quarter": 20012,
            "year": 2001,
            "quarter": 2,
            "eps": null,
            "eps_growth_year": null,
            "eps_4q": null,
            "eps_4q_growth_year": null,
            "roe": null,
            "roe_4q": 0,
            "gross_profit": null,
            "gross_margin": null,
            "gross_margin_4q_avg": 0,
            "net_income": null,
            "net_income_4q": null,
            "revenue": null,
            "revenue_4q": null,
            "common_shares": null,
            "book_valuer_per_share": null,
            "book_valuer_per_share_4q_avg": 0,
            "equity": null,
            "current_ratio": null,
            "debt_ratio": null,
            "inventory_turnover_ratio": null,
            "account_receivable_turnover_ratio": null,
            "reinvestment_rate": null,
            "research_to_sale_ratio": null,
            "price_fair": 0,
            "eps_avg_yearly": 0,
            "eps_latest_yearly": 0,
            "eps_growth_yearly": 0
        },
        "20013": {
            "year_quarter": 20013,
            "year": 2001,
            "quarter": 3,
            "eps": null,
            "eps_growth_year": null,
            "eps_4q": null,
            "eps_4q_growth_year": null,
            "roe": null,
            "roe_4q": 0,
            "gross_profit": null,
            "gross_margin": null,
            "gross_margin_4q_avg": 0,
            "net_income": null,
            "net_income_4q": null,
            "revenue": null,
            "revenue_4q": null,
            "common_shares": null,
            "book_valuer_per_share": null,
            "book_valuer_per_share_4q_avg": 0,
            "equity": null,
            "current_ratio": null,
            "debt_ratio": null,
            "inventory_turnover_ratio": null,
            "account_receivable_turnover_ratio": null,
            "reinvestment_rate": null,
            "research_to_sale_ratio": null,
            "price_fair": 0,
            "eps_avg_yearly": 0,
            "eps_latest_yearly": 0,
            "eps_growth_yearly": 0
        },
        "20014": {
            "year_quarter": 20014,
            "year": 2001,
            "quarter": 4,
            "eps": null,
            "eps_growth_year": null,
            "eps_4q": null,
            "eps_4q_growth_year": null,
            "roe": null,
            "roe_4q": 0,
            "gross_profit": null,
            "gross_margin": null,
            "gross_margin_4q_avg": 0,
            "net_income": null,
            "net_income_4q": null,
            "revenue": null,
            "revenue_4q": null,
            "common_shares": null,
            "book_valuer_per_share": null,
            "book_valuer_per_share_4q_avg": 0,
            "equity": null,
            "current_ratio": null,
            "debt_ratio": null,
            "inventory_turnover_ratio": null,
            "account_receivable_turnover_ratio": null,
            "reinvestment_rate": null,
            "research_to_sale_ratio": null,
            "price_fair": 0,
            "eps_avg_yearly": 0,
            "eps_latest_yearly": 0,
            "eps_growth_yearly": 0
        },
        "20021": {
            "year_quarter": 20021,
            "year": 2002,
            "quarter": 1,
            "eps": null,
            "eps_growth_year": null,
            "eps_4q": null,
            "eps_4q_growth_year": null,
            "roe": null,
            "roe_4q": 0,
            "gross_profit": null,
            "gross_margin": null,
            "gross_margin_4q_avg": 0,
            "net_income": null,
            "net_income_4q": null,
            "revenue": null,
            "revenue_4q": null,
            "common_shares": null,
            "book_valuer_per_share": null,
            "book_valuer_per_share_4q_avg": 0,
            "equity": null,
            "current_ratio": null,
            "debt_ratio": null,
            "inventory_turnover_ratio": null,
            "account_receivable_turnover_ratio": null,
            "reinvestment_rate": null,
            "research_to_sale_ratio": null,
            "price_fair": 0,
            "eps_avg_yearly": 0,
            "eps_latest_yearly": 0,
            "eps_growth_yearly": 0
        },
        "20022": {
            "year_quarter": 20022,
            "year": 2002,
            "quarter": 2,
            "eps": null,
            "eps_growth_year": null,
            "eps_4q": null,
            "eps_4q_growth_year": null,
            "roe": null,
            "roe_4q": 0,
            "gross_profit": null,
            "gross_margin": null,
            "gross_margin_4q_avg": 0,
            "net_income": null,
            "net_income_4q": null,
            "revenue": null,
            "revenue_4q": null,
            "common_shares": null,
            "book_valuer_per_share": null,
            "book_valuer_per_share_4q_avg": 0,
            "equity": null,
            "current_ratio": null,
            "debt_ratio": null,
            "inventory_turnover_ratio": null,
            "account_receivable_turnover_ratio": null,
            "reinvestment_rate": null,
            "research_to_sale_ratio": null,
            "price_fair": 0,
            "eps_avg_yearly": 0,
            "eps_latest_yearly": 0,
            "eps_growth_yearly": 0
        },
        "20023": {
            "year_quarter": 20023,
            "year": 2002,
            "quarter": 3,
            "eps": null,
            "eps_growth_year": null,
            "eps_4q": null,
            "eps_4q_growth_year": null,
            "roe": null,
            "roe_4q": 0,
            "gross_profit": null,
            "gross_margin": null,
            "gross_margin_4q_avg": 0,
            "net_income": null,
            "net_income_4q": null,
            "revenue": null,
            "revenue_4q": null,
            "common_shares": null,
            "book_valuer_per_share": null,
            "book_valuer_per_share_4q_avg": 0,
            "equity": null,
            "current_ratio": null,
            "debt_ratio": null,
            "inventory_turnover_ratio": null,
            "account_receivable_turnover_ratio": null,
            "reinvestment_rate": null,
            "research_to_sale_ratio": null,
            "price_fair": 0,
            "eps_avg_yearly": 0,
            "eps_latest_yearly": 0,
            "eps_growth_yearly": 0
        },
        "20024": {
            "year_quarter": 20024,
            "year": 2002,
            "quarter": 4,
            "eps": null,
            "eps_growth_year": null,
            "eps_4q": null,
            "eps_4q_growth_year": null,
            "roe": null,
            "roe_4q": 0,
            "gross_profit": null,
            "gross_margin": null,
            "gross_margin_4q_avg": 0,
            "net_income": null,
            "net_income_4q": null,
            "revenue": null,
            "revenue_4q": null,
            "common_shares": null,
            "book_valuer_per_share": null,
            "book_valuer_per_share_4q_avg": 0,
            "equity": null,
            "current_ratio": null,
            "debt_ratio": null,
            "inventory_turnover_ratio": null,
            "account_receivable_turnover_ratio": null,
            "reinvestment_rate": null,
            "research_to_sale_ratio": null,
            "price_fair": 0,
            "eps_avg_yearly": 0,
            "eps_latest_yearly": 0,
            "eps_growth_yearly": 0
        },
        "20031": {
            "year_quarter": 20031,
            "year": 2003,
            "quarter": 1,
            "eps": null,
            "eps_growth_year": null,
            "eps_4q": null,
            "eps_4q_growth_year": null,
            "roe": null,
            "roe_4q": 0,
            "gross_profit": null,
            "gross_margin": null,
            "gross_margin_4q_avg": 0,
            "net_income": null,
            "net_income_4q": null,
            "revenue": null,
            "revenue_4q": null,
            "common_shares": null,
            "book_valuer_per_share": null,
            "book_valuer_per_share_4q_avg": 0,
            "equity": null,
            "current_ratio": null,
            "debt_ratio": null,
            "inventory_turnover_ratio": null,
            "account_receivable_turnover_ratio": null,
            "reinvestment_rate": null,
            "research_to_sale_ratio": null,
            "price_fair": 0,
            "eps_avg_yearly": 0,
            "eps_latest_yearly": 0,
            "eps_growth_yearly": 0
        },
        "20032": {
            "year_quarter": 20032,
            "year": 2003,
            "quarter": 2,
            "eps": null,
            "eps_growth_year": null,
            "eps_4q": null,
            "eps_4q_growth_year": null,
            "roe": null,
            "roe_4q": 0,
            "gross_profit": null,
            "gross_margin": null,
            "gross_margin_4q_avg": 0,
            "net_income": null,
            "net_income_4q": null,
            "revenue": null,
            "revenue_4q": null,
            "common_shares": null,
            "book_valuer_per_share": null,
            "book_valuer_per_share_4q_avg": 0,
            "equity": null,
            "current_ratio": null,
            "debt_ratio": null,
            "inventory_turnover_ratio": null,
            "account_receivable_turnover_ratio": null,
            "reinvestment_rate": null,
            "research_to_sale_ratio": null,
            "price_fair": 0,
            "eps_avg_yearly": 0,
            "eps_latest_yearly": 0,
            "eps_growth_yearly": 0
        },
        "20033": {
            "year_quarter": 20033,
            "year": 2003,
            "quarter": 3,
            "eps": null,
            "eps_growth_year": null,
            "eps_4q": null,
            "eps_4q_growth_year": null,
            "roe": null,
            "roe_4q": 0,
            "gross_profit": null,
            "gross_margin": null,
            "gross_margin_4q_avg": 0,
            "net_income": null,
            "net_income_4q": null,
            "revenue": null,
            "revenue_4q": null,
            "common_shares": null,
            "book_valuer_per_share": null,
            "book_valuer_per_share_4q_avg": 0,
            "equity": null,
            "current_ratio": null,
            "debt_ratio": null,
            "inventory_turnover_ratio": null,
            "account_receivable_turnover_ratio": null,
            "reinvestment_rate": null,
            "research_to_sale_ratio": null,
            "price_fair": 0,
            "eps_avg_yearly": 0,
            "eps_latest_yearly": 0,
            "eps_growth_yearly": 0
        },
        "20034": {
            "year_quarter": 20034,
            "year": 2003,
            "quarter": 4,
            "eps": null,
            "eps_growth_year": null,
            "eps_4q": null,
            "eps_4q_growth_year": null,
            "roe": null,
            "roe_4q": 0,
            "gross_profit": null,
            "gross_margin": null,
            "gross_margin_4q_avg": 0,
            "net_income": null,
            "net_income_4q": null,
            "revenue": null,
            "revenue_4q": null,
            "common_shares": null,
            "book_valuer_per_share": null,
            "book_valuer_per_share_4q_avg": 0,
            "equity": null,
            "current_ratio": null,
            "debt_ratio": null,
            "inventory_turnover_ratio": null,
            "account_receivable_turnover_ratio": null,
            "reinvestment_rate": null,
            "research_to_sale_ratio": null,
            "price_fair": 0,
            "eps_avg_yearly": 0,
            "eps_latest_yearly": 0,
            "eps_growth_yearly": 0
        },
        "20041": {
            "year_quarter": 20041,
            "year": 2004,
            "quarter": 1,
            "eps": null,
            "eps_growth_year": null,
            "eps_4q": null,
            "eps_4q_growth_year": null,
            "roe": null,
            "roe_4q": 0,
            "gross_profit": null,
            "gross_margin": null,
            "gross_margin_4q_avg": 0,
            "net_income": null,
            "net_income_4q": null,
            "revenue": null,
            "revenue_4q": null,
            "common_shares": null,
            "book_valuer_per_share": null,
            "book_valuer_per_share_4q_avg": 0,
            "equity": null,
            "current_ratio": null,
            "debt_ratio": null,
            "inventory_turnover_ratio": null,
            "account_receivable_turnover_ratio": null,
            "reinvestment_rate": null,
            "research_to_sale_ratio": null,
            "price_fair": 0,
            "eps_avg_yearly": 0,
            "eps_latest_yearly": 0,
            "eps_growth_yearly": 0
        },
        "20042": {
            "year_quarter": 20042,
            "year": 2004,
            "quarter": 2,
            "eps": null,
            "eps_growth_year": null,
            "eps_4q": null,
            "eps_4q_growth_year": null,
            "roe": null,
            "roe_4q": 0,
            "gross_profit": null,
            "gross_margin": null,
            "gross_margin_4q_avg": 0,
            "net_income": null,
            "net_income_4q": null,
            "revenue": null,
            "revenue_4q": null,
            "common_shares": null,
            "book_valuer_per_share": null,
            "book_valuer_per_share_4q_avg": 0,
            "equity": null,
            "current_ratio": null,
            "debt_ratio": null,
            "inventory_turnover_ratio": null,
            "account_receivable_turnover_ratio": null,
            "reinvestment_rate": null,
            "research_to_sale_ratio": null,
            "price_fair": 0,
            "eps_avg_yearly": 0,
            "eps_latest_yearly": 0,
            "eps_growth_yearly": 0
        },
        "20043": {
            "year_quarter": 20043,
            "year": 2004,
            "quarter": 3,
            "eps": null,
            "eps_growth_year": null,
            "eps_4q": null,
            "eps_4q_growth_year": null,
            "roe": null,
            "roe_4q": 0,
            "gross_profit": null,
            "gross_margin": null,
            "gross_margin_4q_avg": 0,
            "net_income": null,
            "net_income_4q": null,
            "revenue": null,
            "revenue_4q": null,
            "common_shares": null,
            "book_valuer_per_share": null,
            "book_valuer_per_share_4q_avg": 0,
            "equity": null,
            "current_ratio": null,
            "debt_ratio": null,
            "inventory_turnover_ratio": null,
            "account_receivable_turnover_ratio": null,
            "reinvestment_rate": null,
            "research_to_sale_ratio": null,
            "price_fair": 0,
            "eps_avg_yearly": 0,
            "eps_latest_yearly": 0,
            "eps_growth_yearly": 0
        },
        "20044": {
            "year_quarter": 20044,
            "year": 2004,
            "quarter": 4,
            "eps": null,
            "eps_growth_year": null,
            "eps_4q": null,
            "eps_4q_growth_year": null,
            "roe": null,
            "roe_4q": 0,
            "gross_profit": null,
            "gross_margin": null,
            "gross_margin_4q_avg": 0,
            "net_income": null,
            "net_income_4q": null,
            "revenue": null,
            "revenue_4q": null,
            "common_shares": null,
            "book_valuer_per_share": null,
            "book_valuer_per_share_4q_avg": 0,
            "equity": null,
            "current_ratio": null,
            "debt_ratio": null,
            "inventory_turnover_ratio": null,
            "account_receivable_turnover_ratio": null,
            "reinvestment_rate": null,
            "research_to_sale_ratio": null,
            "price_fair": 0,
            "eps_avg_yearly": 0,
            "eps_latest_yearly": 0,
            "eps_growth_yearly": 0
        },
        "20051": {
            "year_quarter": 20051,
            "year": 2005,
            "quarter": 1,
            "eps": null,
            "eps_growth_year": null,
            "eps_4q": null,
            "eps_4q_growth_year": null,
            "roe": null,
            "roe_4q": 0,
            "gross_profit": null,
            "gross_margin": null,
            "gross_margin_4q_avg": 0,
            "net_income": null,
            "net_income_4q": null,
            "revenue": null,
            "revenue_4q": null,
            "common_shares": null,
            "book_valuer_per_share": null,
            "book_valuer_per_share_4q_avg": 0,
            "equity": null,
            "current_ratio": null,
            "debt_ratio": null,
            "inventory_turnover_ratio": null,
            "account_receivable_turnover_ratio": null,
            "reinvestment_rate": null,
            "research_to_sale_ratio": null,
            "price_fair": 0,
            "eps_avg_yearly": 0,
            "eps_latest_yearly": 0,
            "eps_growth_yearly": 0
        },
        "20052": {
            "year_quarter": 20052,
            "year": 2005,
            "quarter": 2,
            "eps": null,
            "eps_growth_year": null,
            "eps_4q": null,
            "eps_4q_growth_year": null,
            "roe": null,
            "roe_4q": 0,
            "gross_profit": null,
            "gross_margin": null,
            "gross_margin_4q_avg": 0,
            "net_income": null,
            "net_income_4q": null,
            "revenue": null,
            "revenue_4q": null,
            "common_shares": null,
            "book_valuer_per_share": null,
            "book_valuer_per_share_4q_avg": 0,
            "equity": null,
            "current_ratio": null,
            "debt_ratio": null,
            "inventory_turnover_ratio": null,
            "account_receivable_turnover_ratio": null,
            "reinvestment_rate": null,
            "research_to_sale_ratio": null,
            "price_fair": 0,
            "eps_avg_yearly": 0,
            "eps_latest_yearly": 0,
            "eps_growth_yearly": 0
        },
        "20053": {
            "year_quarter": 20053,
            "year": 2005,
            "quarter": 3,
            "eps": null,
            "eps_growth_year": null,
            "eps_4q": null,
            "eps_4q_growth_year": null,
            "roe": null,
            "roe_4q": 0,
            "gross_profit": null,
            "gross_margin": null,
            "gross_margin_4q_avg": 0,
            "net_income": null,
            "net_income_4q": null,
            "revenue": null,
            "revenue_4q": null,
            "common_shares": null,
            "book_valuer_per_share": null,
            "book_valuer_per_share_4q_avg": 0,
            "equity": null,
            "current_ratio": null,
            "debt_ratio": null,
            "inventory_turnover_ratio": null,
            "account_receivable_turnover_ratio": null,
            "reinvestment_rate": null,
            "research_to_sale_ratio": null,
            "price_fair": 0,
            "eps_avg_yearly": 0,
            "eps_latest_yearly": 0,
            "eps_growth_yearly": 0
        },
        "20054": {
            "year_quarter": 20054,
            "year": 2005,
            "quarter": 4,
            "eps": null,
            "eps_growth_year": null,
            "eps_4q": null,
            "eps_4q_growth_year": null,
            "roe": null,
            "roe_4q": 0,
            "gross_profit": null,
            "gross_margin": null,
            "gross_margin_4q_avg": 0,
            "net_income": null,
            "net_income_4q": null,
            "revenue": null,
            "revenue_4q": null,
            "common_shares": null,
            "book_valuer_per_share": null,
            "book_valuer_per_share_4q_avg": 0,
            "equity": null,
            "current_ratio": null,
            "debt_ratio": null,
            "inventory_turnover_ratio": null,
            "account_receivable_turnover_ratio": null,
            "reinvestment_rate": null,
            "research_to_sale_ratio": null,
            "price_fair": 0,
            "eps_avg_yearly": 0,
            "eps_latest_yearly": 0,
            "eps_growth_yearly": 0
        },
        "20061": {
            "year_quarter": 20061,
            "year": 2006,
            "quarter": 1,
            "eps": null,
            "eps_growth_year": null,
            "eps_4q": null,
            "eps_4q_growth_year": null,
            "roe": null,
            "roe_4q": 0,
            "gross_profit": null,
            "gross_margin": null,
            "gross_margin_4q_avg": 0,
            "net_income": null,
            "net_income_4q": null,
            "revenue": null,
            "revenue_4q": null,
            "common_shares": null,
            "book_valuer_per_share": null,
            "book_valuer_per_share_4q_avg": 0,
            "equity": null,
            "current_ratio": null,
            "debt_ratio": null,
            "inventory_turnover_ratio": null,
            "account_receivable_turnover_ratio": null,
            "reinvestment_rate": null,
            "research_to_sale_ratio": null,
            "price_fair": 0,
            "eps_avg_yearly": 0,
            "eps_latest_yearly": 0,
            "eps_growth_yearly": 0
        },
        "20062": {
            "year_quarter": 20062,
            "year": 2006,
            "quarter": 2,
            "eps": null,
            "eps_growth_year": null,
            "eps_4q": null,
            "eps_4q_growth_year": null,
            "roe": null,
            "roe_4q": 0,
            "gross_profit": null,
            "gross_margin": null,
            "gross_margin_4q_avg": 0,
            "net_income": null,
            "net_income_4q": null,
            "revenue": null,
            "revenue_4q": null,
            "common_shares": null,
            "book_valuer_per_share": null,
            "book_valuer_per_share_4q_avg": 0,
            "equity": null,
            "current_ratio": null,
            "debt_ratio": null,
            "inventory_turnover_ratio": null,
            "account_receivable_turnover_ratio": null,
            "reinvestment_rate": null,
            "research_to_sale_ratio": null,
            "price_fair": 0,
            "eps_avg_yearly": 0,
            "eps_latest_yearly": 0,
            "eps_growth_yearly": 0
        },
        "20063": {
            "year_quarter": 20063,
            "year": 2006,
            "quarter": 3,
            "eps": null,
            "eps_growth_year": null,
            "eps_4q": null,
            "eps_4q_growth_year": null,
            "roe": null,
            "roe_4q": 0,
            "gross_profit": null,
            "gross_margin": null,
            "gross_margin_4q_avg": 0,
            "net_income": null,
            "net_income_4q": null,
            "revenue": null,
            "revenue_4q": null,
            "common_shares": null,
            "book_valuer_per_share": null,
            "book_valuer_per_share_4q_avg": 0,
            "equity": null,
            "current_ratio": null,
            "debt_ratio": null,
            "inventory_turnover_ratio": null,
            "account_receivable_turnover_ratio": null,
            "reinvestment_rate": null,
            "research_to_sale_ratio": null,
            "price_fair": 0,
            "eps_avg_yearly": 0,
            "eps_latest_yearly": 0,
            "eps_growth_yearly": 0
        },
        "20064": {
            "year_quarter": 20064,
            "year": 2006,
            "quarter": 4,
            "eps": null,
            "eps_growth_year": null,
            "eps_4q": null,
            "eps_4q_growth_year": null,
            "roe": null,
            "roe_4q": 0,
            "gross_profit": null,
            "gross_margin": null,
            "gross_margin_4q_avg": 0,
            "net_income": null,
            "net_income_4q": null,
            "revenue": null,
            "revenue_4q": null,
            "common_shares": 454570,
            "book_valuer_per_share": 11.06,
            "book_valuer_per_share_4q_avg": 2.77,
            "equity": 502816,
            "current_ratio": 211.78,
            "debt_ratio": 45.57,
            "inventory_turnover_ratio": null,
            "account_receivable_turnover_ratio": null,
            "reinvestment_rate": null,
            "research_to_sale_ratio": null,
            "price_fair": 0,
            "eps_avg_yearly": 0,
            "eps_latest_yearly": 0,
            "eps_growth_yearly": 0
        },
        "20071": {
            "year_quarter": 20071,
            "year": 2007,
            "quarter": 1,
            "eps": null,
            "eps_growth_year": null,
            "eps_4q": null,
            "eps_4q_growth_year": null,
            "roe": null,
            "roe_4q": 0,
            "gross_profit": null,
            "gross_margin": null,
            "gross_margin_4q_avg": 0,
            "net_income": null,
            "net_income_4q": null,
            "revenue": null,
            "revenue_4q": null,
            "common_shares": null,
            "book_valuer_per_share": null,
            "book_valuer_per_share_4q_avg": 2.77,
            "equity": null,
            "current_ratio": null,
            "debt_ratio": null,
            "inventory_turnover_ratio": null,
            "account_receivable_turnover_ratio": null,
            "reinvestment_rate": null,
            "research_to_sale_ratio": null,
            "price_fair": 0,
            "eps_avg_yearly": 0,
            "eps_latest_yearly": 0,
            "eps_growth_yearly": 0
        },
        "20072": {
            "year_quarter": 20072,
            "year": 2007,
            "quarter": 2,
            "eps": null,
            "eps_growth_year": null,
            "eps_4q": null,
            "eps_4q_growth_year": null,
            "roe": null,
            "roe_4q": 0,
            "gross_profit": null,
            "gross_margin": null,
            "gross_margin_4q_avg": 0,
            "net_income": null,
            "net_income_4q": null,
            "revenue": null,
            "revenue_4q": null,
            "common_shares": null,
            "book_valuer_per_share": null,
            "book_valuer_per_share_4q_avg": 2.77,
            "equity": null,
            "current_ratio": null,
            "debt_ratio": null,
            "inventory_turnover_ratio": null,
            "account_receivable_turnover_ratio": null,
            "reinvestment_rate": null,
            "research_to_sale_ratio": null,
            "price_fair": 0,
            "eps_avg_yearly": 0,
            "eps_latest_yearly": 0,
            "eps_growth_yearly": 0
        },
        "20073": {
            "year_quarter": 20073,
            "year": 2007,
            "quarter": 3,
            "eps": null,
            "eps_growth_year": null,
            "eps_4q": null,
            "eps_4q_growth_year": null,
            "roe": null,
            "roe_4q": 0,
            "gross_profit": null,
            "gross_margin": null,
            "gross_margin_4q_avg": 0,
            "net_income": null,
            "net_income_4q": null,
            "revenue": null,
            "revenue_4q": null,
            "common_shares": null,
            "book_valuer_per_share": null,
            "book_valuer_per_share_4q_avg": 2.77,
            "equity": null,
            "current_ratio": null,
            "debt_ratio": null,
            "inventory_turnover_ratio": null,
            "account_receivable_turnover_ratio": null,
            "reinvestment_rate": null,
            "research_to_sale_ratio": null,
            "price_fair": 0,
            "eps_avg_yearly": 0,
            "eps_latest_yearly": 0,
            "eps_growth_yearly": 0
        },
        "20074": {
            "year_quarter": 20074,
            "year": 2007,
            "quarter": 4,
            "eps": null,
            "eps_growth_year": null,
            "eps_4q": null,
            "eps_4q_growth_year": null,
            "roe": null,
            "roe_4q": 0,
            "gross_profit": null,
            "gross_margin": null,
            "gross_margin_4q_avg": 0,
            "net_income": null,
            "net_income_4q": null,
            "revenue": null,
            "revenue_4q": null,
            "common_shares": 452265,
            "book_valuer_per_share": 10.96,
            "book_valuer_per_share_4q_avg": 2.74,
            "equity": 495461,
            "current_ratio": 194.4,
            "debt_ratio": 51.81,
            "inventory_turnover_ratio": null,
            "account_receivable_turnover_ratio": null,
            "reinvestment_rate": null,
            "research_to_sale_ratio": null,
            "price_fair": 0,
            "eps_avg_yearly": 0,
            "eps_latest_yearly": 0,
            "eps_growth_yearly": 0
        },
        "20081": {
            "year_quarter": 20081,
            "year": 2008,
            "quarter": 1,
            "eps": null,
            "eps_growth_year": null,
            "eps_4q": null,
            "eps_4q_growth_year": null,
            "roe": null,
            "roe_4q": 0,
            "gross_profit": null,
            "gross_margin": null,
            "gross_margin_4q_avg": 0,
            "net_income": null,
            "net_income_4q": null,
            "revenue": null,
            "revenue_4q": null,
            "common_shares": null,
            "book_valuer_per_share": null,
            "book_valuer_per_share_4q_avg": 2.74,
            "equity": null,
            "current_ratio": null,
            "debt_ratio": null,
            "inventory_turnover_ratio": null,
            "account_receivable_turnover_ratio": null,
            "reinvestment_rate": null,
            "research_to_sale_ratio": null,
            "price_fair": 0,
            "eps_avg_yearly": 0,
            "eps_latest_yearly": 0,
            "eps_growth_yearly": 0
        },
        "20082": {
            "year_quarter": 20082,
            "year": 2008,
            "quarter": 2,
            "eps": null,
            "eps_growth_year": null,
            "eps_4q": null,
            "eps_4q_growth_year": null,
            "roe": null,
            "roe_4q": 0,
            "gross_profit": null,
            "gross_margin": null,
            "gross_margin_4q_avg": 0,
            "net_income": null,
            "net_income_4q": null,
            "revenue": null,
            "revenue_4q": null,
            "common_shares": null,
            "book_valuer_per_share": null,
            "book_valuer_per_share_4q_avg": 2.74,
            "equity": null,
            "current_ratio": null,
            "debt_ratio": null,
            "inventory_turnover_ratio": null,
            "account_receivable_turnover_ratio": null,
            "reinvestment_rate": null,
            "research_to_sale_ratio": null,
            "price_fair": 0,
            "eps_avg_yearly": 0,
            "eps_latest_yearly": 0,
            "eps_growth_yearly": 0
        },
        "20083": {
            "year_quarter": 20083,
            "year": 2008,
            "quarter": 3,
            "eps": null,
            "eps_growth_year": null,
            "eps_4q": null,
            "eps_4q_growth_year": null,
            "roe": null,
            "roe_4q": 0,
            "gross_profit": null,
            "gross_margin": null,
            "gross_margin_4q_avg": 0,
            "net_income": null,
            "net_income_4q": null,
            "revenue": null,
            "revenue_4q": null,
            "common_shares": null,
            "book_valuer_per_share": null,
            "book_valuer_per_share_4q_avg": 2.74,
            "equity": null,
            "current_ratio": null,
            "debt_ratio": null,
            "inventory_turnover_ratio": null,
            "account_receivable_turnover_ratio": null,
            "reinvestment_rate": null,
            "research_to_sale_ratio": null,
            "price_fair": 0,
            "eps_avg_yearly": 0,
            "eps_latest_yearly": 0,
            "eps_growth_yearly": 0
        },
        "20084": {
            "year_quarter": 20084,
            "year": 2008,
            "quarter": 4,
            "eps": null,
            "eps_growth_year": null,
            "eps_4q": null,
            "eps_4q_growth_year": null,
            "roe": null,
            "roe_4q": 0,
            "gross_profit": null,
            "gross_margin": null,
            "gross_margin_4q_avg": 0,
            "net_income": null,
            "net_income_4q": null,
            "revenue": null,
            "revenue_4q": null,
            "common_shares": 439974,
            "book_valuer_per_share": 12.21,
            "book_valuer_per_share_4q_avg": 3.05,
            "equity": 537124,
            "current_ratio": 162.8,
            "debt_ratio": 57.22,
            "inventory_turnover_ratio": null,
            "account_receivable_turnover_ratio": null,
            "reinvestment_rate": null,
            "research_to_sale_ratio": null,
            "price_fair": 0,
            "eps_avg_yearly": 0,
            "eps_latest_yearly": 0,
            "eps_growth_yearly": 0
        },
        "20091": {
            "year_quarter": 20091,
            "year": 2009,
            "quarter": 1,
            "eps": null,
            "eps_growth_year": null,
            "eps_4q": null,
            "eps_4q_growth_year": null,
            "roe": null,
            "roe_4q": 0,
            "gross_profit": null,
            "gross_margin": null,
            "gross_margin_4q_avg": 0,
            "net_income": null,
            "net_income_4q": null,
            "revenue": null,
            "revenue_4q": null,
            "common_shares": null,
            "book_valuer_per_share": null,
            "book_valuer_per_share_4q_avg": 3.05,
            "equity": null,
            "current_ratio": null,
            "debt_ratio": null,
            "inventory_turnover_ratio": null,
            "account_receivable_turnover_ratio": null,
            "reinvestment_rate": null,
            "research_to_sale_ratio": null,
            "price_fair": 0,
            "eps_avg_yearly": 0,
            "eps_latest_yearly": 0,
            "eps_growth_yearly": 0
        },
        "20092": {
            "year_quarter": 20092,
            "year": 2009,
            "quarter": 2,
            "eps": null,
            "eps_growth_year": null,
            "eps_4q": null,
            "eps_4q_growth_year": null,
            "roe": null,
            "roe_4q": 0,
            "gross_profit": null,
            "gross_margin": null,
            "gross_margin_4q_avg": 0,
            "net_income": null,
            "net_income_4q": null,
            "revenue": null,
            "revenue_4q": null,
            "common_shares": 462796,
            "book_valuer_per_share": null,
            "book_valuer_per_share_4q_avg": 3.05,
            "equity": 527452,
            "current_ratio": null,
            "debt_ratio": null,
            "inventory_turnover_ratio": null,
            "account_receivable_turnover_ratio": null,
            "reinvestment_rate": null,
            "research_to_sale_ratio": null,
            "price_fair": 0,
            "eps_avg_yearly": 0,
            "eps_latest_yearly": 0,
            "eps_growth_yearly": 0
        },
        "20093": {
            "year_quarter": 20093,
            "year": 2009,
            "quarter": 3,
            "eps": null,
            "eps_growth_year": null,
            "eps_4q": null,
            "eps_4q_growth_year": null,
            "roe": null,
            "roe_4q": 0,
            "gross_profit": null,
            "gross_margin": null,
            "gross_margin_4q_avg": 0,
            "net_income": null,
            "net_income_4q": null,
            "revenue": null,
            "revenue_4q": null,
            "common_shares": null,
            "book_valuer_per_share": null,
            "book_valuer_per_share_4q_avg": 3.05,
            "equity": null,
            "current_ratio": null,
            "debt_ratio": null,
            "inventory_turnover_ratio": null,
            "account_receivable_turnover_ratio": null,
            "reinvestment_rate": null,
            "research_to_sale_ratio": null,
            "price_fair": 0,
            "eps_avg_yearly": 0,
            "eps_latest_yearly": 0,
            "eps_growth_yearly": 0
        },
        "20094": {
            "year_quarter": 20094,
            "year": 2009,
            "quarter": 4,
            "eps": null,
            "eps_growth_year": null,
            "eps_4q": null,
            "eps_4q_growth_year": null,
            "roe": null,
            "roe_4q": 0,
            "gross_profit": null,
            "gross_margin": null,
            "gross_margin_4q_avg": 0,
            "net_income": null,
            "net_income_4q": null,
            "revenue": null,
            "revenue_4q": null,
            "common_shares": 462796,
            "book_valuer_per_share": 11.43,
            "book_valuer_per_share_4q_avg": 2.86,
            "equity": 528849,
            "current_ratio": 170.66,
            "debt_ratio": 54.39,
            "inventory_turnover_ratio": null,
            "account_receivable_turnover_ratio": null,
            "reinvestment_rate": null,
            "research_to_sale_ratio": null,
            "price_fair": 0,
            "eps_avg_yearly": 0,
            "eps_latest_yearly": 0,
            "eps_growth_yearly": 0
        },
        "20101": {
            "year_quarter": 20101,
            "year": 2010,
            "quarter": 1,
            "eps": null,
            "eps_growth_year": null,
            "eps_4q": null,
            "eps_4q_growth_year": null,
            "roe": null,
            "roe_4q": 0,
            "gross_profit": null,
            "gross_margin": null,
            "gross_margin_4q_avg": 0,
            "net_income": null,
            "net_income_4q": null,
            "revenue": null,
            "revenue_4q": null,
            "common_shares": null,
            "book_valuer_per_share": null,
            "book_valuer_per_share_4q_avg": 2.86,
            "equity": null,
            "current_ratio": null,
            "debt_ratio": null,
            "inventory_turnover_ratio": null,
            "account_receivable_turnover_ratio": null,
            "reinvestment_rate": null,
            "research_to_sale_ratio": null,
            "price_fair": 0,
            "eps_avg_yearly": 0,
            "eps_latest_yearly": 0,
            "eps_growth_yearly": 0
        },
        "20102": {
            "year_quarter": 20102,
            "year": 2010,
            "quarter": 2,
            "eps": null,
            "eps_growth_year": null,
            "eps_4q": null,
            "eps_4q_growth_year": null,
            "roe": null,
            "roe_4q": 0,
            "gross_profit": null,
            "gross_margin": null,
            "gross_margin_4q_avg": 0,
            "net_income": null,
            "net_income_4q": null,
            "revenue": null,
            "revenue_4q": null,
            "common_shares": 474496,
            "book_valuer_per_share": 11.18,
            "book_valuer_per_share_4q_avg": 5.65,
            "equity": 530284,
            "current_ratio": 148.57,
            "debt_ratio": 60.44,
            "inventory_turnover_ratio": null,
            "account_receivable_turnover_ratio": null,
            "reinvestment_rate": null,
            "research_to_sale_ratio": null,
            "price_fair": 0,
            "eps_avg_yearly": 0,
            "eps_latest_yearly": 0,
            "eps_growth_yearly": 0
        },
        "20103": {
            "year_quarter": 20103,
            "year": 2010,
            "quarter": 3,
            "eps": null,
            "eps_growth_year": null,
            "eps_4q": null,
            "eps_4q_growth_year": null,
            "roe": null,
            "roe_4q": 0,
            "gross_profit": null,
            "gross_margin": null,
            "gross_margin_4q_avg": 0,
            "net_income": null,
            "net_income_4q": null,
            "revenue": null,
            "revenue_4q": null,
            "common_shares": null,
            "book_valuer_per_share": null,
            "book_valuer_per_share_4q_avg": 5.65,
            "equity": null,
            "current_ratio": null,
            "debt_ratio": null,
            "inventory_turnover_ratio": null,
            "account_receivable_turnover_ratio": null,
            "reinvestment_rate": null,
            "research_to_sale_ratio": null,
            "price_fair": 0,
            "eps_avg_yearly": 0,
            "eps_latest_yearly": 0,
            "eps_growth_yearly": 0
        },
        "20104": {
            "year_quarter": 20104,
            "year": 2010,
            "quarter": 4,
            "eps": null,
            "eps_growth_year": null,
            "eps_4q": null,
            "eps_4q_growth_year": null,
            "roe": null,
            "roe_4q": 0,
            "gross_profit": null,
            "gross_margin": null,
            "gross_margin_4q_avg": 0,
            "net_income": null,
            "net_income_4q": null,
            "revenue": null,
            "revenue_4q": null,
            "common_shares": 474496,
            "book_valuer_per_share": 11.26,
            "book_valuer_per_share_4q_avg": 5.61,
            "equity": 534370,
            "current_ratio": 146.33,
            "debt_ratio": 63.49,
            "inventory_turnover_ratio": null,
            "account_receivable_turnover_ratio": null,
            "reinvestment_rate": null,
            "research_to_sale_ratio": null,
            "price_fair": 0,
            "eps_avg_yearly": 0,
            "eps_latest_yearly": 0,
            "eps_growth_yearly": 0
        },
        "20111": {
            "year_quarter": 20111,
            "year": 2011,
            "quarter": 1,
            "eps": null,
            "eps_growth_year": null,
            "eps_4q": null,
            "eps_4q_growth_year": null,
            "roe": null,
            "roe_4q": 0,
            "gross_profit": null,
            "gross_margin": null,
            "gross_margin_4q_avg": 0,
            "net_income": null,
            "net_income_4q": null,
            "revenue": null,
            "revenue_4q": null,
            "common_shares": null,
            "book_valuer_per_share": null,
            "book_valuer_per_share_4q_avg": 5.61,
            "equity": null,
            "current_ratio": null,
            "debt_ratio": null,
            "inventory_turnover_ratio": null,
            "account_receivable_turnover_ratio": null,
            "reinvestment_rate": null,
            "research_to_sale_ratio": null,
            "price_fair": 0,
            "eps_avg_yearly": 0,
            "eps_latest_yearly": 0,
            "eps_growth_yearly": 0
        },
        "20112": {
            "year_quarter": 20112,
            "year": 2011,
            "quarter": 2,
            "eps": null,
            "eps_growth_year": null,
            "eps_4q": null,
            "eps_4q_growth_year": null,
            "roe": null,
            "roe_4q": 0,
            "gross_profit": null,
            "gross_margin": null,
            "gross_margin_4q_avg": 0,
            "net_income": null,
            "net_income_4q": null,
            "revenue": null,
            "revenue_4q": null,
            "common_shares": 485696,
            "book_valuer_per_share": 11.53,
            "book_valuer_per_share_4q_avg": 5.7,
            "equity": 560060,
            "current_ratio": 122.47,
            "debt_ratio": 68.53,
            "inventory_turnover_ratio": null,
            "account_receivable_turnover_ratio": null,
            "reinvestment_rate": null,
            "research_to_sale_ratio": null,
            "price_fair": 0,
            "eps_avg_yearly": 0,
            "eps_latest_yearly": 0,
            "eps_growth_yearly": 0
        },
        "20113": {
            "year_quarter": 20113,
            "year": 2011,
            "quarter": 3,
            "eps": null,
            "eps_growth_year": null,
            "eps_4q": null,
            "eps_4q_growth_year": null,
            "roe": null,
            "roe_4q": 0,
            "gross_profit": 103216,
            "gross_margin": null,
            "gross_margin_4q_avg": 0,
            "net_income": 3553,
            "net_income_4q": null,
            "revenue": 328145,
            "revenue_4q": null,
            "common_shares": 485696,
            "book_valuer_per_share": 12.29,
            "book_valuer_per_share_4q_avg": 8.77,
            "equity": 596714,
            "current_ratio": 118.77,
            "debt_ratio": 69.52,
            "inventory_turnover_ratio": null,
            "account_receivable_turnover_ratio": null,
            "reinvestment_rate": null,
            "research_to_sale_ratio": null,
            "price_fair": 0,
            "eps_avg_yearly": 0,
            "eps_latest_yearly": 0,
            "eps_growth_yearly": 0
        },
        "20114": {
            "year_quarter": 20114,
            "year": 2011,
            "quarter": 4,
            "eps": null,
            "eps_growth_year": null,
            "eps_4q": null,
            "eps_4q_growth_year": null,
            "roe": null,
            "roe_4q": 0,
            "gross_profit": 212798,
            "gross_margin": null,
            "gross_margin_4q_avg": 0,
            "net_income": 42212,
            "net_income_4q": null,
            "revenue": 609180,
            "revenue_4q": null,
            "common_shares": 485696,
            "book_valuer_per_share": 13.26,
            "book_valuer_per_share_4q_avg": 9.27,
            "equity": 644258,
            "current_ratio": 120.15,
            "debt_ratio": 69.2,
            "inventory_turnover_ratio": null,
            "account_receivable_turnover_ratio": null,
            "reinvestment_rate": null,
            "research_to_sale_ratio": null,
            "price_fair": 0,
            "eps_avg_yearly": 0,
            "eps_latest_yearly": 0,
            "eps_growth_yearly": 0
        },
        "20121": {
            "year_quarter": 20121,
            "year": 2012,
            "quarter": 1,
            "eps": null,
            "eps_growth_year": null,
            "eps_4q": null,
            "eps_4q_growth_year": null,
            "roe": null,
            "roe_4q": 0,
            "gross_profit": 192698,
            "gross_margin": null,
            "gross_margin_4q_avg": 0,
            "net_income": 28173,
            "net_income_4q": null,
            "revenue": 524912,
            "revenue_4q": null,
            "common_shares": 485696,
            "book_valuer_per_share": null,
            "book_valuer_per_share_4q_avg": 9.27,
            "equity": 658279,
            "current_ratio": null,
            "debt_ratio": null,
            "inventory_turnover_ratio": null,
            "account_receivable_turnover_ratio": null,
            "reinvestment_rate": null,
            "research_to_sale_ratio": null,
            "price_fair": 0,
            "eps_avg_yearly": 0,
            "eps_latest_yearly": 0,
            "eps_growth_yearly": 0
        },
        "20122": {
            "year_quarter": 20122,
            "year": 2012,
            "quarter": 2,
            "eps": null,
            "eps_growth_year": null,
            "eps_4q": null,
            "eps_4q_growth_year": null,
            "roe": null,
            "roe_4q": 0,
            "gross_profit": 254976,
            "gross_margin": null,
            "gross_margin_4q_avg": 0,
            "net_income": 73225,
            "net_income_4q": null,
            "revenue": 652689,
            "revenue_4q": null,
            "common_shares": 485696,
            "book_valuer_per_share": 14.3,
            "book_valuer_per_share_4q_avg": 9.96,
            "equity": 694685,
            "current_ratio": 126.21,
            "debt_ratio": 65.28,
            "inventory_turnover_ratio": null,
            "account_receivable_turnover_ratio": null,
            "reinvestment_rate": null,
            "research_to_sale_ratio": null,
            "price_fair": 0,
            "eps_avg_yearly": 0,
            "eps_latest_yearly": 0,
            "eps_growth_yearly": 0
        },
        "20123": {
            "year_quarter": 20123,
            "year": 2012,
            "quarter": 3,
            "eps": 0.97,
            "eps_growth_year": null,
            "eps_4q": 0.97,
            "eps_4q_growth_year": null,
            "roe": 6.56,
            "roe_4q": 6.56,
            "gross_profit": 210124,
            "gross_margin": 34.77,
            "gross_margin_4q_avg": 8.69,
            "net_income": 47084,
            "net_income_4q": null,
            "revenue": 604343,
            "revenue_4q": null,
            "common_shares": 485696,
            "book_valuer_per_share": 15.24,
            "book_valuer_per_share_4q_avg": 10.7,
            "equity": 740220,
            "current_ratio": 134.4,
            "debt_ratio": 61.09,
            "inventory_turnover_ratio": 1.21,
            "account_receivable_turnover_ratio": 0.62,
            "reinvestment_rate": null,
            "research_to_sale_ratio": null,
            "price_fair": 0,
            "eps_avg_yearly": 0,
            "eps_latest_yearly": 0,
            "eps_growth_yearly": 0
        },
        "20124": {
            "year_quarter": 20124,
            "year": 2012,
            "quarter": 4,
            "eps": 0.76,
            "eps_growth_year": null,
            "eps_4q": 1.73,
            "eps_4q_growth_year": null,
            "roe": 4.85,
            "roe_4q": 11.41,
            "gross_profit": 145850,
            "gross_margin": 31.89,
            "gross_margin_4q_avg": 16.67,
            "net_income": 36797,
            "net_income_4q": null,
            "revenue": 457390,
            "revenue_4q": null,
            "common_shares": 485696,
            "book_valuer_per_share": 15.99,
            "book_valuer_per_share_4q_avg": 11.38,
            "equity": 776466,
            "current_ratio": 137.28,
            "debt_ratio": 58.7,
            "inventory_turnover_ratio": 1.16,
            "account_receivable_turnover_ratio": 0.51,
            "reinvestment_rate": null,
            "research_to_sale_ratio": null,
            "price_fair": 9.12,
            "eps_avg_yearly": 3.04,
            "eps_latest_yearly": 3.04,
            "eps_growth_yearly": -86.6
        },
        "20131": {
            "year_quarter": 20131,
            "year": 2013,
            "quarter": 1,
            "eps": 1.32,
            "eps_growth_year": null,
            "eps_4q": 2.83,
            "eps_4q_growth_year": null,
            "roe": 6.96,
            "roe_4q": 18.369999999999997,
            "gross_profit": 243324,
            "gross_margin": 36.84,
            "gross_margin_4q_avg": 25.88,
            "net_income": 68728,
            "net_income_4q": null,
            "revenue": 660410,
            "revenue_4q": null,
            "common_shares": 539666,
            "book_valuer_per_share": 22.23,
            "book_valuer_per_share_4q_avg": 16.94,
            "equity": 1199677,
            "current_ratio": 193.75,
            "debt_ratio": 43.5,
            "inventory_turnover_ratio": 2.14,
            "account_receivable_turnover_ratio": 0.75,
            "reinvestment_rate": null,
            "research_to_sale_ratio": null,
            "price_fair": 145.6,
            "eps_avg_yearly": 4.16,
            "eps_latest_yearly": 5.28,
            "eps_growth_yearly": 104.07
        },
        "20132": {
            "year_quarter": 20132,
            "year": 2013,
            "quarter": 2,
            "eps": 1.55,
            "eps_growth_year": null,
            "eps_4q": 4.38,
            "eps_4q_growth_year": null,
            "roe": 7.19,
            "roe_4q": 25.56,
            "gross_profit": 270070,
            "gross_margin": 36.49,
            "gross_margin_4q_avg": 35,
            "net_income": 83811,
            "net_income_4q": null,
            "revenue": 740209,
            "revenue_4q": null,
            "common_shares": 539666,
            "book_valuer_per_share": 20.96,
            "book_valuer_per_share_4q_avg": 18.61,
            "equity": 1130986,
            "current_ratio": 165.71,
            "debt_ratio": 51.27,
            "inventory_turnover_ratio": 3.3,
            "account_receivable_turnover_ratio": 0.74,
            "reinvestment_rate": null,
            "research_to_sale_ratio": null,
            "price_fair": 169.4,
            "eps_avg_yearly": 4.84,
            "eps_latest_yearly": 6.2,
            "eps_growth_yearly": 92.61
        },
        "20133": {
            "year_quarter": 20133,
            "year": 2013,
            "quarter": 3,
            "eps": 1.14,
            "eps_growth_year": 17.6,
            "eps_4q": 4.65,
            "eps_4q_growth_year": 379.92,
            "roe": 5.33,
            "roe_4q": 24.33,
            "gross_profit": 188455,
            "gross_margin": 32.03,
            "gross_margin_4q_avg": 34.31,
            "net_income": 61737,
            "net_income_4q": null,
            "revenue": 588386,
            "revenue_4q": null,
            "common_shares": 539666,
            "book_valuer_per_share": 21.95,
            "book_valuer_per_share_4q_avg": 20.28,
            "equity": 1184565,
            "current_ratio": 189.2,
            "debt_ratio": 44.87,
            "inventory_turnover_ratio": 2.61,
            "account_receivable_turnover_ratio": 0.56,
            "reinvestment_rate": null,
            "research_to_sale_ratio": null,
            "price_fair": 166.95,
            "eps_avg_yearly": 4.77,
            "eps_latest_yearly": 4.56,
            "eps_growth_yearly": 43.01
        },
        "20134": {
            "year_quarter": 20134,
            "year": 2013,
            "quarter": 4,
            "eps": 1.09,
            "eps_growth_year": 43.66,
            "eps_4q": 5.06,
            "eps_4q_growth_year": 192.92,
            "roe": 4.81,
            "roe_4q": 24.290000000000003,
            "gross_profit": 202230,
            "gross_margin": 34.2,
            "gross_margin_4q_avg": 34.89,
            "net_income": 58735,
            "net_income_4q": null,
            "revenue": 591356,
            "revenue_4q": null,
            "common_shares": 539666,
            "book_valuer_per_share": 23.3,
            "book_valuer_per_share_4q_avg": 22.11,
            "equity": 1257360,
            "current_ratio": 173.94,
            "debt_ratio": 44.42,
            "inventory_turnover_ratio": 2.26,
            "account_receivable_turnover_ratio": 0.55,
            "reinvestment_rate": null,
            "research_to_sale_ratio": null,
            "price_fair": 164.08,
            "eps_avg_yearly": 4.69,
            "eps_latest_yearly": 4.36,
            "eps_growth_yearly": 30.9
        },
        "20141": {
            "year_quarter": 20141,
            "year": 2014,
            "quarter": 1,
            "eps": 1.63,
            "eps_growth_year": 23.48,
            "eps_4q": 5.35,
            "eps_4q_growth_year": 89.21,
            "roe": 6.52,
            "roe_4q": 23.849999999999998,
            "gross_profit": 286225,
            "gross_margin": 34.28,
            "gross_margin_4q_avg": 34.25,
            "net_income": 87853,
            "net_income_4q": null,
            "revenue": 835051,
            "revenue_4q": null,
            "common_shares": 545986,
            "book_valuer_per_share": 26.33,
            "book_valuer_per_share_4q_avg": 23.14,
            "equity": 1437364,
            "current_ratio": 240.64,
            "debt_ratio": 46.05,
            "inventory_turnover_ratio": 4.33,
            "account_receivable_turnover_ratio": 0.71,
            "reinvestment_rate": null,
            "research_to_sale_ratio": null,
            "price_fair": 174.77,
            "eps_avg_yearly": 4.99,
            "eps_latest_yearly": 6.52,
            "eps_growth_yearly": 58.78
        },
        "20142": {
            "year_quarter": 20142,
            "year": 2014,
            "quarter": 2,
            "eps": 1.26,
            "eps_growth_year": -18.71,
            "eps_4q": 4.95,
            "eps_4q_growth_year": 13.1,
            "roe": 4.9,
            "roe_4q": 21.560000000000002,
            "gross_profit": 265880,
            "gross_margin": 33.56,
            "gross_margin_4q_avg": 33.52,
            "net_income": 69452,
            "net_income_4q": null,
            "revenue": 792293,
            "revenue_4q": null,
            "common_shares": 560641,
            "book_valuer_per_share": 24.89,
            "book_valuer_per_share_4q_avg": 24.12,
            "equity": 1395372,
            "current_ratio": 200.21,
            "debt_ratio": 49.06,
            "inventory_turnover_ratio": 6.59,
            "account_receivable_turnover_ratio": 0.57,
            "reinvestment_rate": null,
            "research_to_sale_ratio": null,
            "price_fair": 175,
            "eps_avg_yearly": 5,
            "eps_latest_yearly": 5.04,
            "eps_growth_yearly": 37.41
        },
        "20143": {
            "year_quarter": 20143,
            "year": 2014,
            "quarter": 3,
            "eps": 1.17,
            "eps_growth_year": 2.63,
            "eps_4q": 5.02,
            "eps_4q_growth_year": 7.81,
            "roe": 4.56,
            "roe_4q": 20.79,
            "gross_profit": 235249,
            "gross_margin": 31.99,
            "gross_margin_4q_avg": 33.51,
            "net_income": 66112,
            "net_income_4q": null,
            "revenue": 735458,
            "revenue_4q": null,
            "common_shares": 562531,
            "book_valuer_per_share": 26.75,
            "book_valuer_per_share_4q_avg": 25.32,
            "equity": 1504621,
            "current_ratio": 211.8,
            "debt_ratio": 46.46,
            "inventory_turnover_ratio": 6.61,
            "account_receivable_turnover_ratio": 0.48,
            "reinvestment_rate": null,
            "research_to_sale_ratio": null,
            "price_fair": 173.6,
            "eps_avg_yearly": 4.96,
            "eps_latest_yearly": 4.68,
            "eps_growth_yearly": 29.16
        },
        "20144": {
            "year_quarter": 20144,
            "year": 2014,
            "quarter": 4,
            "eps": 1.63,
            "eps_growth_year": 49.48,
            "eps_4q": 5.6,
            "eps_4q_growth_year": 10.65,
            "roe": 5.83,
            "roe_4q": 21.810000000000002,
            "gross_profit": 239783,
            "gross_margin": 29.47,
            "gross_margin_4q_avg": 32.33,
            "net_income": 91533,
            "net_income_4q": null,
            "revenue": 813696,
            "revenue_4q": null,
            "common_shares": 562631,
            "book_valuer_per_share": 29.07,
            "book_valuer_per_share_4q_avg": 26.76,
            "equity": 1635572,
            "current_ratio": 212.18,
            "debt_ratio": 46.66,
            "inventory_turnover_ratio": 5.1,
            "account_receivable_turnover_ratio": 0.52,
            "reinvestment_rate": null,
            "research_to_sale_ratio": null,
            "price_fair": 179.67,
            "eps_avg_yearly": 5.13,
            "eps_latest_yearly": 6.52,
            "eps_growth_yearly": 43.39
        },
        "20151": {
            "year_quarter": 20151,
            "year": 2015,
            "quarter": 1,
            "eps": 1.66,
            "eps_growth_year": 1.84,
            "eps_4q": 5.69,
            "eps_4q_growth_year": 6.36,
            "roe": 5.56,
            "roe_4q": 20.85,
            "gross_profit": 323054,
            "gross_margin": 36.05,
            "gross_margin_4q_avg": 32.77,
            "net_income": 93151,
            "net_income_4q": null,
            "revenue": 896135,
            "revenue_4q": null,
            "common_shares": 562731,
            "book_valuer_per_share": 30.49,
            "book_valuer_per_share_4q_avg": 27.8,
            "equity": 1715924,
            "current_ratio": 197.74,
            "debt_ratio": 42.73,
            "inventory_turnover_ratio": 3.52,
            "account_receivable_turnover_ratio": 0.55,
            "reinvestment_rate": null,
            "research_to_sale_ratio": null,
            "price_fair": 184.94,
            "eps_avg_yearly": 5.28,
            "eps_latest_yearly": 6.64,
            "eps_growth_yearly": 39.79
        },
        "20152": {
            "year_quarter": 20152,
            "year": 2015,
            "quarter": 2,
            "eps": 0.75,
            "eps_growth_year": -40.48,
            "eps_4q": 5.09,
            "eps_4q_growth_year": 2.81,
            "roe": 2.58,
            "roe_4q": 18.53,
            "gross_profit": 219946,
            "gross_margin": 28.48,
            "gross_margin_4q_avg": 31.5,
            "net_income": 41990,
            "net_income_4q": null,
            "revenue": 772255,
            "revenue_4q": null,
            "common_shares": 563516,
            "book_valuer_per_share": 27.24,
            "book_valuer_per_share_4q_avg": 28.39,
            "equity": 1534882,
            "current_ratio": 165.81,
            "debt_ratio": 51.54,
            "inventory_turnover_ratio": 3.4,
            "account_receivable_turnover_ratio": 0.45,
            "reinvestment_rate": 22.33,
            "research_to_sale_ratio": null,
            "price_fair": 133.2,
            "eps_avg_yearly": 5.08,
            "eps_latest_yearly": 3,
            "eps_growth_yearly": 16.24
        },
        "20153": {
            "year_quarter": 20153,
            "year": 2015,
            "quarter": 3,
            "eps": 0.48,
            "eps_growth_year": -58.97,
            "eps_4q": 4.42,
            "eps_4q_growth_year": -11.8,
            "roe": 1.77,
            "roe_4q": 15.74,
            "gross_profit": 182273,
            "gross_margin": 24.15,
            "gross_margin_4q_avg": 29.54,
            "net_income": 27663,
            "net_income_4q": null,
            "revenue": 754731,
            "revenue_4q": null,
            "common_shares": 574921,
            "book_valuer_per_share": 27.69,
            "book_valuer_per_share_4q_avg": 28.62,
            "equity": 1591692,
            "current_ratio": 159.43,
            "debt_ratio": 54.33,
            "inventory_turnover_ratio": 2.34,
            "account_receivable_turnover_ratio": 0.41,
            "reinvestment_rate": 18.24,
            "research_to_sale_ratio": null,
            "price_fair": 62.02,
            "eps_avg_yearly": 4.81,
            "eps_latest_yearly": 1.92,
            "eps_growth_yearly": 2.89
        },
        "20154": {
            "year_quarter": 20154,
            "year": 2015,
            "quarter": 4,
            "eps": 3.2,
            "eps_growth_year": 96.87,
            "eps_4q": 6.03,
            "eps_4q_growth_year": 7.79,
            "roe": 11,
            "roe_4q": 20.91,
            "gross_profit": 198793,
            "gross_margin": 23.35,
            "gross_margin_4q_avg": 28.01,
            "net_income": 184187,
            "net_income_4q": null,
            "revenue": 851409,
            "revenue_4q": null,
            "common_shares": 575071,
            "book_valuer_per_share": 30.56,
            "book_valuer_per_share_4q_avg": 29,
            "equity": 1757245,
            "current_ratio": 160.73,
            "debt_ratio": 51.83,
            "inventory_turnover_ratio": 2.13,
            "account_receivable_turnover_ratio": 0.47,
            "reinvestment_rate": 25.45,
            "research_to_sale_ratio": null,
            "price_fair": 189.97,
            "eps_avg_yearly": 5.43,
            "eps_latest_yearly": 12.8,
            "eps_growth_yearly": 177.02
        },
        "20161": {
            "year_quarter": 20161,
            "year": 2016,
            "quarter": 1,
            "eps": 0.9,
            "eps_growth_year": -45.78,
            "eps_4q": 5.31,
            "eps_4q_growth_year": -6.71,
            "roe": 2.94,
            "roe_4q": 18.29,
            "gross_profit": 230743,
            "gross_margin": 30.36,
            "gross_margin_4q_avg": 26.59,
            "net_income": 51540,
            "net_income_4q": null,
            "revenue": 759945,
            "revenue_4q": null,
            "common_shares": 575221,
            "book_valuer_per_share": 30.35,
            "book_valuer_per_share_4q_avg": 28.96,
            "equity": 1746034,
            "current_ratio": 212.5,
            "debt_ratio": 52.06,
            "inventory_turnover_ratio": 1.81,
            "account_receivable_turnover_ratio": 0.42,
            "reinvestment_rate": 23.87,
            "research_to_sale_ratio": null,
            "price_fair": 185.4,
            "eps_avg_yearly": 5.3,
            "eps_latest_yearly": 3.6,
            "eps_growth_yearly": 143.84
        },
        "20162": {
            "year_quarter": 20162,
            "year": 2016,
            "quarter": 2,
            "eps": 0.75,
            "eps_growth_year": 0,
            "eps_4q": 5.32,
            "eps_4q_growth_year": 4.53,
            "roe": 2.58,
            "roe_4q": 18.29,
            "gross_profit": 215093,
            "gross_margin": 28.12,
            "gross_margin_4q_avg": 26.5,
            "net_income": 43344,
            "net_income_4q": null,
            "revenue": 764794,
            "revenue_4q": null,
            "common_shares": 576081,
            "book_valuer_per_share": 27.94,
            "book_valuer_per_share_4q_avg": 29.14,
            "equity": 1609670,
            "current_ratio": 201.91,
            "debt_ratio": 53.73,
            "inventory_turnover_ratio": 1.95,
            "account_receivable_turnover_ratio": 0.41,
            "reinvestment_rate": 24.85,
            "research_to_sale_ratio": null,
            "price_fair": 180.04,
            "eps_avg_yearly": 5.14,
            "eps_latest_yearly": 3,
            "eps_growth_yearly": 129.81
        },
        "20163": {
            "year_quarter": 20163,
            "year": 2016,
            "quarter": 3,
            "eps": 0.51,
            "eps_growth_year": 6.25,
            "eps_4q": 5.35,
            "eps_4q_growth_year": 20.96,
            "roe": 1.85,
            "roe_4q": 18.369999999999997,
            "gross_profit": 182729,
            "gross_margin": 26.75,
            "gross_margin_4q_avg": 27.15,
            "net_income": 29508,
            "net_income_4q": null,
            "revenue": 683084,
            "revenue_4q": null,
            "common_shares": 576681,
            "book_valuer_per_share": 27.54,
            "book_valuer_per_share_4q_avg": 29.1,
            "equity": 1587908,
            "current_ratio": 185.9,
            "debt_ratio": 55.12,
            "inventory_turnover_ratio": 1.98,
            "account_receivable_turnover_ratio": 0.37,
            "reinvestment_rate": 25.59,
            "research_to_sale_ratio": null,
            "price_fair": 173.25,
            "eps_avg_yearly": 4.95,
            "eps_latest_yearly": 2.04,
            "eps_growth_yearly": 113.7
        },
        "20164": {
            "year_quarter": 20164,
            "year": 2016,
            "quarter": 4,
            "eps": 0.88,
            "eps_growth_year": -72.38,
            "eps_4q": 3.04,
            "eps_4q_growth_year": -49.6,
            "roe": 3.22,
            "roe_4q": 10.59,
            "gross_profit": 220903,
            "gross_margin": 29.15,
            "gross_margin_4q_avg": 28.6,
            "net_income": 51019,
            "net_income_4q": null,
            "revenue": 757706,
            "revenue_4q": null,
            "common_shares": 576831,
            "book_valuer_per_share": 27.46,
            "book_valuer_per_share_4q_avg": 28.32,
            "equity": 1583728,
            "current_ratio": 193.78,
            "debt_ratio": 53.58,
            "inventory_turnover_ratio": 2.21,
            "account_receivable_turnover_ratio": 0.43,
            "reinvestment_rate": 26.34,
            "research_to_sale_ratio": null,
            "price_fair": 174.3,
            "eps_avg_yearly": 4.98,
            "eps_latest_yearly": 3.52,
            "eps_growth_yearly": 137.25
        },
        "20171": {
            "year_quarter": 20171,
            "year": 2017,
            "quarter": 1,
            "eps": 0.53,
            "eps_growth_year": -41.11,
            "eps_4q": 2.68,
            "eps_4q_growth_year": -49.54,
            "roe": 1.93,
            "roe_4q": 9.58,
            "gross_profit": 180530,
            "gross_margin": 25.7,
            "gross_margin_4q_avg": 27.43,
            "net_income": 30682,
            "net_income_4q": null,
            "revenue": 702325,
            "revenue_4q": null,
            "common_shares": 576981,
            "book_valuer_per_share": 27.58,
            "book_valuer_per_share_4q_avg": 27.63,
            "equity": 1591218,
            "current_ratio": 187.13,
            "debt_ratio": 54.41,
            "inventory_turnover_ratio": 2.23,
            "account_receivable_turnover_ratio": 0.4,
            "reinvestment_rate": 17.23,
            "research_to_sale_ratio": null,
            "price_fair": 167.39,
            "eps_avg_yearly": 4.78,
            "eps_latest_yearly": 2.12,
            "eps_growth_yearly": 108.88
        },
        "20172": {
            "year_quarter": 20172,
            "year": 2017,
            "quarter": 2,
            "eps": 1.11,
            "eps_growth_year": 48,
            "eps_4q": 3.04,
            "eps_4q_growth_year": -42.98,
            "roe": 4.05,
            "roe_4q": 11.049999999999999,
            "gross_profit": 192335,
            "gross_margin": 26.79,
            "gross_margin_4q_avg": 27.1,
            "net_income": 63971,
            "net_income_4q": null,
            "revenue": 717817,
            "revenue_4q": null,
            "common_shares": 576981,
            "book_valuer_per_share": 27.23,
            "book_valuer_per_share_4q_avg": 27.45,
            "equity": 1571374,
            "current_ratio": 182.38,
            "debt_ratio": 56.25,
            "inventory_turnover_ratio": 2.23,
            "account_receivable_turnover_ratio": 0.39,
            "reinvestment_rate": 18.69,
            "research_to_sale_ratio": null,
            "price_fair": 163.54,
            "eps_avg_yearly": 4.67,
            "eps_latest_yearly": 4.44,
            "eps_growth_yearly": 131.88
        },
        "20173": {
            "year_quarter": 20173,
            "year": 2017,
            "quarter": 3,
            "eps": 0.52,
            "eps_growth_year": 1.96,
            "eps_4q": 3.04,
            "eps_4q_growth_year": -43.15,
            "roe": 1.87,
            "roe_4q": 11.07,
            "gross_profit": 191303,
            "gross_margin": 24.72,
            "gross_margin_4q_avg": 26.59,
            "net_income": 29837,
            "net_income_4q": null,
            "revenue": 773841,
            "revenue_4q": null,
            "common_shares": 576981,
            "book_valuer_per_share": 28.17,
            "book_valuer_per_share_4q_avg": 27.61,
            "equity": 1625269,
            "current_ratio": 176.21,
            "debt_ratio": 54.93,
            "inventory_turnover_ratio": 2.42,
            "account_receivable_turnover_ratio": 0.4,
            "reinvestment_rate": 22.54,
            "research_to_sale_ratio": null,
            "price_fair": 158.11,
            "eps_avg_yearly": 4.52,
            "eps_latest_yearly": 2.08,
            "eps_growth_yearly": 125.21
        },
        "20174": {
            "year_quarter": 20174,
            "year": 2017,
            "quarter": 4,
            "eps": 0.85,
            "eps_growth_year": -3.82,
            "eps_4q": 3.01,
            "eps_4q_growth_year": -1.07,
            "roe": 2.98,
            "roe_4q": 10.829999999999998,
            "gross_profit": 222819,
            "gross_margin": 26.44,
            "gross_margin_4q_avg": 25.91,
            "net_income": 49085,
            "net_income_4q": null,
            "revenue": 842803,
            "revenue_4q": null,
            "common_shares": 576981,
            "book_valuer_per_share": 28.85,
            "book_valuer_per_share_4q_avg": 27.96,
            "equity": 1664393,
            "current_ratio": 169.3,
            "debt_ratio": 54.16,
            "inventory_turnover_ratio": 2.64,
            "account_receivable_turnover_ratio": 0.43,
            "reinvestment_rate": 6.44,
            "research_to_sale_ratio": null,
            "price_fair": 156.01,
            "eps_avg_yearly": 4.46,
            "eps_latest_yearly": 3.4,
            "eps_growth_yearly": 142.17
        },
        "20181": {
            "year_quarter": 20181,
            "year": 2018,
            "quarter": 1,
            "eps": 0.53,
            "eps_growth_year": 0,
            "eps_4q": 3.01,
            "eps_4q_growth_year": 12.22,
            "roe": 1.8,
            "roe_4q": 10.7,
            "gross_profit": 196212,
            "gross_margin": 22.31,
            "gross_margin_4q_avg": 25.07,
            "net_income": 30549,
            "net_income_4q": null,
            "revenue": 879609,
            "revenue_4q": null,
            "common_shares": 576981,
            "book_valuer_per_share": 29.87,
            "book_valuer_per_share_4q_avg": 28.53,
            "equity": 1723434,
            "current_ratio": 153.85,
            "debt_ratio": 53.69,
            "inventory_turnover_ratio": 3.03,
            "account_receivable_turnover_ratio": 0.43,
            "reinvestment_rate": 7.33,
            "research_to_sale_ratio": null,
            "price_fair": 146.39,
            "eps_avg_yearly": 4.18,
            "eps_latest_yearly": 2.12,
            "eps_growth_yearly": 120.37
        },
        "20182": {
            "year_quarter": 20182,
            "year": 2018,
            "quarter": 2,
            "eps": 2.28,
            "eps_growth_year": 105.41,
            "eps_4q": 4,
            "eps_4q_growth_year": 31.83,
            "roe": 8.06,
            "roe_4q": 14.71,
            "gross_profit": 226793,
            "gross_margin": 22.8,
            "gross_margin_4q_avg": 24.07,
            "net_income": 147784,
            "net_income_4q": null,
            "revenue": 994765,
            "revenue_4q": null,
            "common_shares": 576981,
            "book_valuer_per_share": 32.68,
            "book_valuer_per_share_4q_avg": 29.89,
            "equity": 1945446,
            "current_ratio": 163.59,
            "debt_ratio": 53.53,
            "inventory_turnover_ratio": 3.71,
            "account_receivable_turnover_ratio": 0.46,
            "reinvestment_rate": -0.96,
            "research_to_sale_ratio": null,
            "price_fair": 155.31,
            "eps_avg_yearly": 4.44,
            "eps_latest_yearly": 9.12,
            "eps_growth_yearly": 208.59
        },
        "20183": {
            "year_quarter": 20183,
            "year": 2018,
            "quarter": 3,
            "eps": 0.89,
            "eps_growth_year": 71.15,
            "eps_4q": 4.42,
            "eps_4q_growth_year": 45.4,
            "roe": 2.96,
            "roe_4q": 15.8,
            "gross_profit": 223913,
            "gross_margin": 21.27,
            "gross_margin_4q_avg": 23.21,
            "net_income": 57562,
            "net_income_4q": null,
            "revenue": 1052568,
            "revenue_4q": null,
            "common_shares": 634679,
            "book_valuer_per_share": 29.61,
            "book_valuer_per_share_4q_avg": 30.25,
            "equity": 1938755,
            "current_ratio": 165.11,
            "debt_ratio": 53.9,
            "inventory_turnover_ratio": 2.92,
            "account_receivable_turnover_ratio": 0.48,
            "reinvestment_rate": -3.24,
            "research_to_sale_ratio": null,
            "price_fair": 152.86,
            "eps_avg_yearly": 4.37,
            "eps_latest_yearly": 3.56,
            "eps_growth_yearly": 195.14
        },
        "20184": {
            "year_quarter": 20184,
            "year": 2018,
            "quarter": 4,
            "eps": 0.89,
            "eps_growth_year": 4.33,
            "eps_4q": 4.66,
            "eps_4q_growth_year": 54.76,
            "roe": 3.06,
            "roe_4q": 15.88,
            "gross_profit": 234072,
            "gross_margin": 24.09,
            "gross_margin_4q_avg": 22.62,
            "net_income": 58581,
            "net_income_4q": null,
            "revenue": 971701,
            "revenue_4q": null,
            "common_shares": 614679,
            "book_valuer_per_share": 29.78,
            "book_valuer_per_share_4q_avg": 30.49,
            "equity": 1891744,
            "current_ratio": 182.04,
            "debt_ratio": 53.79,
            "inventory_turnover_ratio": 1.92,
            "account_receivable_turnover_ratio": 0.47,
            "reinvestment_rate": -6.68,
            "research_to_sale_ratio": null,
            "price_fair": 146.39,
            "eps_avg_yearly": 4.18,
            "eps_latest_yearly": 3.56,
            "eps_growth_yearly": 185.31
        },
        "20191": {
            "year_quarter": 20191,
            "year": 2019,
            "quarter": 1,
            "eps": 0.59,
            "eps_growth_year": 11.32,
            "eps_4q": 4.75,
            "eps_4q_growth_year": 57.89,
            "roe": 1.99,
            "roe_4q": 16.07,
            "gross_profit": 225092,
            "gross_margin": 20.79,
            "gross_margin_4q_avg": 22.24,
            "net_income": 38559,
            "net_income_4q": null,
            "revenue": 1082538,
            "revenue_4q": null,
            "common_shares": 614679,
            "book_valuer_per_share": 31.12,
            "book_valuer_per_share_4q_avg": 30.8,
            "equity": 1978854,
            "current_ratio": 186.18,
            "debt_ratio": 55.49,
            "inventory_turnover_ratio": 2.21,
            "account_receivable_turnover_ratio": 0.5,
            "reinvestment_rate": -10.76,
            "research_to_sale_ratio": null,
            "price_fair": 137.03,
            "eps_avg_yearly": 3.92,
            "eps_latest_yearly": 2.36,
            "eps_growth_yearly": 176.42
        },
        "20192": {
            "year_quarter": 20192,
            "year": 2019,
            "quarter": 2,
            "eps": 2.64,
            "eps_growth_year": 15.79,
            "eps_4q": 4.19,
            "eps_4q_growth_year": 4.72,
            "roe": 6.39,
            "roe_4q": 14.399999999999999,
            "gross_profit": 310783,
            "gross_margin": 22.79,
            "gross_margin_4q_avg": 22.24,
            "net_income": 170655,
            "net_income_4q": null,
            "revenue": 1363526,
            "revenue_4q": null,
            "common_shares": 614679,
            "book_valuer_per_share": 40.45,
            "book_valuer_per_share_4q_avg": 32.74,
            "equity": 3359863,
            "current_ratio": 236.77,
            "debt_ratio": 42.53,
            "inventory_turnover_ratio": 2.74,
            "account_receivable_turnover_ratio": 0.55,
            "reinvestment_rate": -5.92,
            "research_to_sale_ratio": null,
            "price_fair": 153.56,
            "eps_avg_yearly": 4.39,
            "eps_latest_yearly": 10.56,
            "eps_growth_yearly": 276.99
        },
        "20193": {
            "year_quarter": 20193,
            "year": 2019,
            "quarter": 3,
            "eps": 0.69,
            "eps_growth_year": -22.47,
            "eps_4q": 4.11,
            "eps_4q_growth_year": -7,
            "roe": 2.3,
            "roe_4q": 13.74,
            "gross_profit": 267486,
            "gross_margin": 24.8,
            "gross_margin_4q_avg": 23.12,
            "net_income": 76900,
            "net_income_4q": null,
            "revenue": 1078451,
            "revenue_4q": null,
            "common_shares": 737615,
            "book_valuer_per_share": 33.33,
            "book_valuer_per_share_4q_avg": 33.67,
            "equity": 3332544,
            "current_ratio": 264.83,
            "debt_ratio": 37.49,
            "inventory_turnover_ratio": 1.69,
            "account_receivable_turnover_ratio": 0.4,
            "reinvestment_rate": -6.65,
            "research_to_sale_ratio": null,
            "price_fair": 155.4,
            "eps_avg_yearly": 4.44,
            "eps_latest_yearly": 2.76,
            "eps_growth_yearly": 267.53
        },
        "20194": {
            "year_quarter": 20194,
            "year": 2019,
            "quarter": 4,
            "eps": 0.42,
            "eps_growth_year": -52.81,
            "eps_4q": 3.79,
            "eps_4q_growth_year": -18.54,
            "roe": 1.55,
            "roe_4q": 12.229999999999999,
            "gross_profit": 236210,
            "gross_margin": 20.71,
            "gross_margin_4q_avg": 22.27,
            "net_income": 51634,
            "net_income_4q": null,
            "revenue": 1140615,
            "revenue_4q": null,
            "common_shares": 737615,
            "book_valuer_per_share": 33.15,
            "book_valuer_per_share_4q_avg": 34.51,
            "equity": 3344722,
            "current_ratio": 255.86,
            "debt_ratio": 38.21,
            "inventory_turnover_ratio": 1.77,
            "account_receivable_turnover_ratio": 0.44,
            "reinvestment_rate": -20.44,
            "research_to_sale_ratio": null,
            "price_fair": 131.08,
            "eps_avg_yearly": 3.75,
            "eps_latest_yearly": 1.68,
            "eps_growth_yearly": 116.08
        },
        "20201": {
            "year_quarter": 20201,
            "year": 2020,
            "quarter": 1,
            "eps": 0.16,
            "eps_growth_year": -72.88,
            "eps_4q": 3.46,
            "eps_4q_growth_year": -27.04,
            "roe": 0.83,
            "roe_4q": 11.07,
            "gross_profit": 212494,
            "gross_margin": 25.11,
            "gross_margin_4q_avg": 23.35,
            "net_income": 27812,
            "net_income_4q": null,
            "revenue": 846224,
            "revenue_4q": null,
            "common_shares": 737615,
            "book_valuer_per_share": 33.07,
            "book_valuer_per_share_4q_avg": 35,
            "equity": 3348346,
            "current_ratio": 265.08,
            "debt_ratio": 36.45,
            "inventory_turnover_ratio": 1.51,
            "account_receivable_turnover_ratio": 0.34,
            "reinvestment_rate": -21.46,
            "research_to_sale_ratio": null,
            "price_fair": 124.6,
            "eps_avg_yearly": 3.56,
            "eps_latest_yearly": 0.64,
            "eps_growth_yearly": 118.57
        },
        "20202": {
            "year_quarter": 20202,
            "year": 2020,
            "quarter": 2,
            "eps": 1.18,
            "eps_growth_year": -55.3,
            "eps_4q": 2.39,
            "eps_4q_growth_year": -43.05,
            "roe": 3.85,
            "roe_4q": 8.53,
            "gross_profit": 305701,
            "gross_margin": 22.77,
            "gross_margin_4q_avg": 23.35,
            "net_income": 128394,
            "net_income_4q": null,
            "revenue": 1342763,
            "revenue_4q": null,
            "common_shares": 737615,
            "book_valuer_per_share": 33.2,
            "book_valuer_per_share_4q_avg": 33.19,
            "equity": 3315758,
            "current_ratio": 269.15,
            "debt_ratio": 35.82,
            "inventory_turnover_ratio": 2.5,
            "account_receivable_turnover_ratio": 0.51,
            "reinvestment_rate": -23.97,
            "research_to_sale_ratio": null,
            "price_fair": 128.36,
            "eps_avg_yearly": 3.67,
            "eps_latest_yearly": 4.72,
            "eps_growth_yearly": 282.11
        },
        "20203": {
            "year_quarter": 20203,
            "year": 2020,
            "quarter": 3,
            "eps": 0.24,
            "eps_growth_year": -65.22,
            "eps_4q": 1.97,
            "eps_4q_growth_year": -52.16,
            "roe": 0.97,
            "roe_4q": 7.2,
            "gross_profit": 220731,
            "gross_margin": 20.61,
            "gross_margin_4q_avg": 22.3,
            "net_income": 32597,
            "net_income_4q": null,
            "revenue": 1071163,
            "revenue_4q": null,
            "common_shares": 774496,
            "book_valuer_per_share": 32.16,
            "book_valuer_per_share_4q_avg": 32.9,
            "equity": 3410185,
            "current_ratio": 259.1,
            "debt_ratio": 37.17,
            "inventory_turnover_ratio": 1.58,
            "account_receivable_turnover_ratio": 0.39,
            "reinvestment_rate": -25.33,
            "research_to_sale_ratio": null,
            "price_fair": 126,
            "eps_avg_yearly": 3.6,
            "eps_latest_yearly": 0.96,
            "eps_growth_yearly": 270.2
        },
        "20204": {
            "year_quarter": 20204,
            "year": 2020,
            "quarter": 4,
            "eps": 0.04,
            "eps_growth_year": -91.12,
            "eps_4q": 1.61,
            "eps_4q_growth_year": -57.65,
            "roe": 0.59,
            "roe_4q": 6.24,
            "gross_profit": 284906,
            "gross_margin": 19.49,
            "gross_margin_4q_avg": 22,
            "net_income": 20113,
            "net_income_4q": null,
            "revenue": 1461789,
            "revenue_4q": null,
            "common_shares": 774496,
            "book_valuer_per_share": 32.86,
            "book_valuer_per_share_4q_avg": 32.82,
            "equity": 3431203,
            "current_ratio": 260.31,
            "debt_ratio": 36.22,
            "inventory_turnover_ratio": 1.92,
            "account_receivable_turnover_ratio": 0.55,
            "reinvestment_rate": -29.12,
            "research_to_sale_ratio": null,
            "price_fair": 118.65,
            "eps_avg_yearly": 3.39,
            "eps_latest_yearly": 0.16,
            "eps_growth_yearly": 231.23
        },
        "20211": {
            "year_quarter": 20211,
            "year": 2021,
            "quarter": 1,
            "eps": 0.3,
            "eps_growth_year": 87.5,
            "eps_4q": 1.76,
            "eps_4q_growth_year": -49.29,
            "roe": 1.06,
            "roe_4q": 6.470000000000001,
            "gross_profit": 230805,
            "gross_margin": 20.6,
            "gross_margin_4q_avg": 20.87,
            "net_income": 36464,
            "net_income_4q": null,
            "revenue": 1120233,
            "revenue_4q": null,
            "common_shares": 774496,
            "book_valuer_per_share": 32.99,
            "book_valuer_per_share_4q_avg": 32.8,
            "equity": 3449707,
            "current_ratio": 289.22,
            "debt_ratio": 32.48,
            "inventory_turnover_ratio": 1.51,
            "account_receivable_turnover_ratio": 0.42,
            "reinvestment_rate": -18.63,
            "research_to_sale_ratio": null,
            "price_fair": 116.64,
            "eps_avg_yearly": 3.33,
            "eps_latest_yearly": 1.2,
            "eps_growth_yearly": 403.67
        },
        "20212": {
            "year_quarter": 20212,
            "year": 2021,
            "quarter": 2,
            "eps": 0.58,
            "eps_growth_year": -50.85,
            "eps_4q": 1.16,
            "eps_4q_growth_year": -51.5,
            "roe": 1.88,
            "roe_4q": 4.5,
            "gross_profit": 271640,
            "gross_margin": 18.46,
            "gross_margin_4q_avg": 19.79,
            "net_income": 65432,
            "net_income_4q": null,
            "revenue": 1471833,
            "revenue_4q": null,
            "common_shares": 774496,
            "book_valuer_per_share": 33.38,
            "book_valuer_per_share_4q_avg": 32.85,
            "equity": 3495583,
            "current_ratio": 286.14,
            "debt_ratio": 32.55,
            "inventory_turnover_ratio": 2.08,
            "account_receivable_turnover_ratio": 0.53,
            "reinvestment_rate": -19.26,
            "research_to_sale_ratio": null,
            "price_fair": 112,
            "eps_avg_yearly": 3.2,
            "eps_latest_yearly": 2.32,
            "eps_growth_yearly": 399.64
        },
        "20213": {
            "year_quarter": 20213,
            "year": 2021,
            "quarter": 3,
            "eps": 0.28,
            "eps_growth_year": 16.67,
            "eps_4q": 1.21,
            "eps_4q_growth_year": -38.69,
            "roe": 1.23,
            "roe_4q": 4.76,
            "gross_profit": 248347,
            "gross_margin": 19.26,
            "gross_margin_4q_avg": 19.45,
            "net_income": 42608,
            "net_income_4q": null,
            "revenue": 1289110,
            "revenue_4q": null,
            "common_shares": 774496,
            "book_valuer_per_share": 32.35,
            "book_valuer_per_share_4q_avg": 32.9,
            "equity": 3433277,
            "current_ratio": 264.73,
            "debt_ratio": 35.95,
            "inventory_turnover_ratio": 1.85,
            "account_receivable_turnover_ratio": 0.43,
            "reinvestment_rate": -26.06,
            "research_to_sale_ratio": null,
            "price_fair": 109.9,
            "eps_avg_yearly": 3.14,
            "eps_latest_yearly": 1.12,
            "eps_growth_yearly": 400
        },
        "20214": {
            "year_quarter": 20214,
            "year": 2021,
            "quarter": 4,
            "eps": 0.63,
            "eps_growth_year": 1597.55,
            "eps_4q": 1.8,
            "eps_4q_growth_year": 12.11,
            "roe": 2.05,
            "roe_4q": 6.220000000000001,
            "gross_profit": 307135,
            "gross_margin": 24.4,
            "gross_margin_4q_avg": 20.68,
            "net_income": 71408,
            "net_income_4q": null,
            "revenue": 1258572,
            "revenue_4q": null,
            "common_shares": 774496,
            "book_valuer_per_share": 33.16,
            "book_valuer_per_share_4q_avg": 32.97,
            "equity": 3525137,
            "current_ratio": 274.73,
            "debt_ratio": 34.73,
            "inventory_turnover_ratio": 1.43,
            "account_receivable_turnover_ratio": 0.44,
            "reinvestment_rate": -25.29,
            "research_to_sale_ratio": null,
            "price_fair": 107.98,
            "eps_avg_yearly": 3.09,
            "eps_latest_yearly": 2.52,
            "eps_growth_yearly": 415.39
        },
        "20221": {
            "year_quarter": 20221,
            "year": 2022,
            "quarter": 1,
            "eps": 0.33,
            "eps_growth_year": 10,
            "eps_4q": 1.83,
            "eps_4q_growth_year": 4.4,
            "roe": 1.19,
            "roe_4q": 6.35,
            "gross_profit": 267365,
            "gross_margin": 19.73,
            "gross_margin_4q_avg": 20.46,
            "net_income": 52792,
            "net_income_4q": null,
            "revenue": 1355265,
            "revenue_4q": null,
            "common_shares": 774496,
            "book_valuer_per_share": 37.74,
            "book_valuer_per_share_4q_avg": 34.16,
            "equity": 5355925,
            "current_ratio": 395.33,
            "debt_ratio": 24.41,
            "inventory_turnover_ratio": 1.41,
            "account_receivable_turnover_ratio": 0.49,
            "reinvestment_rate": -26.43,
            "research_to_sale_ratio": 0.15,
            "price_fair": 106.23,
            "eps_avg_yearly": 3.04,
            "eps_latest_yearly": 1.32,
            "eps_growth_yearly": 412.89
        },
        "20222": {
            "year_quarter": 20222,
            "year": 2022,
            "quarter": 2,
            "eps": 0.35,
            "eps_growth_year": -39.66,
            "eps_4q": 1.6,
            "eps_4q_growth_year": 37.95,
            "roe": 1.35,
            "roe_4q": 5.82,
            "gross_profit": 295814,
            "gross_margin": 21.16,
            "gross_margin_4q_avg": 21.14,
            "net_income": 70858,
            "net_income_4q": null,
            "revenue": 1397984,
            "revenue_4q": null,
            "common_shares": 774496,
            "book_valuer_per_share": 36.15,
            "book_valuer_per_share_4q_avg": 34.85,
            "equity": 5111369,
            "current_ratio": 347.42,
            "debt_ratio": 27.25,
            "inventory_turnover_ratio": 1.42,
            "account_receivable_turnover_ratio": 0.44,
            "reinvestment_rate": -1.95,
            "research_to_sale_ratio": 0.37,
            "price_fair": 89.34,
            "eps_avg_yearly": 2.55,
            "eps_latest_yearly": 1.4,
            "eps_growth_yearly": 331.86
        },
        "20223": {
            "year_quarter": 20223,
            "year": 2022,
            "quarter": 3,
            "eps": 0.2,
            "eps_growth_year": -28.57,
            "eps_4q": 1.51,
            "eps_4q_growth_year": 25.49,
            "roe": 1.03,
            "roe_4q": 5.619999999999999,
            "gross_profit": 271897,
            "gross_margin": 18.47,
            "gross_margin_4q_avg": 20.94,
            "net_income": 53221,
            "net_income_4q": null,
            "revenue": 1472428,
            "revenue_4q": null,
            "common_shares": 774496,
            "book_valuer_per_share": 36.83,
            "book_valuer_per_share_4q_avg": 35.97,
            "equity": 5253473,
            "current_ratio": 325.18,
            "debt_ratio": 28.81,
            "inventory_turnover_ratio": 1.42,
            "account_receivable_turnover_ratio": 0.41,
            "reinvestment_rate": 0.26,
            "research_to_sale_ratio": 0.19,
            "price_fair": 83.3,
            "eps_avg_yearly": 2.38,
            "eps_latest_yearly": 0.8,
            "eps_growth_yearly": 336.39
        },
        "20224": {
            "year_quarter": 20224,
            "year": 2022,
            "quarter": 4,
            "eps": 0.33,
            "eps_growth_year": -47.32,
            "eps_4q": 1.22,
            "eps_4q_growth_year": -32.52,
            "roe": 1.12,
            "roe_4q": 4.69,
            "gross_profit": 269366,
            "gross_margin": 19.23,
            "gross_margin_4q_avg": 19.65,
            "net_income": 58327,
            "net_income_4q": null,
            "revenue": 1400690,
            "revenue_4q": null,
            "common_shares": 774496,
            "book_valuer_per_share": 36.61,
            "book_valuer_per_share_4q_avg": 36.83,
            "equity": 5202109,
            "current_ratio": 333.76,
            "debt_ratio": 27.82,
            "inventory_turnover_ratio": 1.26,
            "account_receivable_turnover_ratio": 0.39,
            "reinvestment_rate": 4.78,
            "research_to_sale_ratio": 0.17,
            "price_fair": 78.4,
            "eps_avg_yearly": 2.24,
            "eps_latest_yearly": 1.32,
            "eps_growth_yearly": 352.64
        },
        "20231": {
            "year_quarter": 20231,
            "year": 2023,
            "quarter": 1,
            "eps": 0.35,
            "eps_growth_year": 6.06,
            "eps_4q": 1.23,
            "eps_4q_growth_year": -32.97,
            "roe": 0.92,
            "roe_4q": 4.42,
            "gross_profit": 242337,
            "gross_margin": 20.51,
            "gross_margin_4q_avg": 19.84,
            "net_income": 48130,
            "net_income_4q": null,
            "revenue": 1181314,
            "revenue_4q": null,
            "common_shares": 774496,
            "book_valuer_per_share": 37.16,
            "book_valuer_per_share_4q_avg": 36.69,
            "equity": 5279218,
            "current_ratio": 368.97,
            "debt_ratio": 25.04,
            "inventory_turnover_ratio": 1.05,
            "account_receivable_turnover_ratio": 0.34,
            "reinvestment_rate": 6.46,
            "research_to_sale_ratio": 0.23,
            "price_fair": 76.3,
            "eps_avg_yearly": 2.18,
            "eps_latest_yearly": 1.4,
            "eps_growth_yearly": 362.58
        },
        "20232": {
            "year_quarter": 20232,
            "year": 2023,
            "quarter": 2,
            "eps": 0.14,
            "eps_growth_year": -60,
            "eps_4q": 1.02,
            "eps_4q_growth_year": -35.87,
            "roe": 0.99,
            "roe_4q": 4.0600000000000005,
            "gross_profit": 286442,
            "gross_margin": 21.84,
            "gross_margin_4q_avg": 20.01,
            "net_income": 50573,
            "net_income_4q": null,
            "revenue": 1311835,
            "revenue_4q": null,
            "common_shares": 774496,
            "book_valuer_per_share": 34.62,
            "book_valuer_per_share_4q_avg": 36.31,
            "equity": 4942432,
            "current_ratio": 283.87,
            "debt_ratio": 32.31,
            "inventory_turnover_ratio": 1.16,
            "account_receivable_turnover_ratio": 0.37,
            "reinvestment_rate": -21.19,
            "research_to_sale_ratio": 0.38,
            "price_fair": 54.43,
            "eps_avg_yearly": 1.56,
            "eps_latest_yearly": 0.56,
            "eps_growth_yearly": 260.72
        }
    },
    "months": {
        "2009-05": {
            "month": "2009-05",
            "price": "44.34",
            "revenue": 0
        },
        "2009-06": {
            "month": "2009-06",
            "price": "25.84",
            "revenue": 0
        },
        "2009-07": {
            "month": "2009-07",
            "price": "27.40",
            "revenue": 0
        },
        "2009-08": {
            "month": "2009-08",
            "price": "27.98",
            "revenue": 0
        },
        "2009-09": {
            "month": "2009-09",
            "price": "28.09",
            "revenue": 0
        },
        "2009-10": {
            "month": "2009-10",
            "price": "28.19",
            "revenue": 0
        },
        "2009-11": {
            "month": "2009-11",
            "price": "28.63",
            "revenue": 0
        },
        "2009-12": {
            "month": "2009-12",
            "price": "27.46",
            "revenue": 0
        },
        "2011-07": {
            "month": "2011-07",
            "price": "19.72",
            "revenue": 89865
        },
        "2011-08": {
            "month": "2011-08",
            "price": "19.86",
            "revenue": 112574
        },
        "2011-09": {
            "month": "2011-09",
            "price": "20.22",
            "revenue": 122449
        },
        "2011-10": {
            "month": "2011-10",
            "price": "20.84",
            "revenue": 218423
        },
        "2011-11": {
            "month": "2011-11",
            "price": "21.09",
            "revenue": 144658
        },
        "2011-12": {
            "month": "2011-12",
            "price": "20.07",
            "revenue": 244005
        },
        "2012-01": {
            "month": "2012-01",
            "price": "21.39",
            "revenue": 276406
        },
        "2012-02": {
            "month": "2012-02",
            "price": "23.21",
            "revenue": 111788
        },
        "2012-03": {
            "month": "2012-03",
            "price": "26.92",
            "revenue": 136805
        },
        "2012-04": {
            "month": "2012-04",
            "price": "27.39",
            "revenue": 137687
        },
        "2012-05": {
            "month": "2012-05",
            "price": "29.40",
            "revenue": 158779
        },
        "2012-06": {
            "month": "2012-06",
            "price": "30.31",
            "revenue": 356136
        },
        "2012-07": {
            "month": "2012-07",
            "price": "30.08",
            "revenue": 147797
        },
        "2012-08": {
            "month": "2012-08",
            "price": "29.69",
            "revenue": 147268
        },
        "2012-09": {
            "month": "2012-09",
            "price": "39.53",
            "revenue": 309582
        },
        "2012-10": {
            "month": "2012-10",
            "price": "63.96",
            "revenue": 151591
        },
        "2012-11": {
            "month": "2012-11",
            "price": "73.80",
            "revenue": 165746
        },
        "2012-12": {
            "month": "2012-12",
            "price": "77.35",
            "revenue": 139884
        },
        "2013-01": {
            "month": "2013-01",
            "price": "86.90",
            "revenue": 168698
        },
        "2013-02": {
            "month": "2013-02",
            "price": "84.33",
            "revenue": 155369
        },
        "2013-03": {
            "month": "2013-03",
            "price": "84.66",
            "revenue": 336343
        },
        "2013-04": {
            "month": "2013-04",
            "price": "86.44",
            "revenue": 190380
        },
        "2013-05": {
            "month": "2013-05",
            "price": "84.95",
            "revenue": 172165
        },
        "2013-06": {
            "month": "2013-06",
            "price": "80.23",
            "revenue": 377664
        },
        "2013-07": {
            "month": "2013-07",
            "price": "80.62",
            "revenue": 188333
        },
        "2013-08": {
            "month": "2013-08",
            "price": "79.60",
            "revenue": 197159
        },
        "2013-09": {
            "month": "2013-09",
            "price": "77.16",
            "revenue": 202894
        },
        "2013-10": {
            "month": "2013-10",
            "price": "79.45",
            "revenue": 181620
        },
        "2013-11": {
            "month": "2013-11",
            "price": "83.88",
            "revenue": 177942
        },
        "2013-12": {
            "month": "2013-12",
            "price": "83.00",
            "revenue": 231794
        },
        "2014-01": {
            "month": "2014-01",
            "price": "85.20",
            "revenue": 269021
        },
        "2014-02": {
            "month": "2014-02",
            "price": "105.48",
            "revenue": 346541
        },
        "2014-03": {
            "month": "2014-03",
            "price": "121.24",
            "revenue": 219489
        },
        "2014-04": {
            "month": "2014-04",
            "price": "110.81",
            "revenue": 244579
        },
        "2014-05": {
            "month": "2014-05",
            "price": "111.81",
            "revenue": 237832
        },
        "2014-06": {
            "month": "2014-06",
            "price": "132.88",
            "revenue": 309882
        },
        "2014-07": {
            "month": "2014-07",
            "price": "129.61",
            "revenue": 233615
        },
        "2014-08": {
            "month": "2014-08",
            "price": "116.55",
            "revenue": 206115
        },
        "2014-09": {
            "month": "2014-09",
            "price": "113.02",
            "revenue": 295728
        },
        "2014-10": {
            "month": "2014-10",
            "price": "100.21",
            "revenue": 236317
        },
        "2014-11": {
            "month": "2014-11",
            "price": "92.38",
            "revenue": 257519
        },
        "2014-12": {
            "month": "2014-12",
            "price": "95.50",
            "revenue": 319860
        },
        "2015-01": {
            "month": "2015-01",
            "price": "92.07",
            "revenue": 414901
        },
        "2015-02": {
            "month": "2015-02",
            "price": "91.82",
            "revenue": 218096
        },
        "2015-03": {
            "month": "2015-03",
            "price": "87.98",
            "revenue": 263138
        },
        "2015-04": {
            "month": "2015-04",
            "price": "88.58",
            "revenue": 233444
        },
        "2015-05": {
            "month": "2015-05",
            "price": "87.37",
            "revenue": 239649
        },
        "2015-06": {
            "month": "2015-06",
            "price": "75.40",
            "revenue": 299162
        },
        "2015-07": {
            "month": "2015-07",
            "price": "73.04",
            "revenue": 254855
        },
        "2015-08": {
            "month": "2015-08",
            "price": "52.13",
            "revenue": 221316
        },
        "2015-09": {
            "month": "2015-09",
            "price": "55.36",
            "revenue": 278560
        },
        "2015-10": {
            "month": "2015-10",
            "price": "65.30",
            "revenue": 241631
        },
        "2015-11": {
            "month": "2015-11",
            "price": "69.94",
            "revenue": 262947
        },
        "2015-12": {
            "month": "2015-12",
            "price": "60.23",
            "revenue": 346639
        },
        "2016-01": {
            "month": "2016-01",
            "price": "52.50",
            "revenue": 254639
        },
        "2016-02": {
            "month": "2016-02",
            "price": "56.06",
            "revenue": 227177
        },
        "2016-03": {
            "month": "2016-03",
            "price": "63.69",
            "revenue": 279496
        },
        "2016-04": {
            "month": "2016-04",
            "price": "68.89",
            "revenue": 245593
        },
        "2016-05": {
            "month": "2016-05",
            "price": "64.32",
            "revenue": 254599
        },
        "2016-06": {
            "month": "2016-06",
            "price": "66.29",
            "revenue": 263235
        },
        "2016-07": {
            "month": "2016-07",
            "price": "73.10",
            "revenue": 204655
        },
        "2016-08": {
            "month": "2016-08",
            "price": "64.20",
            "revenue": 231827
        },
        "2016-09": {
            "month": "2016-09",
            "price": "57.47",
            "revenue": 244103
        },
        "2016-10": {
            "month": "2016-10",
            "price": "54.32",
            "revenue": 228621
        },
        "2016-11": {
            "month": "2016-11",
            "price": "47.16",
            "revenue": 264296
        },
        "2016-12": {
            "month": "2016-12",
            "price": "47.36",
            "revenue": 268280
        },
        "2017-01": {
            "month": "2017-01",
            "price": "48.49",
            "revenue": 245467
        },
        "2017-02": {
            "month": "2017-02",
            "price": "49.21",
            "revenue": 185438
        },
        "2017-03": {
            "month": "2017-03",
            "price": "47.09",
            "revenue": 263002
        },
        "2017-04": {
            "month": "2017-04",
            "price": "44.71",
            "revenue": 231754
        },
        "2017-05": {
            "month": "2017-05",
            "price": "44.66",
            "revenue": 227626
        },
        "2017-06": {
            "month": "2017-06",
            "price": "44.94",
            "revenue": 267110
        },
        "2017-07": {
            "month": "2017-07",
            "price": "41.85",
            "revenue": 227106
        },
        "2017-08": {
            "month": "2017-08",
            "price": "40.23",
            "revenue": 268280
        },
        "2017-09": {
            "month": "2017-09",
            "price": "42.47",
            "revenue": 278200
        },
        "2017-10": {
            "month": "2017-10",
            "price": "42.71",
            "revenue": 249717
        },
        "2017-11": {
            "month": "2017-11",
            "price": "40.34",
            "revenue": 269963
        },
        "2017-12": {
            "month": "2017-12",
            "price": "38.99",
            "revenue": 336887
        },
        "2018-01": {
            "month": "2018-01",
            "price": "40.75",
            "revenue": 312410
        },
        "2018-02": {
            "month": "2018-02",
            "price": "39.53",
            "revenue": 225332
        },
        "2018-03": {
            "month": "2018-03",
            "price": "43.05",
            "revenue": 312087
        },
        "2018-04": {
            "month": "2018-04",
            "price": "50.30",
            "revenue": 298025
        },
        "2018-05": {
            "month": "2018-05",
            "price": "45.51",
            "revenue": 320229
        },
        "2018-06": {
            "month": "2018-06",
            "price": "44.55",
            "revenue": 376215
        },
        "2018-07": {
            "month": "2018-07",
            "price": "43.19",
            "revenue": 299988
        },
        "2018-08": {
            "month": "2018-08",
            "price": "44.33",
            "revenue": 377406
        },
        "2018-09": {
            "month": "2018-09",
            "price": "42.39",
            "revenue": 375148
        },
        "2018-10": {
            "month": "2018-10",
            "price": "43.79",
            "revenue": 344182
        },
        "2018-11": {
            "month": "2018-11",
            "price": "45.42",
            "revenue": 318827
        },
        "2018-12": {
            "month": "2018-12",
            "price": "41.96",
            "revenue": 336323
        },
        "2019-01": {
            "month": "2019-01",
            "price": "42.15",
            "revenue": 374130
        },
        "2019-02": {
            "month": "2019-02",
            "price": "44.54",
            "revenue": 334928
        },
        "2019-03": {
            "month": "2019-03",
            "price": "45.18",
            "revenue": 373481
        },
        "2019-04": {
            "month": "2019-04",
            "price": "46.42",
            "revenue": 431444
        },
        "2019-05": {
            "month": "2019-05",
            "price": "46.49",
            "revenue": 470853
        },
        "2019-06": {
            "month": "2019-06",
            "price": "46.90",
            "revenue": 460213
        },
        "2019-07": {
            "month": "2019-07",
            "price": "49.18",
            "revenue": 329751
        },
        "2019-08": {
            "month": "2019-08",
            "price": "44.93",
            "revenue": 380660
        },
        "2019-09": {
            "month": "2019-09",
            "price": "44.82",
            "revenue": 369058
        },
        "2019-10": {
            "month": "2019-10",
            "price": "44.00",
            "revenue": 393473
        },
        "2019-11": {
            "month": "2019-11",
            "price": "43.83",
            "revenue": 357690
        },
        "2019-12": {
            "month": "2019-12",
            "price": "42.43",
            "revenue": 396788
        },
        "2020-01": {
            "month": "2020-01",
            "price": "41.27",
            "revenue": 340470
        },
        "2020-02": {
            "month": "2020-02",
            "price": "39.33",
            "revenue": 220063
        },
        "2020-03": {
            "month": "2020-03",
            "price": "31.12",
            "revenue": 285687
        },
        "2020-04": {
            "month": "2020-04",
            "price": "29.85",
            "revenue": 330760
        },
        "2020-05": {
            "month": "2020-05",
            "price": "33.36",
            "revenue": 314842
        },
        "2020-06": {
            "month": "2020-06",
            "price": "33.66",
            "revenue": 707222
        },
        "2020-07": {
            "month": "2020-07",
            "price": "36.91",
            "revenue": 324803
        },
        "2020-08": {
            "month": "2020-08",
            "price": "33.05",
            "revenue": 336392
        },
        "2020-09": {
            "month": "2020-09",
            "price": "31.16",
            "revenue": 390430
        },
        "2020-10": {
            "month": "2020-10",
            "price": "30.62",
            "revenue": 454698
        },
        "2020-11": {
            "month": "2020-11",
            "price": "30.09",
            "revenue": 417999
        },
        "2020-12": {
            "month": "2020-12",
            "price": "30.47",
            "revenue": 557904
        },
        "2021-01": {
            "month": "2021-01",
            "price": "30.81",
            "revenue": 381604
        },
        "2021-02": {
            "month": "2021-02",
            "price": "30.08",
            "revenue": 313454
        },
        "2021-03": {
            "month": "2021-03",
            "price": "29.94",
            "revenue": 417998
        },
        "2021-04": {
            "month": "2021-04",
            "price": "29.26",
            "revenue": 424711
        },
        "2021-05": {
            "month": "2021-05",
            "price": "27.72",
            "revenue": 395401
        },
        "2021-06": {
            "month": "2021-06",
            "price": "27.23",
            "revenue": 652830
        },
        "2021-07": {
            "month": "2021-07",
            "price": "27.44",
            "revenue": 332050
        },
        "2021-08": {
            "month": "2021-08",
            "price": "25.64",
            "revenue": 369512
        },
        "2021-09": {
            "month": "2021-09",
            "price": "24.23",
            "revenue": 558380
        },
        "2021-10": {
            "month": "2021-10",
            "price": "23.76",
            "revenue": 397173
        },
        "2021-11": {
            "month": "2021-11",
            "price": "24.09",
            "revenue": 432593
        },
        "2021-12": {
            "month": "2021-12",
            "price": "26.52",
            "revenue": 462775
        },
        "2022-01": {
            "month": "2022-01",
            "price": "26.47",
            "revenue": 500976
        },
        "2022-02": {
            "month": "2022-02",
            "price": "28.72",
            "revenue": 257988
        },
        "2022-03": {
            "month": "2022-03",
            "price": "31.83",
            "revenue": 597251
        },
        "2022-04": {
            "month": "2022-04",
            "price": "32.10",
            "revenue": 444876
        },
        "2022-05": {
            "month": "2022-05",
            "price": "28.81",
            "revenue": 322705
        },
        "2022-06": {
            "month": "2022-06",
            "price": "27.33",
            "revenue": 629453
        },
        "2022-07": {
            "month": "2022-07",
            "price": "25.37",
            "revenue": 348051
        },
        "2022-08": {
            "month": "2022-08",
            "price": "25.94",
            "revenue": 395697
        },
        "2022-09": {
            "month": "2022-09",
            "price": "25.44",
            "revenue": 728679
        },
        "2022-10": {
            "month": "2022-10",
            "price": "23.85",
            "revenue": 423033
        },
        "2022-11": {
            "month": "2022-11",
            "price": "24.07",
            "revenue": 435796
        },
        "2022-12": {
            "month": "2022-12",
            "price": "25.02",
            "revenue": 540335
        },
        "2023-01": {
            "month": "2023-01",
            "price": "24.63",
            "revenue": 372910
        },
        "2023-02": {
            "month": "2023-02",
            "price": "25.25",
            "revenue": 283502
        },
        "2023-03": {
            "month": "2023-03",
            "price": "25.94",
            "revenue": 524902
        },
        "2023-04": {
            "month": "2023-04",
            "price": "27.16",
            "revenue": 474345
        },
        "2023-05": {
            "month": "2023-05",
            "price": "28.30",
            "revenue": 405940
        },
        "2023-06": {
            "month": "2023-06",
            "price": "29.27",
            "revenue": 431550
        },
        "2023-07": {
            "month": "2023-07",
            "price": "27.25",
            "revenue": 348619
        },
        "2023-08": {
            "month": "2023-08",
            "price": "25.82",
            "revenue": 392405
        },
        "2023-09": {
            "month": "2023-09",
            "price": "25.09",
            "revenue": 439514
        }
    }
}
