{
    "summary": {
        "stock_name": "台耀",
        "stock_id": "4746",
        "category": "生技醫療",
        "main_business": "原料藥<br>委託研發代工",
        "website_url": "http://www.formosalab.com",
        "ceo": "程正禹",
        "pe_ratio": 12,
        "report_year_from": 2009,
        "report_year_to": 2023,
        "age": 14,
        "eps_negative_percentage": 7,
        "eps_growth_avg": {
            "last_all": -6.33,
            "last_2y": 42.75,
            "last_4y": 1.19,
            "last_8y": 3.36,
            "last_12y": -6.33,
            "last_16y": null,
            "last_20y": null,
            "at_2006_last_3y": null,
            "at_2007_last_3y": null,
            "at_2008_last_3y": null,
            "at_2009_last_3y": null,
            "at_2010_last_3y": null,
            "at_2011_last_3y": null,
            "at_2012_last_3y": null,
            "at_2013_last_3y": -25.71,
            "at_2014_last_3y": -67.61,
            "at_2015_last_3y": -63.88,
            "at_2016_last_3y": -9.11,
            "at_2017_last_3y": 6.98,
            "at_2018_last_3y": -1.94,
            "at_2019_last_3y": -26.8,
            "at_2020_last_3y": -18.52,
            "at_2021_last_3y": 19.42,
            "at_2022_last_3y": 8.65,
            "at_2023_last_3y": 8.65,
            "at_2006_last_all": null,
            "at_2007_last_all": null,
            "at_2008_last_all": null,
            "at_2009_last_all": null,
            "at_2010_last_all": null,
            "at_2011_last_all": 47.3,
            "at_2012_last_all": -0.94,
            "at_2013_last_all": -25.71,
            "at_2014_last_all": -25.71,
            "at_2015_last_all": -19.41,
            "at_2016_last_all": -5.03,
            "at_2017_last_all": -11.7,
            "at_2018_last_all": -13.82,
            "at_2019_last_all": -22.69,
            "at_2020_last_all": -10.42,
            "at_2021_last_all": -0.39,
            "at_2022_last_all": -6.33,
            "at_2023_last_all": -6.33
        },
        "latest_eps": 7.29,
        "latest_price": 87.3,
        "latest_roe": 9.4,
        "latest_gross_margin": 45.87,
        "latest_equity": 8244605,
        "latest_revenue": 1086934,
        "latest_gross_profit": 498613,
        "latest_net_income": 58221,
        "latest_debt_ratio": 39.19,
        "latest_current_ratio": 160.67,
        "latest_account_receivable_turnover_ratio": 1.26,
        "latest_inventory_turnover_ratio": 0.35,
        "latest_reinvestment_rate": 121.49,
        "latest_research_to_sale_ratio": 19.13
    },
    "eps_dividends": {
        "2001": {
            "cash": 0,
            "stock": 0,
            "eps": 0
        },
        "2002": {
            "cash": 0,
            "stock": 0,
            "eps": 0
        },
        "2003": {
            "cash": 0,
            "stock": 0,
            "eps": 0
        },
        "2004": {
            "cash": 0,
            "stock": 0,
            "eps": 0
        },
        "2005": {
            "cash": 0,
            "stock": 0,
            "eps": 0
        },
        "2006": {
            "cash": 0,
            "stock": 0,
            "eps": 0
        },
        "2007": {
            "cash": 0,
            "stock": 0,
            "eps": 0
        },
        "2008": {
            "cash": 0,
            "stock": 0,
            "eps": 0
        },
        "2009": {
            "cash": 0,
            "stock": 0,
            "eps": 1.73
        },
        "2010": {
            "cash": 3.5,
            "stock": 0,
            "eps": 3.7
        },
        "2011": {
            "cash": 7,
            "stock": 0,
            "eps": 3.5
        },
        "2012": {
            "cash": 0,
            "stock": 0,
            "eps": 0.09
        },
        "2013": {
            "cash": 0,
            "stock": 0,
            "eps": -1.22
        },
        "2014": {
            "cash": 0,
            "stock": 0,
            "eps": 3.11
        },
        "2015": {
            "cash": 2,
            "stock": 0,
            "eps": 3.29
        },
        "2016": {
            "cash": 2,
            "stock": 0,
            "eps": 5.49
        },
        "2017": {
            "cash": 3,
            "stock": 0,
            "eps": 2.65
        },
        "2018": {
            "cash": 2,
            "stock": 0,
            "eps": 1.89
        },
        "2019": {
            "cash": 0.5,
            "stock": 0,
            "eps": 0.12
        },
        "2020": {
            "cash": 0,
            "stock": 0,
            "eps": 3.66
        },
        "2021": {
            "cash": 0,
            "stock": 0,
            "eps": 12.03
        },
        "2022": {
            "cash": 2,
            "stock": 0,
            "eps": 3.4
        },
        "2023": {
            "cash": 1,
            "stock": 0,
            "eps": 0.48
        }
    },
    "dividends": {
        "2010-03-26": {
            "cash": 3.5,
            "stock": 0
        },
        "2011-01-01": {
            "cash": 3.5,
            "stock": 0
        },
        "2011-03-24": {
            "cash": 3.5,
            "stock": 0
        },
        "2015-09-07": {
            "cash": 2,
            "stock": 0
        },
        "2016-08-26": {
            "cash": 2,
            "stock": 0
        },
        "2017-09-14": {
            "cash": 3,
            "stock": 0
        },
        "2018-03-08": {
            "cash": 2,
            "stock": 0
        },
        "2019-09-10": {
            "cash": 0.5,
            "stock": 0
        },
        "2022-08-25": {
            "cash": 2,
            "stock": 0
        },
        "2023-09-22": {
            "cash": 1,
            "stock": 0
        }
    },
    "prices": {
        "200101": "無",
        "200102": "無",
        "200103": "無",
        "200104": "無",
        "200105": "無",
        "200106": "無",
        "200107": "無",
        "200108": "無",
        "200109": "無",
        "200110": "無",
        "200111": "無",
        "200112": "無",
        "200201": "無",
        "200202": "無",
        "200203": "無",
        "200204": "無",
        "200205": "無",
        "200206": "無",
        "200207": "無",
        "200208": "無",
        "200209": "無",
        "200210": "無",
        "200211": "無",
        "200212": "無",
        "200301": "無",
        "200302": "無",
        "200303": "無",
        "200304": "無",
        "200305": "無",
        "200306": "無",
        "200307": "無",
        "200308": "無",
        "200309": "無",
        "200310": "無",
        "200311": "無",
        "200312": "無",
        "200401": "無",
        "200402": "無",
        "200403": "無",
        "200404": "無",
        "200405": "無",
        "200406": "無",
        "200407": "無",
        "200408": "無",
        "200409": "無",
        "200410": "無",
        "200411": "無",
        "200412": "無",
        "200501": "無",
        "200502": "無",
        "200503": "無",
        "200504": "無",
        "200505": "無",
        "200506": "無",
        "200507": "無",
        "200508": "無",
        "200509": "無",
        "200510": "無",
        "200511": "無",
        "200512": "無",
        "200601": "無",
        "200602": "無",
        "200603": "無",
        "200604": "無",
        "200605": "無",
        "200606": "無",
        "200607": "無",
        "200608": "無",
        "200609": "無",
        "200610": "無",
        "200611": "無",
        "200612": "無",
        "200701": "無",
        "200702": "無",
        "200703": "無",
        "200704": "無",
        "200705": "無",
        "200706": "無",
        "200707": "無",
        "200708": "無",
        "200709": "無",
        "200710": "無",
        "200711": "無",
        "200712": "無",
        "200801": "無",
        "200802": "無",
        "200803": "無",
        "200804": "無",
        "200805": "無",
        "200806": "無",
        "200807": "無",
        "200808": "無",
        "200809": "無",
        "200810": "無",
        "200811": "無",
        "200812": "無",
        "200901": "無",
        "200902": "無",
        "200903": "無",
        "200904": "無",
        "200905": "無",
        "200906": "無",
        "200907": "無",
        "200908": "無",
        "200909": "無",
        "200910": "無",
        "200911": "59.30",
        "200912": "65.95",
        "201001": "65.72",
        "201002": "66.68",
        "201003": "69.33",
        "201004": "71.71",
        "201005": "69.85",
        "201006": "67.48",
        "201007": "64.07",
        "201008": "70.29",
        "201009": "75.64",
        "201010": "90.95",
        "201011": "90.75",
        "201012": "103.50",
        "201101": "97.81",
        "201102": "100.04",
        "201103": "88.27",
        "201104": "90.51",
        "201105": "119.19",
        "201106": "120.33",
        "201107": "131.81",
        "201108": "106.92",
        "201109": "77.81",
        "201110": "73.71",
        "201111": "76.78",
        "201112": "66.50",
        "201201": "67.51",
        "201202": "83.57",
        "201203": "79.96",
        "201204": "72.40",
        "201205": "67.27",
        "201206": "62.25",
        "201207": "61.16",
        "201208": "57.85",
        "201209": "56.32",
        "201210": "55.46",
        "201211": "46.74",
        "201212": "49.62",
        "201301": "48.49",
        "201302": "46.61",
        "201303": "47.24",
        "201304": "47.52",
        "201305": "46.12",
        "201306": "47.63",
        "201307": "50.70",
        "201308": "57.81",
        "201309": "62.19",
        "201310": "75.33",
        "201311": "69.97",
        "201312": "65.68",
        "201401": "69.34",
        "201402": "72.30",
        "201403": "73.00",
        "201404": "78.63",
        "201405": "76.02",
        "201406": "78.40",
        "201407": "72.11",
        "201408": "63.40",
        "201409": "62.28",
        "201410": "58.80",
        "201411": "60.27",
        "201412": "64.64",
        "201501": "68.84",
        "201502": "67.43",
        "201503": "67.82",
        "201504": "64.26",
        "201505": "60.36",
        "201506": "56.99",
        "201507": "54.55",
        "201508": "53.47",
        "201509": "59.21",
        "201510": "59.25",
        "201511": "64.41",
        "201512": "70.34",
        "201601": "69.15",
        "201602": "72.96",
        "201603": "77.40",
        "201604": "76.65",
        "201605": "86.02",
        "201606": "99.22",
        "201607": "106.92",
        "201608": "100.90",
        "201609": "94.61",
        "201610": "90.80",
        "201611": "83.93",
        "201612": "95.06",
        "201701": "98.61",
        "201702": "95.16",
        "201703": "89.76",
        "201704": "85.97",
        "201705": "84.85",
        "201706": "83.69",
        "201707": "82.12",
        "201708": "74.30",
        "201709": "72.93",
        "201710": "79.77",
        "201711": "74.22",
        "201712": "68.20",
        "201801": "61.75",
        "201802": "52.92",
        "201803": "57.74",
        "201804": "61.91",
        "201805": "55.02",
        "201806": "56.04",
        "201807": "52.91",
        "201808": "49.57",
        "201809": "48.18",
        "201810": "42.44",
        "201811": "38.62",
        "201812": "38.07",
        "201901": "39.36",
        "201902": "42.76",
        "201903": "42.96",
        "201904": "42.59",
        "201905": "38.87",
        "201906": "37.81",
        "201907": "38.64",
        "201908": "35.06",
        "201909": "34.57",
        "201910": "36.08",
        "201911": "39.18",
        "201912": "42.06",
        "202001": "41.51",
        "202002": "41.29",
        "202003": "40.92",
        "202004": "45.06",
        "202005": "54.04",
        "202006": "52.59",
        "202007": "53.20",
        "202008": "52.11",
        "202009": "50.79",
        "202010": "49.26",
        "202011": "49.30",
        "202012": "47.10",
        "202101": "45.69",
        "202102": "49.62",
        "202103": "52.34",
        "202104": "58.60",
        "202105": "71.95",
        "202106": "87.08",
        "202107": "71.71",
        "202108": "69.45",
        "202109": "64.30",
        "202110": "59.29",
        "202111": "58.19",
        "202112": "58.20",
        "202201": "57.81",
        "202202": "57.41",
        "202203": "56.48",
        "202204": "62.48",
        "202205": "52.52",
        "202206": "50.09",
        "202207": "47.37",
        "202208": "53.65",
        "202209": "54.86",
        "202210": "47.87",
        "202211": "54.12",
        "202212": "70.05",
        "202301": "66.32",
        "202302": "69.12",
        "202303": "71.59",
        "202304": "83.09",
        "202305": "88.99",
        "202306": "88.06",
        "202307": "96.63",
        "202308": "90.73",
        "202309": "88.70",
        "202310": "83.63"
    },
    "quarters": {
        "20011": {
            "year_quarter": 20011,
            "year": 2001,
            "quarter": 1,
            "eps": null,
            "eps_growth_year": null,
            "eps_4q": null,
            "eps_4q_growth_year": null,
            "roe": null,
            "roe_4q": 0,
            "gross_profit": null,
            "gross_margin": null,
            "gross_margin_4q_avg": 0,
            "net_income": null,
            "net_income_4q": null,
            "revenue": null,
            "revenue_4q": null,
            "common_shares": null,
            "book_valuer_per_share": null,
            "book_valuer_per_share_4q_avg": 0,
            "equity": null,
            "current_ratio": null,
            "debt_ratio": null,
            "inventory_turnover_ratio": null,
            "account_receivable_turnover_ratio": null,
            "reinvestment_rate": null,
            "research_to_sale_ratio": null,
            "price_fair": 0,
            "eps_avg_yearly": 0,
            "eps_latest_yearly": 0,
            "eps_growth_yearly": 0
        },
        "20012": {
            "year_quarter": 20012,
            "year": 2001,
            "quarter": 2,
            "eps": null,
            "eps_growth_year": null,
            "eps_4q": null,
            "eps_4q_growth_year": null,
            "roe": null,
            "roe_4q": 0,
            "gross_profit": null,
            "gross_margin": null,
            "gross_margin_4q_avg": 0,
            "net_income": null,
            "net_income_4q": null,
            "revenue": null,
            "revenue_4q": null,
            "common_shares": null,
            "book_valuer_per_share": null,
            "book_valuer_per_share_4q_avg": 0,
            "equity": null,
            "current_ratio": null,
            "debt_ratio": null,
            "inventory_turnover_ratio": null,
            "account_receivable_turnover_ratio": null,
            "reinvestment_rate": null,
            "research_to_sale_ratio": null,
            "price_fair": 0,
            "eps_avg_yearly": 0,
            "eps_latest_yearly": 0,
            "eps_growth_yearly": 0
        },
        "20013": {
            "year_quarter": 20013,
            "year": 2001,
            "quarter": 3,
            "eps": null,
            "eps_growth_year": null,
            "eps_4q": null,
            "eps_4q_growth_year": null,
            "roe": null,
            "roe_4q": 0,
            "gross_profit": null,
            "gross_margin": null,
            "gross_margin_4q_avg": 0,
            "net_income": null,
            "net_income_4q": null,
            "revenue": null,
            "revenue_4q": null,
            "common_shares": null,
            "book_valuer_per_share": null,
            "book_valuer_per_share_4q_avg": 0,
            "equity": null,
            "current_ratio": null,
            "debt_ratio": null,
            "inventory_turnover_ratio": null,
            "account_receivable_turnover_ratio": null,
            "reinvestment_rate": null,
            "research_to_sale_ratio": null,
            "price_fair": 0,
            "eps_avg_yearly": 0,
            "eps_latest_yearly": 0,
            "eps_growth_yearly": 0
        },
        "20014": {
            "year_quarter": 20014,
            "year": 2001,
            "quarter": 4,
            "eps": null,
            "eps_growth_year": null,
            "eps_4q": null,
            "eps_4q_growth_year": null,
            "roe": null,
            "roe_4q": 0,
            "gross_profit": null,
            "gross_margin": null,
            "gross_margin_4q_avg": 0,
            "net_income": null,
            "net_income_4q": null,
            "revenue": null,
            "revenue_4q": null,
            "common_shares": null,
            "book_valuer_per_share": null,
            "book_valuer_per_share_4q_avg": 0,
            "equity": null,
            "current_ratio": null,
            "debt_ratio": null,
            "inventory_turnover_ratio": null,
            "account_receivable_turnover_ratio": null,
            "reinvestment_rate": null,
            "research_to_sale_ratio": null,
            "price_fair": 0,
            "eps_avg_yearly": 0,
            "eps_latest_yearly": 0,
            "eps_growth_yearly": 0
        },
        "20021": {
            "year_quarter": 20021,
            "year": 2002,
            "quarter": 1,
            "eps": null,
            "eps_growth_year": null,
            "eps_4q": null,
            "eps_4q_growth_year": null,
            "roe": null,
            "roe_4q": 0,
            "gross_profit": null,
            "gross_margin": null,
            "gross_margin_4q_avg": 0,
            "net_income": null,
            "net_income_4q": null,
            "revenue": null,
            "revenue_4q": null,
            "common_shares": null,
            "book_valuer_per_share": null,
            "book_valuer_per_share_4q_avg": 0,
            "equity": null,
            "current_ratio": null,
            "debt_ratio": null,
            "inventory_turnover_ratio": null,
            "account_receivable_turnover_ratio": null,
            "reinvestment_rate": null,
            "research_to_sale_ratio": null,
            "price_fair": 0,
            "eps_avg_yearly": 0,
            "eps_latest_yearly": 0,
            "eps_growth_yearly": 0
        },
        "20022": {
            "year_quarter": 20022,
            "year": 2002,
            "quarter": 2,
            "eps": null,
            "eps_growth_year": null,
            "eps_4q": null,
            "eps_4q_growth_year": null,
            "roe": null,
            "roe_4q": 0,
            "gross_profit": null,
            "gross_margin": null,
            "gross_margin_4q_avg": 0,
            "net_income": null,
            "net_income_4q": null,
            "revenue": null,
            "revenue_4q": null,
            "common_shares": null,
            "book_valuer_per_share": null,
            "book_valuer_per_share_4q_avg": 0,
            "equity": null,
            "current_ratio": null,
            "debt_ratio": null,
            "inventory_turnover_ratio": null,
            "account_receivable_turnover_ratio": null,
            "reinvestment_rate": null,
            "research_to_sale_ratio": null,
            "price_fair": 0,
            "eps_avg_yearly": 0,
            "eps_latest_yearly": 0,
            "eps_growth_yearly": 0
        },
        "20023": {
            "year_quarter": 20023,
            "year": 2002,
            "quarter": 3,
            "eps": null,
            "eps_growth_year": null,
            "eps_4q": null,
            "eps_4q_growth_year": null,
            "roe": null,
            "roe_4q": 0,
            "gross_profit": null,
            "gross_margin": null,
            "gross_margin_4q_avg": 0,
            "net_income": null,
            "net_income_4q": null,
            "revenue": null,
            "revenue_4q": null,
            "common_shares": null,
            "book_valuer_per_share": null,
            "book_valuer_per_share_4q_avg": 0,
            "equity": null,
            "current_ratio": null,
            "debt_ratio": null,
            "inventory_turnover_ratio": null,
            "account_receivable_turnover_ratio": null,
            "reinvestment_rate": null,
            "research_to_sale_ratio": null,
            "price_fair": 0,
            "eps_avg_yearly": 0,
            "eps_latest_yearly": 0,
            "eps_growth_yearly": 0
        },
        "20024": {
            "year_quarter": 20024,
            "year": 2002,
            "quarter": 4,
            "eps": null,
            "eps_growth_year": null,
            "eps_4q": null,
            "eps_4q_growth_year": null,
            "roe": null,
            "roe_4q": 0,
            "gross_profit": null,
            "gross_margin": null,
            "gross_margin_4q_avg": 0,
            "net_income": null,
            "net_income_4q": null,
            "revenue": null,
            "revenue_4q": null,
            "common_shares": null,
            "book_valuer_per_share": null,
            "book_valuer_per_share_4q_avg": 0,
            "equity": null,
            "current_ratio": null,
            "debt_ratio": null,
            "inventory_turnover_ratio": null,
            "account_receivable_turnover_ratio": null,
            "reinvestment_rate": null,
            "research_to_sale_ratio": null,
            "price_fair": 0,
            "eps_avg_yearly": 0,
            "eps_latest_yearly": 0,
            "eps_growth_yearly": 0
        },
        "20031": {
            "year_quarter": 20031,
            "year": 2003,
            "quarter": 1,
            "eps": null,
            "eps_growth_year": null,
            "eps_4q": null,
            "eps_4q_growth_year": null,
            "roe": null,
            "roe_4q": 0,
            "gross_profit": null,
            "gross_margin": null,
            "gross_margin_4q_avg": 0,
            "net_income": null,
            "net_income_4q": null,
            "revenue": null,
            "revenue_4q": null,
            "common_shares": null,
            "book_valuer_per_share": null,
            "book_valuer_per_share_4q_avg": 0,
            "equity": null,
            "current_ratio": null,
            "debt_ratio": null,
            "inventory_turnover_ratio": null,
            "account_receivable_turnover_ratio": null,
            "reinvestment_rate": null,
            "research_to_sale_ratio": null,
            "price_fair": 0,
            "eps_avg_yearly": 0,
            "eps_latest_yearly": 0,
            "eps_growth_yearly": 0
        },
        "20032": {
            "year_quarter": 20032,
            "year": 2003,
            "quarter": 2,
            "eps": null,
            "eps_growth_year": null,
            "eps_4q": null,
            "eps_4q_growth_year": null,
            "roe": null,
            "roe_4q": 0,
            "gross_profit": null,
            "gross_margin": null,
            "gross_margin_4q_avg": 0,
            "net_income": null,
            "net_income_4q": null,
            "revenue": null,
            "revenue_4q": null,
            "common_shares": null,
            "book_valuer_per_share": null,
            "book_valuer_per_share_4q_avg": 0,
            "equity": null,
            "current_ratio": null,
            "debt_ratio": null,
            "inventory_turnover_ratio": null,
            "account_receivable_turnover_ratio": null,
            "reinvestment_rate": null,
            "research_to_sale_ratio": null,
            "price_fair": 0,
            "eps_avg_yearly": 0,
            "eps_latest_yearly": 0,
            "eps_growth_yearly": 0
        },
        "20033": {
            "year_quarter": 20033,
            "year": 2003,
            "quarter": 3,
            "eps": null,
            "eps_growth_year": null,
            "eps_4q": null,
            "eps_4q_growth_year": null,
            "roe": null,
            "roe_4q": 0,
            "gross_profit": null,
            "gross_margin": null,
            "gross_margin_4q_avg": 0,
            "net_income": null,
            "net_income_4q": null,
            "revenue": null,
            "revenue_4q": null,
            "common_shares": null,
            "book_valuer_per_share": null,
            "book_valuer_per_share_4q_avg": 0,
            "equity": null,
            "current_ratio": null,
            "debt_ratio": null,
            "inventory_turnover_ratio": null,
            "account_receivable_turnover_ratio": null,
            "reinvestment_rate": null,
            "research_to_sale_ratio": null,
            "price_fair": 0,
            "eps_avg_yearly": 0,
            "eps_latest_yearly": 0,
            "eps_growth_yearly": 0
        },
        "20034": {
            "year_quarter": 20034,
            "year": 2003,
            "quarter": 4,
            "eps": null,
            "eps_growth_year": null,
            "eps_4q": null,
            "eps_4q_growth_year": null,
            "roe": null,
            "roe_4q": 0,
            "gross_profit": null,
            "gross_margin": null,
            "gross_margin_4q_avg": 0,
            "net_income": null,
            "net_income_4q": null,
            "revenue": null,
            "revenue_4q": null,
            "common_shares": null,
            "book_valuer_per_share": null,
            "book_valuer_per_share_4q_avg": 0,
            "equity": null,
            "current_ratio": null,
            "debt_ratio": null,
            "inventory_turnover_ratio": null,
            "account_receivable_turnover_ratio": null,
            "reinvestment_rate": null,
            "research_to_sale_ratio": null,
            "price_fair": 0,
            "eps_avg_yearly": 0,
            "eps_latest_yearly": 0,
            "eps_growth_yearly": 0
        },
        "20041": {
            "year_quarter": 20041,
            "year": 2004,
            "quarter": 1,
            "eps": null,
            "eps_growth_year": null,
            "eps_4q": null,
            "eps_4q_growth_year": null,
            "roe": null,
            "roe_4q": 0,
            "gross_profit": null,
            "gross_margin": null,
            "gross_margin_4q_avg": 0,
            "net_income": null,
            "net_income_4q": null,
            "revenue": null,
            "revenue_4q": null,
            "common_shares": null,
            "book_valuer_per_share": null,
            "book_valuer_per_share_4q_avg": 0,
            "equity": null,
            "current_ratio": null,
            "debt_ratio": null,
            "inventory_turnover_ratio": null,
            "account_receivable_turnover_ratio": null,
            "reinvestment_rate": null,
            "research_to_sale_ratio": null,
            "price_fair": 0,
            "eps_avg_yearly": 0,
            "eps_latest_yearly": 0,
            "eps_growth_yearly": 0
        },
        "20042": {
            "year_quarter": 20042,
            "year": 2004,
            "quarter": 2,
            "eps": null,
            "eps_growth_year": null,
            "eps_4q": null,
            "eps_4q_growth_year": null,
            "roe": null,
            "roe_4q": 0,
            "gross_profit": null,
            "gross_margin": null,
            "gross_margin_4q_avg": 0,
            "net_income": null,
            "net_income_4q": null,
            "revenue": null,
            "revenue_4q": null,
            "common_shares": null,
            "book_valuer_per_share": null,
            "book_valuer_per_share_4q_avg": 0,
            "equity": null,
            "current_ratio": null,
            "debt_ratio": null,
            "inventory_turnover_ratio": null,
            "account_receivable_turnover_ratio": null,
            "reinvestment_rate": null,
            "research_to_sale_ratio": null,
            "price_fair": 0,
            "eps_avg_yearly": 0,
            "eps_latest_yearly": 0,
            "eps_growth_yearly": 0
        },
        "20043": {
            "year_quarter": 20043,
            "year": 2004,
            "quarter": 3,
            "eps": null,
            "eps_growth_year": null,
            "eps_4q": null,
            "eps_4q_growth_year": null,
            "roe": null,
            "roe_4q": 0,
            "gross_profit": null,
            "gross_margin": null,
            "gross_margin_4q_avg": 0,
            "net_income": null,
            "net_income_4q": null,
            "revenue": null,
            "revenue_4q": null,
            "common_shares": null,
            "book_valuer_per_share": null,
            "book_valuer_per_share_4q_avg": 0,
            "equity": null,
            "current_ratio": null,
            "debt_ratio": null,
            "inventory_turnover_ratio": null,
            "account_receivable_turnover_ratio": null,
            "reinvestment_rate": null,
            "research_to_sale_ratio": null,
            "price_fair": 0,
            "eps_avg_yearly": 0,
            "eps_latest_yearly": 0,
            "eps_growth_yearly": 0
        },
        "20044": {
            "year_quarter": 20044,
            "year": 2004,
            "quarter": 4,
            "eps": null,
            "eps_growth_year": null,
            "eps_4q": null,
            "eps_4q_growth_year": null,
            "roe": null,
            "roe_4q": 0,
            "gross_profit": null,
            "gross_margin": null,
            "gross_margin_4q_avg": 0,
            "net_income": null,
            "net_income_4q": null,
            "revenue": null,
            "revenue_4q": null,
            "common_shares": 320000,
            "book_valuer_per_share": 12.47,
            "book_valuer_per_share_4q_avg": 3.12,
            "equity": 399132,
            "current_ratio": 145.9,
            "debt_ratio": 31.49,
            "inventory_turnover_ratio": null,
            "account_receivable_turnover_ratio": null,
            "reinvestment_rate": null,
            "research_to_sale_ratio": null,
            "price_fair": 0,
            "eps_avg_yearly": 0,
            "eps_latest_yearly": 0,
            "eps_growth_yearly": 0
        },
        "20051": {
            "year_quarter": 20051,
            "year": 2005,
            "quarter": 1,
            "eps": null,
            "eps_growth_year": null,
            "eps_4q": null,
            "eps_4q_growth_year": null,
            "roe": null,
            "roe_4q": 0,
            "gross_profit": null,
            "gross_margin": null,
            "gross_margin_4q_avg": 0,
            "net_income": null,
            "net_income_4q": null,
            "revenue": null,
            "revenue_4q": null,
            "common_shares": null,
            "book_valuer_per_share": null,
            "book_valuer_per_share_4q_avg": 3.12,
            "equity": null,
            "current_ratio": null,
            "debt_ratio": null,
            "inventory_turnover_ratio": null,
            "account_receivable_turnover_ratio": null,
            "reinvestment_rate": null,
            "research_to_sale_ratio": null,
            "price_fair": 0,
            "eps_avg_yearly": 0,
            "eps_latest_yearly": 0,
            "eps_growth_yearly": 0
        },
        "20052": {
            "year_quarter": 20052,
            "year": 2005,
            "quarter": 2,
            "eps": null,
            "eps_growth_year": null,
            "eps_4q": null,
            "eps_4q_growth_year": null,
            "roe": null,
            "roe_4q": 0,
            "gross_profit": null,
            "gross_margin": null,
            "gross_margin_4q_avg": 0,
            "net_income": null,
            "net_income_4q": null,
            "revenue": null,
            "revenue_4q": null,
            "common_shares": null,
            "book_valuer_per_share": null,
            "book_valuer_per_share_4q_avg": 3.12,
            "equity": null,
            "current_ratio": null,
            "debt_ratio": null,
            "inventory_turnover_ratio": null,
            "account_receivable_turnover_ratio": null,
            "reinvestment_rate": null,
            "research_to_sale_ratio": null,
            "price_fair": 0,
            "eps_avg_yearly": 0,
            "eps_latest_yearly": 0,
            "eps_growth_yearly": 0
        },
        "20053": {
            "year_quarter": 20053,
            "year": 2005,
            "quarter": 3,
            "eps": null,
            "eps_growth_year": null,
            "eps_4q": null,
            "eps_4q_growth_year": null,
            "roe": null,
            "roe_4q": 0,
            "gross_profit": null,
            "gross_margin": null,
            "gross_margin_4q_avg": 0,
            "net_income": null,
            "net_income_4q": null,
            "revenue": null,
            "revenue_4q": null,
            "common_shares": null,
            "book_valuer_per_share": null,
            "book_valuer_per_share_4q_avg": 3.12,
            "equity": null,
            "current_ratio": null,
            "debt_ratio": null,
            "inventory_turnover_ratio": null,
            "account_receivable_turnover_ratio": null,
            "reinvestment_rate": null,
            "research_to_sale_ratio": null,
            "price_fair": 0,
            "eps_avg_yearly": 0,
            "eps_latest_yearly": 0,
            "eps_growth_yearly": 0
        },
        "20054": {
            "year_quarter": 20054,
            "year": 2005,
            "quarter": 4,
            "eps": null,
            "eps_growth_year": null,
            "eps_4q": null,
            "eps_4q_growth_year": null,
            "roe": null,
            "roe_4q": 0,
            "gross_profit": null,
            "gross_margin": null,
            "gross_margin_4q_avg": 0,
            "net_income": null,
            "net_income_4q": null,
            "revenue": null,
            "revenue_4q": null,
            "common_shares": 320000,
            "book_valuer_per_share": 13.84,
            "book_valuer_per_share_4q_avg": 3.46,
            "equity": 442853,
            "current_ratio": 156.56,
            "debt_ratio": 32.81,
            "inventory_turnover_ratio": null,
            "account_receivable_turnover_ratio": null,
            "reinvestment_rate": null,
            "research_to_sale_ratio": null,
            "price_fair": 0,
            "eps_avg_yearly": 0,
            "eps_latest_yearly": 0,
            "eps_growth_yearly": 0
        },
        "20061": {
            "year_quarter": 20061,
            "year": 2006,
            "quarter": 1,
            "eps": null,
            "eps_growth_year": null,
            "eps_4q": null,
            "eps_4q_growth_year": null,
            "roe": null,
            "roe_4q": 0,
            "gross_profit": null,
            "gross_margin": null,
            "gross_margin_4q_avg": 0,
            "net_income": null,
            "net_income_4q": null,
            "revenue": null,
            "revenue_4q": null,
            "common_shares": null,
            "book_valuer_per_share": null,
            "book_valuer_per_share_4q_avg": 3.46,
            "equity": null,
            "current_ratio": null,
            "debt_ratio": null,
            "inventory_turnover_ratio": null,
            "account_receivable_turnover_ratio": null,
            "reinvestment_rate": null,
            "research_to_sale_ratio": null,
            "price_fair": 0,
            "eps_avg_yearly": 0,
            "eps_latest_yearly": 0,
            "eps_growth_yearly": 0
        },
        "20062": {
            "year_quarter": 20062,
            "year": 2006,
            "quarter": 2,
            "eps": null,
            "eps_growth_year": null,
            "eps_4q": null,
            "eps_4q_growth_year": null,
            "roe": null,
            "roe_4q": 0,
            "gross_profit": null,
            "gross_margin": null,
            "gross_margin_4q_avg": 0,
            "net_income": null,
            "net_income_4q": null,
            "revenue": null,
            "revenue_4q": null,
            "common_shares": null,
            "book_valuer_per_share": null,
            "book_valuer_per_share_4q_avg": 3.46,
            "equity": null,
            "current_ratio": null,
            "debt_ratio": null,
            "inventory_turnover_ratio": null,
            "account_receivable_turnover_ratio": null,
            "reinvestment_rate": null,
            "research_to_sale_ratio": null,
            "price_fair": 0,
            "eps_avg_yearly": 0,
            "eps_latest_yearly": 0,
            "eps_growth_yearly": 0
        },
        "20063": {
            "year_quarter": 20063,
            "year": 2006,
            "quarter": 3,
            "eps": null,
            "eps_growth_year": null,
            "eps_4q": null,
            "eps_4q_growth_year": null,
            "roe": null,
            "roe_4q": 0,
            "gross_profit": null,
            "gross_margin": null,
            "gross_margin_4q_avg": 0,
            "net_income": null,
            "net_income_4q": null,
            "revenue": null,
            "revenue_4q": null,
            "common_shares": null,
            "book_valuer_per_share": null,
            "book_valuer_per_share_4q_avg": 3.46,
            "equity": null,
            "current_ratio": null,
            "debt_ratio": null,
            "inventory_turnover_ratio": null,
            "account_receivable_turnover_ratio": null,
            "reinvestment_rate": null,
            "research_to_sale_ratio": null,
            "price_fair": 0,
            "eps_avg_yearly": 0,
            "eps_latest_yearly": 0,
            "eps_growth_yearly": 0
        },
        "20064": {
            "year_quarter": 20064,
            "year": 2006,
            "quarter": 4,
            "eps": null,
            "eps_growth_year": null,
            "eps_4q": null,
            "eps_4q_growth_year": null,
            "roe": null,
            "roe_4q": 0,
            "gross_profit": null,
            "gross_margin": null,
            "gross_margin_4q_avg": 0,
            "net_income": null,
            "net_income_4q": null,
            "revenue": null,
            "revenue_4q": null,
            "common_shares": 320000,
            "book_valuer_per_share": 15.06,
            "book_valuer_per_share_4q_avg": 3.77,
            "equity": 481827,
            "current_ratio": 183.03,
            "debt_ratio": 31.99,
            "inventory_turnover_ratio": null,
            "account_receivable_turnover_ratio": null,
            "reinvestment_rate": null,
            "research_to_sale_ratio": null,
            "price_fair": 0,
            "eps_avg_yearly": 0,
            "eps_latest_yearly": 0,
            "eps_growth_yearly": 0
        },
        "20071": {
            "year_quarter": 20071,
            "year": 2007,
            "quarter": 1,
            "eps": null,
            "eps_growth_year": null,
            "eps_4q": null,
            "eps_4q_growth_year": null,
            "roe": null,
            "roe_4q": 0,
            "gross_profit": null,
            "gross_margin": null,
            "gross_margin_4q_avg": 0,
            "net_income": null,
            "net_income_4q": null,
            "revenue": null,
            "revenue_4q": null,
            "common_shares": null,
            "book_valuer_per_share": null,
            "book_valuer_per_share_4q_avg": 3.77,
            "equity": null,
            "current_ratio": null,
            "debt_ratio": null,
            "inventory_turnover_ratio": null,
            "account_receivable_turnover_ratio": null,
            "reinvestment_rate": null,
            "research_to_sale_ratio": null,
            "price_fair": 0,
            "eps_avg_yearly": 0,
            "eps_latest_yearly": 0,
            "eps_growth_yearly": 0
        },
        "20072": {
            "year_quarter": 20072,
            "year": 2007,
            "quarter": 2,
            "eps": null,
            "eps_growth_year": null,
            "eps_4q": null,
            "eps_4q_growth_year": null,
            "roe": null,
            "roe_4q": 0,
            "gross_profit": null,
            "gross_margin": null,
            "gross_margin_4q_avg": 0,
            "net_income": null,
            "net_income_4q": null,
            "revenue": null,
            "revenue_4q": null,
            "common_shares": null,
            "book_valuer_per_share": null,
            "book_valuer_per_share_4q_avg": 3.77,
            "equity": null,
            "current_ratio": null,
            "debt_ratio": null,
            "inventory_turnover_ratio": null,
            "account_receivable_turnover_ratio": null,
            "reinvestment_rate": null,
            "research_to_sale_ratio": null,
            "price_fair": 0,
            "eps_avg_yearly": 0,
            "eps_latest_yearly": 0,
            "eps_growth_yearly": 0
        },
        "20073": {
            "year_quarter": 20073,
            "year": 2007,
            "quarter": 3,
            "eps": null,
            "eps_growth_year": null,
            "eps_4q": null,
            "eps_4q_growth_year": null,
            "roe": null,
            "roe_4q": 0,
            "gross_profit": null,
            "gross_margin": null,
            "gross_margin_4q_avg": 0,
            "net_income": null,
            "net_income_4q": null,
            "revenue": null,
            "revenue_4q": null,
            "common_shares": null,
            "book_valuer_per_share": null,
            "book_valuer_per_share_4q_avg": 3.77,
            "equity": null,
            "current_ratio": null,
            "debt_ratio": null,
            "inventory_turnover_ratio": null,
            "account_receivable_turnover_ratio": null,
            "reinvestment_rate": null,
            "research_to_sale_ratio": null,
            "price_fair": 0,
            "eps_avg_yearly": 0,
            "eps_latest_yearly": 0,
            "eps_growth_yearly": 0
        },
        "20074": {
            "year_quarter": 20074,
            "year": 2007,
            "quarter": 4,
            "eps": null,
            "eps_growth_year": null,
            "eps_4q": null,
            "eps_4q_growth_year": null,
            "roe": null,
            "roe_4q": 0,
            "gross_profit": null,
            "gross_margin": null,
            "gross_margin_4q_avg": 0,
            "net_income": null,
            "net_income_4q": null,
            "revenue": null,
            "revenue_4q": null,
            "common_shares": 352000,
            "book_valuer_per_share": 15.71,
            "book_valuer_per_share_4q_avg": 3.93,
            "equity": 552982,
            "current_ratio": 205.49,
            "debt_ratio": 30.33,
            "inventory_turnover_ratio": null,
            "account_receivable_turnover_ratio": null,
            "reinvestment_rate": null,
            "research_to_sale_ratio": null,
            "price_fair": 0,
            "eps_avg_yearly": 0,
            "eps_latest_yearly": 0,
            "eps_growth_yearly": 0
        },
        "20081": {
            "year_quarter": 20081,
            "year": 2008,
            "quarter": 1,
            "eps": null,
            "eps_growth_year": null,
            "eps_4q": null,
            "eps_4q_growth_year": null,
            "roe": null,
            "roe_4q": 0,
            "gross_profit": null,
            "gross_margin": null,
            "gross_margin_4q_avg": 0,
            "net_income": null,
            "net_income_4q": null,
            "revenue": null,
            "revenue_4q": null,
            "common_shares": null,
            "book_valuer_per_share": null,
            "book_valuer_per_share_4q_avg": 3.93,
            "equity": null,
            "current_ratio": null,
            "debt_ratio": null,
            "inventory_turnover_ratio": null,
            "account_receivable_turnover_ratio": null,
            "reinvestment_rate": null,
            "research_to_sale_ratio": null,
            "price_fair": 0,
            "eps_avg_yearly": 0,
            "eps_latest_yearly": 0,
            "eps_growth_yearly": 0
        },
        "20082": {
            "year_quarter": 20082,
            "year": 2008,
            "quarter": 2,
            "eps": null,
            "eps_growth_year": null,
            "eps_4q": null,
            "eps_4q_growth_year": null,
            "roe": null,
            "roe_4q": 0,
            "gross_profit": null,
            "gross_margin": null,
            "gross_margin_4q_avg": 0,
            "net_income": null,
            "net_income_4q": null,
            "revenue": null,
            "revenue_4q": null,
            "common_shares": null,
            "book_valuer_per_share": null,
            "book_valuer_per_share_4q_avg": 3.93,
            "equity": null,
            "current_ratio": null,
            "debt_ratio": null,
            "inventory_turnover_ratio": null,
            "account_receivable_turnover_ratio": null,
            "reinvestment_rate": null,
            "research_to_sale_ratio": null,
            "price_fair": 0,
            "eps_avg_yearly": 0,
            "eps_latest_yearly": 0,
            "eps_growth_yearly": 0
        },
        "20083": {
            "year_quarter": 20083,
            "year": 2008,
            "quarter": 3,
            "eps": null,
            "eps_growth_year": null,
            "eps_4q": null,
            "eps_4q_growth_year": null,
            "roe": null,
            "roe_4q": 0,
            "gross_profit": null,
            "gross_margin": null,
            "gross_margin_4q_avg": 0,
            "net_income": null,
            "net_income_4q": null,
            "revenue": null,
            "revenue_4q": null,
            "common_shares": null,
            "book_valuer_per_share": null,
            "book_valuer_per_share_4q_avg": 3.93,
            "equity": null,
            "current_ratio": null,
            "debt_ratio": null,
            "inventory_turnover_ratio": null,
            "account_receivable_turnover_ratio": null,
            "reinvestment_rate": null,
            "research_to_sale_ratio": null,
            "price_fair": 0,
            "eps_avg_yearly": 0,
            "eps_latest_yearly": 0,
            "eps_growth_yearly": 0
        },
        "20084": {
            "year_quarter": 20084,
            "year": 2008,
            "quarter": 4,
            "eps": null,
            "eps_growth_year": null,
            "eps_4q": null,
            "eps_4q_growth_year": null,
            "roe": null,
            "roe_4q": 0,
            "gross_profit": null,
            "gross_margin": null,
            "gross_margin_4q_avg": 0,
            "net_income": null,
            "net_income_4q": null,
            "revenue": null,
            "revenue_4q": null,
            "common_shares": 536307,
            "book_valuer_per_share": 19.3,
            "book_valuer_per_share_4q_avg": 4.83,
            "equity": 1035197,
            "current_ratio": 192.26,
            "debt_ratio": 34.73,
            "inventory_turnover_ratio": null,
            "account_receivable_turnover_ratio": null,
            "reinvestment_rate": null,
            "research_to_sale_ratio": null,
            "price_fair": 0,
            "eps_avg_yearly": 0,
            "eps_latest_yearly": 0,
            "eps_growth_yearly": 0
        },
        "20091": {
            "year_quarter": 20091,
            "year": 2009,
            "quarter": 1,
            "eps": null,
            "eps_growth_year": null,
            "eps_4q": null,
            "eps_4q_growth_year": null,
            "roe": null,
            "roe_4q": 0,
            "gross_profit": null,
            "gross_margin": null,
            "gross_margin_4q_avg": 0,
            "net_income": null,
            "net_income_4q": null,
            "revenue": null,
            "revenue_4q": null,
            "common_shares": null,
            "book_valuer_per_share": null,
            "book_valuer_per_share_4q_avg": 4.83,
            "equity": null,
            "current_ratio": null,
            "debt_ratio": null,
            "inventory_turnover_ratio": null,
            "account_receivable_turnover_ratio": null,
            "reinvestment_rate": null,
            "research_to_sale_ratio": null,
            "price_fair": 0,
            "eps_avg_yearly": 0,
            "eps_latest_yearly": 0,
            "eps_growth_yearly": 0
        },
        "20092": {
            "year_quarter": 20092,
            "year": 2009,
            "quarter": 2,
            "eps": null,
            "eps_growth_year": null,
            "eps_4q": null,
            "eps_4q_growth_year": null,
            "roe": null,
            "roe_4q": 0,
            "gross_profit": null,
            "gross_margin": null,
            "gross_margin_4q_avg": 0,
            "net_income": null,
            "net_income_4q": null,
            "revenue": null,
            "revenue_4q": null,
            "common_shares": 600000,
            "book_valuer_per_share": null,
            "book_valuer_per_share_4q_avg": 4.83,
            "equity": 1230990,
            "current_ratio": null,
            "debt_ratio": null,
            "inventory_turnover_ratio": null,
            "account_receivable_turnover_ratio": null,
            "reinvestment_rate": null,
            "research_to_sale_ratio": null,
            "price_fair": 0,
            "eps_avg_yearly": 0,
            "eps_latest_yearly": 0,
            "eps_growth_yearly": 0
        },
        "20093": {
            "year_quarter": 20093,
            "year": 2009,
            "quarter": 3,
            "eps": 0.19,
            "eps_growth_year": null,
            "eps_4q": null,
            "eps_4q_growth_year": null,
            "roe": 0.88,
            "roe_4q": 0.88,
            "gross_profit": 68454,
            "gross_margin": 21.59,
            "gross_margin_4q_avg": 5.4,
            "net_income": 10878,
            "net_income_4q": null,
            "revenue": 317068,
            "revenue_4q": null,
            "common_shares": 600000,
            "book_valuer_per_share": 20.7,
            "book_valuer_per_share_4q_avg": 10,
            "equity": 1241868,
            "current_ratio": 273.12,
            "debt_ratio": 19.09,
            "inventory_turnover_ratio": 0.84,
            "account_receivable_turnover_ratio": 1.18,
            "reinvestment_rate": null,
            "research_to_sale_ratio": null,
            "price_fair": 0,
            "eps_avg_yearly": 0,
            "eps_latest_yearly": 0,
            "eps_growth_yearly": 0
        },
        "20094": {
            "year_quarter": 20094,
            "year": 2009,
            "quarter": 4,
            "eps": 1.54,
            "eps_growth_year": null,
            "eps_4q": null,
            "eps_4q_growth_year": null,
            "roe": 7.04,
            "roe_4q": 7.92,
            "gross_profit": 168181,
            "gross_margin": 26.4,
            "gross_margin_4q_avg": 12,
            "net_income": 90624,
            "net_income_4q": null,
            "revenue": 637139,
            "revenue_4q": null,
            "common_shares": 600000,
            "book_valuer_per_share": 22.21,
            "book_valuer_per_share_4q_avg": 10.73,
            "equity": 1332492,
            "current_ratio": 249.21,
            "debt_ratio": 21.26,
            "inventory_turnover_ratio": 1.48,
            "account_receivable_turnover_ratio": 1.84,
            "reinvestment_rate": null,
            "research_to_sale_ratio": null,
            "price_fair": 215.6,
            "eps_avg_yearly": 6.16,
            "eps_latest_yearly": 6.16,
            "eps_growth_yearly": 2842.11
        },
        "20101": {
            "year_quarter": 20101,
            "year": 2010,
            "quarter": 1,
            "eps": null,
            "eps_growth_year": null,
            "eps_4q": null,
            "eps_4q_growth_year": null,
            "roe": null,
            "roe_4q": 7.92,
            "gross_profit": 85494,
            "gross_margin": null,
            "gross_margin_4q_avg": 12,
            "net_income": 20792,
            "net_income_4q": null,
            "revenue": 436657,
            "revenue_4q": null,
            "common_shares": 600000,
            "book_valuer_per_share": 22.55,
            "book_valuer_per_share_4q_avg": 16.37,
            "equity": 1353284,
            "current_ratio": 215.16,
            "debt_ratio": 23.78,
            "inventory_turnover_ratio": null,
            "account_receivable_turnover_ratio": null,
            "reinvestment_rate": null,
            "research_to_sale_ratio": null,
            "price_fair": 215.6,
            "eps_avg_yearly": 6.16,
            "eps_latest_yearly": 6.16,
            "eps_growth_yearly": 2842.11
        },
        "20102": {
            "year_quarter": 20102,
            "year": 2010,
            "quarter": 2,
            "eps": 1.77,
            "eps_growth_year": null,
            "eps_4q": 3.44,
            "eps_4q_growth_year": null,
            "roe": 8.21,
            "roe_4q": 16.13,
            "gross_profit": 192337,
            "gross_margin": 26.82,
            "gross_margin_4q_avg": 18.7,
            "net_income": 107942,
            "net_income_4q": null,
            "revenue": 717234,
            "revenue_4q": null,
            "common_shares": 609320,
            "book_valuer_per_share": 0,
            "book_valuer_per_share_4q_avg": 16.37,
            "equity": 1275458,
            "current_ratio": 152.3,
            "debt_ratio": 41.76,
            "inventory_turnover_ratio": 1.4,
            "account_receivable_turnover_ratio": 2.25,
            "reinvestment_rate": null,
            "research_to_sale_ratio": null,
            "price_fair": 215.6,
            "eps_avg_yearly": 6.16,
            "eps_latest_yearly": 6.16,
            "eps_growth_yearly": 2842.11
        },
        "20103": {
            "year_quarter": 20103,
            "year": 2010,
            "quarter": 3,
            "eps": 1.12,
            "eps_growth_year": 489.66,
            "eps_4q": 4.38,
            "eps_4q_growth_year": null,
            "roe": 5.21,
            "roe_4q": 20.46,
            "gross_profit": 180988,
            "gross_margin": 26.22,
            "gross_margin_4q_avg": 19.86,
            "net_income": 68265,
            "net_income_4q": null,
            "revenue": 690261,
            "revenue_4q": null,
            "common_shares": 609320,
            "book_valuer_per_share": 0,
            "book_valuer_per_share_4q_avg": 11.19,
            "equity": 1343723,
            "current_ratio": 146.28,
            "debt_ratio": 42.53,
            "inventory_turnover_ratio": 1.31,
            "account_receivable_turnover_ratio": 1.04,
            "reinvestment_rate": null,
            "research_to_sale_ratio": 3.84,
            "price_fair": 186.2,
            "eps_avg_yearly": 5.32,
            "eps_latest_yearly": 4.48,
            "eps_growth_yearly": 1347.61
        },
        "20104": {
            "year_quarter": 20104,
            "year": 2010,
            "quarter": 4,
            "eps": 0.81,
            "eps_growth_year": -47.12,
            "eps_4q": 3.71,
            "eps_4q_growth_year": null,
            "roe": 3.63,
            "roe_4q": 17.05,
            "gross_profit": 139129,
            "gross_margin": 21.02,
            "gross_margin_4q_avg": 18.52,
            "net_income": 49622,
            "net_income_4q": null,
            "revenue": 661762,
            "revenue_4q": null,
            "common_shares": 609320,
            "book_valuer_per_share": 22.87,
            "book_valuer_per_share_4q_avg": 11.36,
            "equity": 1393345,
            "current_ratio": 150,
            "debt_ratio": 41.34,
            "inventory_turnover_ratio": 1.22,
            "account_receivable_turnover_ratio": 1.02,
            "reinvestment_rate": null,
            "research_to_sale_ratio": 4.1,
            "price_fair": 161.93,
            "eps_avg_yearly": 4.63,
            "eps_latest_yearly": 3.24,
            "eps_growth_yearly": 861.5
        },
        "20111": {
            "year_quarter": 20111,
            "year": 2011,
            "quarter": 1,
            "eps": 1.06,
            "eps_growth_year": null,
            "eps_4q": 4.37,
            "eps_4q_growth_year": null,
            "roe": 4.04,
            "roe_4q": 21.09,
            "gross_profit": 155145,
            "gross_margin": 25.75,
            "gross_margin_4q_avg": 24.95,
            "net_income": 67317,
            "net_income_4q": null,
            "revenue": 602456,
            "revenue_4q": null,
            "common_shares": 670570,
            "book_valuer_per_share": 28.86,
            "book_valuer_per_share_4q_avg": 12.93,
            "equity": 1935486,
            "current_ratio": 308.03,
            "debt_ratio": 20.54,
            "inventory_turnover_ratio": 0.96,
            "account_receivable_turnover_ratio": 1,
            "reinvestment_rate": null,
            "research_to_sale_ratio": 4.46,
            "price_fair": 158.55,
            "eps_avg_yearly": 4.53,
            "eps_latest_yearly": 4.24,
            "eps_growth_yearly": 676.99
        },
        "20112": {
            "year_quarter": 20112,
            "year": 2011,
            "quarter": 2,
            "eps": 0.68,
            "eps_growth_year": -61.48,
            "eps_4q": 3.44,
            "eps_4q_growth_year": 0.2,
            "roe": 2.49,
            "roe_4q": 15.370000000000001,
            "gross_profit": 130884,
            "gross_margin": 22.38,
            "gross_margin_4q_avg": 23.84,
            "net_income": 45756,
            "net_income_4q": null,
            "revenue": 584779,
            "revenue_4q": null,
            "common_shares": 670570,
            "book_valuer_per_share": 26.05,
            "book_valuer_per_share_4q_avg": 19.45,
            "equity": 1746542,
            "current_ratio": 184.02,
            "debt_ratio": 31.14,
            "inventory_turnover_ratio": 0.83,
            "account_receivable_turnover_ratio": 1.01,
            "reinvestment_rate": null,
            "research_to_sale_ratio": 5.28,
            "price_fair": 145.88,
            "eps_avg_yearly": 4.17,
            "eps_latest_yearly": 2.72,
            "eps_growth_yearly": 512.91
        },
        "20113": {
            "year_quarter": 20113,
            "year": 2011,
            "quarter": 3,
            "eps": 0.96,
            "eps_growth_year": -14.42,
            "eps_4q": 3.39,
            "eps_4q_growth_year": -22.7,
            "roe": 3.6,
            "roe_4q": 13.759999999999998,
            "gross_profit": 149605,
            "gross_margin": 20.65,
            "gross_margin_4q_avg": 22.45,
            "net_income": 64295,
            "net_income_4q": null,
            "revenue": 724544,
            "revenue_4q": null,
            "common_shares": 670570,
            "book_valuer_per_share": 27.23,
            "book_valuer_per_share_4q_avg": 26.25,
            "equity": 1826194,
            "current_ratio": 161.15,
            "debt_ratio": 35.97,
            "inventory_turnover_ratio": 0.93,
            "account_receivable_turnover_ratio": 1.13,
            "reinvestment_rate": null,
            "research_to_sale_ratio": 4.99,
            "price_fair": 143.97,
            "eps_avg_yearly": 4.11,
            "eps_latest_yearly": 3.84,
            "eps_growth_yearly": 454.88
        },
        "20114": {
            "year_quarter": 20114,
            "year": 2011,
            "quarter": 4,
            "eps": 0.8,
            "eps_growth_year": -1.67,
            "eps_4q": 3.45,
            "eps_4q_growth_year": -7.03,
            "roe": 2.9,
            "roe_4q": 13.030000000000001,
            "gross_profit": 149600,
            "gross_margin": 20.96,
            "gross_margin_4q_avg": 22.44,
            "net_income": 53699,
            "net_income_4q": null,
            "revenue": 713868,
            "revenue_4q": null,
            "common_shares": 670570,
            "book_valuer_per_share": 28.03,
            "book_valuer_per_share_4q_avg": 27.54,
            "equity": 1879834,
            "current_ratio": 125.6,
            "debt_ratio": 39.62,
            "inventory_turnover_ratio": 0.95,
            "account_receivable_turnover_ratio": 0.96,
            "reinvestment_rate": null,
            "research_to_sale_ratio": 6.68,
            "price_fair": 139.4,
            "eps_avg_yearly": 3.98,
            "eps_latest_yearly": 3.2,
            "eps_growth_yearly": 380.37
        },
        "20121": {
            "year_quarter": 20121,
            "year": 2012,
            "quarter": 1,
            "eps": 0.36,
            "eps_growth_year": -66.04,
            "eps_4q": 2.8,
            "eps_4q_growth_year": -36.01,
            "roe": 1.26,
            "roe_4q": 10.25,
            "gross_profit": 120578,
            "gross_margin": 19.09,
            "gross_margin_4q_avg": 20.77,
            "net_income": 23821,
            "net_income_4q": null,
            "revenue": 631733,
            "revenue_4q": null,
            "common_shares": 670570,
            "book_valuer_per_share": 28.39,
            "book_valuer_per_share_4q_avg": 27.43,
            "equity": 1903604,
            "current_ratio": 111.67,
            "debt_ratio": 42.35,
            "inventory_turnover_ratio": 0.83,
            "account_receivable_turnover_ratio": 0.93,
            "reinvestment_rate": null,
            "research_to_sale_ratio": 5.86,
            "price_fair": 128.28,
            "eps_avg_yearly": 3.67,
            "eps_latest_yearly": 1.44,
            "eps_growth_yearly": 305.32
        },
        "20122": {
            "year_quarter": 20122,
            "year": 2012,
            "quarter": 2,
            "eps": 0.35,
            "eps_growth_year": -48.89,
            "eps_4q": 2.46,
            "eps_4q_growth_year": -28.47,
            "roe": 1.3,
            "roe_4q": 9.06,
            "gross_profit": 111658,
            "gross_margin": 17.74,
            "gross_margin_4q_avg": 19.61,
            "net_income": 23386,
            "net_income_4q": null,
            "revenue": 629478,
            "revenue_4q": null,
            "common_shares": 670570,
            "book_valuer_per_share": 25.24,
            "book_valuer_per_share_4q_avg": 27.22,
            "equity": 1692316,
            "current_ratio": 105.48,
            "debt_ratio": 52.01,
            "inventory_turnover_ratio": 0.81,
            "account_receivable_turnover_ratio": 0.97,
            "reinvestment_rate": null,
            "research_to_sale_ratio": 5.2,
            "price_fair": 119.47,
            "eps_avg_yearly": 3.41,
            "eps_latest_yearly": 1.4,
            "eps_growth_yearly": 270.17
        },
        "20123": {
            "year_quarter": 20123,
            "year": 2012,
            "quarter": 3,
            "eps": -0.3,
            "eps_growth_year": -131.75,
            "eps_4q": 1.2,
            "eps_4q_growth_year": -64.54,
            "roe": -1.21,
            "roe_4q": 4.25,
            "gross_profit": 92641,
            "gross_margin": 13.86,
            "gross_margin_4q_avg": 17.91,
            "net_income": -20416,
            "net_income_4q": null,
            "revenue": 668592,
            "revenue_4q": null,
            "common_shares": 670570,
            "book_valuer_per_share": 24.93,
            "book_valuer_per_share_4q_avg": 26.65,
            "equity": 1671843,
            "current_ratio": 99.16,
            "debt_ratio": 55.35,
            "inventory_turnover_ratio": 0.89,
            "account_receivable_turnover_ratio": 1.03,
            "reinvestment_rate": null,
            "research_to_sale_ratio": 7.27,
            "price_fair": 119.47,
            "eps_avg_yearly": 3.41,
            "eps_latest_yearly": 1.4,
            "eps_growth_yearly": 270.17
        },
        "20124": {
            "year_quarter": 20124,
            "year": 2012,
            "quarter": 4,
            "eps": -0.32,
            "eps_growth_year": -140.57,
            "eps_4q": 0.07,
            "eps_4q_growth_year": -97.83,
            "roe": -1.3,
            "roe_4q": 0.050000000000000266,
            "gross_profit": 66335,
            "gross_margin": 11.16,
            "gross_margin_4q_avg": 15.46,
            "net_income": -21788,
            "net_income_4q": null,
            "revenue": 594479,
            "revenue_4q": null,
            "common_shares": 670570,
            "book_valuer_per_share": 24.97,
            "book_valuer_per_share_4q_avg": 25.88,
            "equity": 1674289,
            "current_ratio": 122.38,
            "debt_ratio": 58.51,
            "inventory_turnover_ratio": 0.78,
            "account_receivable_turnover_ratio": 0.94,
            "reinvestment_rate": null,
            "research_to_sale_ratio": 9.07,
            "price_fair": 119.47,
            "eps_avg_yearly": 3.41,
            "eps_latest_yearly": 1.4,
            "eps_growth_yearly": 270.17
        },
        "20131": {
            "year_quarter": 20131,
            "year": 2013,
            "quarter": 1,
            "eps": -2.45,
            "eps_growth_year": -780.56,
            "eps_4q": -2.72,
            "eps_4q_growth_year": -197.12,
            "roe": -10.31,
            "roe_4q": -11.52,
            "gross_profit": -95556,
            "gross_margin": -40.2,
            "gross_margin_4q_avg": 0.64,
            "net_income": -163962,
            "net_income_4q": null,
            "revenue": 237697,
            "revenue_4q": null,
            "common_shares": 672645,
            "book_valuer_per_share": 22.41,
            "book_valuer_per_share_4q_avg": 24.39,
            "equity": 1507513,
            "current_ratio": 101.88,
            "debt_ratio": 62.23,
            "inventory_turnover_ratio": 0.47,
            "account_receivable_turnover_ratio": 0.51,
            "reinvestment_rate": null,
            "research_to_sale_ratio": 14.58,
            "price_fair": 119.47,
            "eps_avg_yearly": 3.41,
            "eps_latest_yearly": 1.4,
            "eps_growth_yearly": 270.17
        },
        "20132": {
            "year_quarter": 20132,
            "year": 2013,
            "quarter": 2,
            "eps": 0.03,
            "eps_growth_year": -91.4,
            "eps_4q": -3.03,
            "eps_4q_growth_year": -223.13,
            "roe": 0.14,
            "roe_4q": -12.68,
            "gross_profit": 112367,
            "gross_margin": 14.43,
            "gross_margin_4q_avg": -0.19,
            "net_income": 2120,
            "net_income_4q": null,
            "revenue": 778550,
            "revenue_4q": null,
            "common_shares": 672686,
            "book_valuer_per_share": 22.44,
            "book_valuer_per_share_4q_avg": 23.69,
            "equity": 1509668,
            "current_ratio": 105.72,
            "debt_ratio": 65.81,
            "inventory_turnover_ratio": 0.94,
            "account_receivable_turnover_ratio": 1.52,
            "reinvestment_rate": 338.21,
            "research_to_sale_ratio": 5.95,
            "price_fair": 119.47,
            "eps_avg_yearly": 3.41,
            "eps_latest_yearly": 1.4,
            "eps_growth_yearly": 270.17
        },
        "20133": {
            "year_quarter": 20133,
            "year": 2013,
            "quarter": 3,
            "eps": 0.63,
            "eps_growth_year": null,
            "eps_4q": -1.69,
            "eps_4q_growth_year": -240.69,
            "roe": 2.34,
            "roe_4q": -9.13,
            "gross_profit": 164280,
            "gross_margin": 22.88,
            "gross_margin_4q_avg": 2.07,
            "net_income": 44443,
            "net_income_4q": null,
            "revenue": 718052,
            "revenue_4q": null,
            "common_shares": 806316,
            "book_valuer_per_share": 28.45,
            "book_valuer_per_share_4q_avg": 24.57,
            "equity": 2293895,
            "current_ratio": 133.68,
            "debt_ratio": 53.02,
            "inventory_turnover_ratio": 0.81,
            "account_receivable_turnover_ratio": 0.97,
            "reinvestment_rate": 343.66,
            "research_to_sale_ratio": 7.97,
            "price_fair": 116.34,
            "eps_avg_yearly": 3.32,
            "eps_latest_yearly": 2.52,
            "eps_growth_yearly": 1043.15
        },
        "20134": {
            "year_quarter": 20134,
            "year": 2013,
            "quarter": 4,
            "eps": 0.57,
            "eps_growth_year": null,
            "eps_4q": -0.83,
            "eps_4q_growth_year": -1206.61,
            "roe": 2,
            "roe_4q": -5.830000000000001,
            "gross_profit": 158224,
            "gross_margin": 21.4,
            "gross_margin_4q_avg": 4.63,
            "net_income": 47998,
            "net_income_4q": null,
            "revenue": 739334,
            "revenue_4q": null,
            "common_shares": 840589,
            "book_valuer_per_share": 29.93,
            "book_valuer_per_share_4q_avg": 25.81,
            "equity": 2515677,
            "current_ratio": 111.43,
            "debt_ratio": 49.6,
            "inventory_turnover_ratio": 0.86,
            "account_receivable_turnover_ratio": 0.98,
            "reinvestment_rate": 436.22,
            "research_to_sale_ratio": 7.59,
            "price_fair": 102.76,
            "eps_avg_yearly": 2.94,
            "eps_latest_yearly": 2.28,
            "eps_growth_yearly": 755.13
        },
        "20141": {
            "year_quarter": 20141,
            "year": 2014,
            "quarter": 1,
            "eps": 0.66,
            "eps_growth_year": null,
            "eps_4q": 1.78,
            "eps_4q_growth_year": null,
            "roe": 2.19,
            "roe_4q": 6.669999999999999,
            "gross_profit": 146587,
            "gross_margin": 24.08,
            "gross_margin_4q_avg": 20.7,
            "net_income": 55809,
            "net_income_4q": null,
            "revenue": 608785,
            "revenue_4q": null,
            "common_shares": 843349,
            "book_valuer_per_share": 30.64,
            "book_valuer_per_share_4q_avg": 27.87,
            "equity": 2583993,
            "current_ratio": 117.68,
            "debt_ratio": 47.17,
            "inventory_turnover_ratio": 0.65,
            "account_receivable_turnover_ratio": 0.77,
            "reinvestment_rate": 392.05,
            "research_to_sale_ratio": 6.48,
            "price_fair": 101.82,
            "eps_avg_yearly": 2.91,
            "eps_latest_yearly": 2.64,
            "eps_growth_yearly": 692.22
        },
        "20142": {
            "year_quarter": 20142,
            "year": 2014,
            "quarter": 2,
            "eps": 0.7,
            "eps_growth_year": 2233.33,
            "eps_4q": 2.45,
            "eps_4q_growth_year": null,
            "roe": 2.24,
            "roe_4q": 8.77,
            "gross_profit": 201010,
            "gross_margin": 25.58,
            "gross_margin_4q_avg": 23.49,
            "net_income": 58757,
            "net_income_4q": null,
            "revenue": 785958,
            "revenue_4q": null,
            "common_shares": 844095,
            "book_valuer_per_share": 31.49,
            "book_valuer_per_share_4q_avg": 30.13,
            "equity": 2657673,
            "current_ratio": 115.54,
            "debt_ratio": 47.33,
            "inventory_turnover_ratio": 0.75,
            "account_receivable_turnover_ratio": 0.99,
            "reinvestment_rate": 420.92,
            "research_to_sale_ratio": 5.8,
            "price_fair": 101.5,
            "eps_avg_yearly": 2.9,
            "eps_latest_yearly": 2.8,
            "eps_growth_yearly": 636.56
        },
        "20143": {
            "year_quarter": 20143,
            "year": 2014,
            "quarter": 3,
            "eps": 1.06,
            "eps_growth_year": 68.25,
            "eps_4q": 2.98,
            "eps_4q_growth_year": null,
            "roe": 3.25,
            "roe_4q": 9.68,
            "gross_profit": 212365,
            "gross_margin": 36.87,
            "gross_margin_4q_avg": 26.98,
            "net_income": 89286,
            "net_income_4q": null,
            "revenue": 575940,
            "revenue_4q": null,
            "common_shares": 844116,
            "book_valuer_per_share": 33.56,
            "book_valuer_per_share_4q_avg": 31.41,
            "equity": 2832548,
            "current_ratio": 158.55,
            "debt_ratio": 46.04,
            "inventory_turnover_ratio": 0.41,
            "account_receivable_turnover_ratio": 0.8,
            "reinvestment_rate": 408.84,
            "research_to_sale_ratio": 8.04,
            "price_fair": 100.8,
            "eps_avg_yearly": 2.88,
            "eps_latest_yearly": 4.24,
            "eps_growth_yearly": 665.94
        },
        "20144": {
            "year_quarter": 20144,
            "year": 2014,
            "quarter": 4,
            "eps": 0.69,
            "eps_growth_year": 21.67,
            "eps_4q": 3.11,
            "eps_4q_growth_year": null,
            "roe": 2,
            "roe_4q": 9.68,
            "gross_profit": 126724,
            "gross_margin": 24.11,
            "gross_margin_4q_avg": 27.66,
            "net_income": 58643,
            "net_income_4q": null,
            "revenue": 525541,
            "revenue_4q": null,
            "common_shares": 844116,
            "book_valuer_per_share": 35.96,
            "book_valuer_per_share_4q_avg": 32.91,
            "equity": 3035229,
            "current_ratio": 145.4,
            "debt_ratio": 46.66,
            "inventory_turnover_ratio": 0.42,
            "account_receivable_turnover_ratio": 0.79,
            "reinvestment_rate": 470.54,
            "research_to_sale_ratio": 9.16,
            "price_fair": 99.4,
            "eps_avg_yearly": 2.84,
            "eps_latest_yearly": 2.76,
            "eps_growth_yearly": 663.53
        },
        "20151": {
            "year_quarter": 20151,
            "year": 2015,
            "quarter": 1,
            "eps": 0.49,
            "eps_growth_year": -25.76,
            "eps_4q": 2.92,
            "eps_4q_growth_year": 63.53,
            "roe": 1.37,
            "roe_4q": 8.86,
            "gross_profit": 182961,
            "gross_margin": 34.64,
            "gross_margin_4q_avg": 30.3,
            "net_income": 41560,
            "net_income_4q": null,
            "revenue": 528131,
            "revenue_4q": null,
            "common_shares": 851378,
            "book_valuer_per_share": 35.82,
            "book_valuer_per_share_4q_avg": 34.21,
            "equity": 3049748,
            "current_ratio": 133.08,
            "debt_ratio": 47.81,
            "inventory_turnover_ratio": 0.35,
            "account_receivable_turnover_ratio": 0.8,
            "reinvestment_rate": 492.6,
            "research_to_sale_ratio": 8.97,
            "price_fair": 92.75,
            "eps_avg_yearly": 2.65,
            "eps_latest_yearly": 1.96,
            "eps_growth_yearly": 643.58
        },
        "20152": {
            "year_quarter": 20152,
            "year": 2015,
            "quarter": 2,
            "eps": 0.2,
            "eps_growth_year": -71.43,
            "eps_4q": 2.42,
            "eps_4q_growth_year": -1.28,
            "roe": 0.56,
            "roe_4q": 7.18,
            "gross_profit": 149863,
            "gross_margin": 30.89,
            "gross_margin_4q_avg": 31.63,
            "net_income": 16629,
            "net_income_4q": null,
            "revenue": 485082,
            "revenue_4q": null,
            "common_shares": 851378,
            "book_valuer_per_share": 33.72,
            "book_valuer_per_share_4q_avg": 34.77,
            "equity": 2870802,
            "current_ratio": 134.64,
            "debt_ratio": 50.54,
            "inventory_turnover_ratio": 0.32,
            "account_receivable_turnover_ratio": 0.73,
            "reinvestment_rate": 505.4,
            "research_to_sale_ratio": 11.25,
            "price_fair": 87.15,
            "eps_avg_yearly": 2.49,
            "eps_latest_yearly": 0.8,
            "eps_growth_yearly": 635.8
        },
        "20153": {
            "year_quarter": 20153,
            "year": 2015,
            "quarter": 3,
            "eps": 1.34,
            "eps_growth_year": 26.42,
            "eps_4q": 2.7,
            "eps_4q_growth_year": -9.47,
            "roe": 3.87,
            "roe_4q": 7.8,
            "gross_profit": 198087,
            "gross_margin": 27.79,
            "gross_margin_4q_avg": 29.36,
            "net_income": 113710,
            "net_income_4q": null,
            "revenue": 712904,
            "revenue_4q": null,
            "common_shares": 853537,
            "book_valuer_per_share": 35.25,
            "book_valuer_per_share_4q_avg": 35.19,
            "equity": 3008330,
            "current_ratio": 152.44,
            "debt_ratio": 48.97,
            "inventory_turnover_ratio": 0.48,
            "account_receivable_turnover_ratio": 0.98,
            "reinvestment_rate": 412.74,
            "research_to_sale_ratio": 5.83,
            "price_fair": 91.58,
            "eps_avg_yearly": 2.62,
            "eps_latest_yearly": 5.36,
            "eps_growth_yearly": 812.08
        },
        "20154": {
            "year_quarter": 20154,
            "year": 2015,
            "quarter": 4,
            "eps": 1.26,
            "eps_growth_year": 81.83,
            "eps_4q": 3.23,
            "eps_4q_growth_year": 3.82,
            "roe": 3.42,
            "roe_4q": 9.219999999999999,
            "gross_profit": 275079,
            "gross_margin": 31.6,
            "gross_margin_4q_avg": 31.23,
            "net_income": 110493,
            "net_income_4q": null,
            "revenue": 870605,
            "revenue_4q": null,
            "common_shares": 874682,
            "book_valuer_per_share": 39.58,
            "book_valuer_per_share_4q_avg": 36.09,
            "equity": 3462206,
            "current_ratio": 135.41,
            "debt_ratio": 46.37,
            "inventory_turnover_ratio": 0.55,
            "account_receivable_turnover_ratio": 1.04,
            "reinvestment_rate": 406.8,
            "research_to_sale_ratio": 7.51,
            "price_fair": 96.95,
            "eps_avg_yearly": 2.77,
            "eps_latest_yearly": 5.04,
            "eps_growth_yearly": 815.64
        },
        "20161": {
            "year_quarter": 20161,
            "year": 2016,
            "quarter": 1,
            "eps": 1.19,
            "eps_growth_year": 142.86,
            "eps_4q": 3.94,
            "eps_4q_growth_year": 35.28,
            "roe": 2.91,
            "roe_4q": 10.76,
            "gross_profit": 304288,
            "gross_margin": 40.9,
            "gross_margin_4q_avg": 32.8,
            "net_income": 104184,
            "net_income_4q": null,
            "revenue": 744047,
            "revenue_4q": null,
            "common_shares": 874682,
            "book_valuer_per_share": 42.32,
            "book_valuer_per_share_4q_avg": 37.72,
            "equity": 3701271,
            "current_ratio": 151.99,
            "debt_ratio": 45.3,
            "inventory_turnover_ratio": 0.39,
            "account_receivable_turnover_ratio": 0.89,
            "reinvestment_rate": 377.25,
            "research_to_sale_ratio": 9.54,
            "price_fair": 106.63,
            "eps_avg_yearly": 3.05,
            "eps_latest_yearly": 4.76,
            "eps_growth_yearly": 832.13
        },
        "20162": {
            "year_quarter": 20162,
            "year": 2016,
            "quarter": 2,
            "eps": 1.67,
            "eps_growth_year": 735,
            "eps_4q": 5.42,
            "eps_4q_growth_year": 123.67,
            "roe": 3.95,
            "roe_4q": 14.150000000000002,
            "gross_profit": 345855,
            "gross_margin": 38.55,
            "gross_margin_4q_avg": 34.71,
            "net_income": 145963,
            "net_income_4q": null,
            "revenue": 897051,
            "revenue_4q": null,
            "common_shares": 874682,
            "book_valuer_per_share": 42.11,
            "book_valuer_per_share_4q_avg": 39.82,
            "equity": 3683112,
            "current_ratio": 132.75,
            "debt_ratio": 46.94,
            "inventory_turnover_ratio": 0.5,
            "account_receivable_turnover_ratio": 1.08,
            "reinvestment_rate": 303.8,
            "research_to_sale_ratio": 7.67,
            "price_fair": 122.03,
            "eps_avg_yearly": 3.49,
            "eps_latest_yearly": 6.68,
            "eps_growth_yearly": 846.5
        },
        "20163": {
            "year_quarter": 20163,
            "year": 2016,
            "quarter": 3,
            "eps": 1.09,
            "eps_growth_year": -18.66,
            "eps_4q": 5.16,
            "eps_4q_growth_year": 90.86,
            "roe": 2.53,
            "roe_4q": 12.81,
            "gross_profit": 308003,
            "gross_margin": 40.1,
            "gross_margin_4q_avg": 37.79,
            "net_income": 96277,
            "net_income_4q": null,
            "revenue": 768051,
            "revenue_4q": null,
            "common_shares": 886331,
            "book_valuer_per_share": 44.18,
            "book_valuer_per_share_4q_avg": 42.05,
            "equity": 3916104,
            "current_ratio": 113.62,
            "debt_ratio": 41.6,
            "inventory_turnover_ratio": 0.46,
            "account_receivable_turnover_ratio": 0.92,
            "reinvestment_rate": 267.95,
            "research_to_sale_ratio": 8.4,
            "price_fair": 124.38,
            "eps_avg_yearly": 3.55,
            "eps_latest_yearly": 4.36,
            "eps_growth_yearly": 770.7
        },
        "20164": {
            "year_quarter": 20164,
            "year": 2016,
            "quarter": 4,
            "eps": 1.54,
            "eps_growth_year": 22.26,
            "eps_4q": 5.45,
            "eps_4q_growth_year": 68.79,
            "roe": 3.42,
            "roe_4q": 12.809999999999999,
            "gross_profit": 299294,
            "gross_margin": 38.36,
            "gross_margin_4q_avg": 39.48,
            "net_income": 137017,
            "net_income_4q": null,
            "revenue": 780231,
            "revenue_4q": null,
            "common_shares": 887167,
            "book_valuer_per_share": 46.25,
            "book_valuer_per_share_4q_avg": 43.72,
            "equity": 4103589,
            "current_ratio": 116.13,
            "debt_ratio": 39.07,
            "inventory_turnover_ratio": 0.51,
            "account_receivable_turnover_ratio": 0.95,
            "reinvestment_rate": 221.6,
            "research_to_sale_ratio": 8.66,
            "price_fair": 130.9,
            "eps_avg_yearly": 3.74,
            "eps_latest_yearly": 6.16,
            "eps_growth_yearly": 727.44
        },
        "20171": {
            "year_quarter": 20171,
            "year": 2017,
            "quarter": 1,
            "eps": 0.58,
            "eps_growth_year": -51.26,
            "eps_4q": 4.82,
            "eps_4q_growth_year": 22.3,
            "roe": 1.24,
            "roe_4q": 11.14,
            "gross_profit": 258937,
            "gross_margin": 44.9,
            "gross_margin_4q_avg": 40.48,
            "net_income": 51407,
            "net_income_4q": null,
            "revenue": 576749,
            "revenue_4q": null,
            "common_shares": 892286,
            "book_valuer_per_share": 46.89,
            "book_valuer_per_share_4q_avg": 44.86,
            "equity": 4183906,
            "current_ratio": 113.44,
            "debt_ratio": 38.13,
            "inventory_turnover_ratio": 0.33,
            "account_receivable_turnover_ratio": 0.82,
            "reinvestment_rate": 183.87,
            "research_to_sale_ratio": 10.29,
            "price_fair": 127.59,
            "eps_avg_yearly": 3.65,
            "eps_latest_yearly": 2.32,
            "eps_growth_yearly": 662.32
        },
        "20172": {
            "year_quarter": 20172,
            "year": 2017,
            "quarter": 2,
            "eps": 1.34,
            "eps_growth_year": -19.76,
            "eps_4q": 4.47,
            "eps_4q_growth_year": -17.41,
            "roe": 2.94,
            "roe_4q": 10.129999999999999,
            "gross_profit": 313708,
            "gross_margin": 46.97,
            "gross_margin_4q_avg": 42.58,
            "net_income": 119658,
            "net_income_4q": null,
            "revenue": 667909,
            "revenue_4q": null,
            "common_shares": 899227,
            "book_valuer_per_share": 43.93,
            "book_valuer_per_share_4q_avg": 45.31,
            "equity": 3950717,
            "current_ratio": 101.19,
            "debt_ratio": 43.5,
            "inventory_turnover_ratio": 0.35,
            "account_receivable_turnover_ratio": 1.07,
            "reinvestment_rate": 140.93,
            "research_to_sale_ratio": 10.44,
            "price_fair": 131.34,
            "eps_avg_yearly": 3.75,
            "eps_latest_yearly": 5.36,
            "eps_growth_yearly": 653.69
        },
        "20173": {
            "year_quarter": 20173,
            "year": 2017,
            "quarter": 3,
            "eps": 0.42,
            "eps_growth_year": -61.47,
            "eps_4q": 3.73,
            "eps_4q_growth_year": -27.62,
            "roe": 0.98,
            "roe_4q": 8.58,
            "gross_profit": 221816,
            "gross_margin": 35.42,
            "gross_margin_4q_avg": 41.41,
            "net_income": 38965,
            "net_income_4q": null,
            "revenue": 626318,
            "revenue_4q": null,
            "common_shares": 930126,
            "book_valuer_per_share": 42.7,
            "book_valuer_per_share_4q_avg": 44.94,
            "equity": 3971247,
            "current_ratio": 103.99,
            "debt_ratio": 42.31,
            "inventory_turnover_ratio": 0.41,
            "account_receivable_turnover_ratio": 0.9,
            "reinvestment_rate": 118.81,
            "research_to_sale_ratio": 14.67,
            "price_fair": 129.5,
            "eps_avg_yearly": 3.7,
            "eps_latest_yearly": 1.68,
            "eps_growth_yearly": 136.52
        },
        "20174": {
            "year_quarter": 20174,
            "year": 2017,
            "quarter": 4,
            "eps": 0.31,
            "eps_growth_year": -80.08,
            "eps_4q": 2.57,
            "eps_4q_growth_year": -52.92,
            "roe": 0.62,
            "roe_4q": 5.78,
            "gross_profit": 211361,
            "gross_margin": 31.62,
            "gross_margin_4q_avg": 39.73,
            "net_income": 25175,
            "net_income_4q": null,
            "revenue": 668377,
            "revenue_4q": null,
            "common_shares": 930126,
            "book_valuer_per_share": 43.21,
            "book_valuer_per_share_4q_avg": 44.18,
            "equity": 4100836,
            "current_ratio": 108.59,
            "debt_ratio": 43.37,
            "inventory_turnover_ratio": 0.49,
            "account_receivable_turnover_ratio": 0.89,
            "reinvestment_rate": 104.35,
            "research_to_sale_ratio": 11,
            "price_fair": 127.23,
            "eps_avg_yearly": 3.64,
            "eps_latest_yearly": 1.24,
            "eps_growth_yearly": 132.35
        },
        "20181": {
            "year_quarter": 20181,
            "year": 2018,
            "quarter": 1,
            "eps": 1.84,
            "eps_growth_year": 217.24,
            "eps_4q": 3.85,
            "eps_4q_growth_year": -20.15,
            "roe": 3.79,
            "roe_4q": 8.33,
            "gross_profit": 216704,
            "gross_margin": 35.37,
            "gross_margin_4q_avg": 37.35,
            "net_income": 158370,
            "net_income_4q": null,
            "revenue": 612610,
            "revenue_4q": null,
            "common_shares": 930126,
            "book_valuer_per_share": 45.05,
            "book_valuer_per_share_4q_avg": 43.72,
            "equity": 4261694,
            "current_ratio": 109.52,
            "debt_ratio": 43.58,
            "inventory_turnover_ratio": 0.4,
            "account_receivable_turnover_ratio": 0.78,
            "reinvestment_rate": 111.89,
            "research_to_sale_ratio": 20.03,
            "price_fair": 137.55,
            "eps_avg_yearly": 3.93,
            "eps_latest_yearly": 7.36,
            "eps_growth_yearly": 251.79
        },
        "20182": {
            "year_quarter": 20182,
            "year": 2018,
            "quarter": 2,
            "eps": 0.29,
            "eps_growth_year": -78.36,
            "eps_4q": 2.86,
            "eps_4q_growth_year": -36.08,
            "roe": 0.37,
            "roe_4q": 5.76,
            "gross_profit": 241843,
            "gross_margin": 34.89,
            "gross_margin_4q_avg": 34.33,
            "net_income": 15448,
            "net_income_4q": null,
            "revenue": 693071,
            "revenue_4q": null,
            "common_shares": 930126,
            "book_valuer_per_share": 43.35,
            "book_valuer_per_share_4q_avg": 43.58,
            "equity": 4092415,
            "current_ratio": 105.2,
            "debt_ratio": 47.36,
            "inventory_turnover_ratio": 0.42,
            "account_receivable_turnover_ratio": 0.87,
            "reinvestment_rate": 109.8,
            "research_to_sale_ratio": 19.37,
            "price_fair": 133.96,
            "eps_avg_yearly": 3.83,
            "eps_latest_yearly": 1.16,
            "eps_growth_yearly": 229.22
        },
        "20183": {
            "year_quarter": 20183,
            "year": 2018,
            "quarter": 3,
            "eps": -1.28,
            "eps_growth_year": -404.76,
            "eps_4q": 1.04,
            "eps_4q_growth_year": -72.23,
            "roe": -3.15,
            "roe_4q": 1.6300000000000003,
            "gross_profit": 212839,
            "gross_margin": 31.07,
            "gross_margin_4q_avg": 33.24,
            "net_income": -132176,
            "net_income_4q": null,
            "revenue": 684924,
            "revenue_4q": null,
            "common_shares": 990126,
            "book_valuer_per_share": 42.79,
            "book_valuer_per_share_4q_avg": 43.6,
            "equity": 4288507,
            "current_ratio": 194.6,
            "debt_ratio": 44.75,
            "inventory_turnover_ratio": 0.42,
            "account_receivable_turnover_ratio": 0.82,
            "reinvestment_rate": 110.45,
            "research_to_sale_ratio": 13.09,
            "price_fair": 133,
            "eps_avg_yearly": 3.8,
            "eps_latest_yearly": 1.16,
            "eps_growth_yearly": 230.79
        },
        "20184": {
            "year_quarter": 20184,
            "year": 2018,
            "quarter": 4,
            "eps": 1.04,
            "eps_growth_year": 237.62,
            "eps_4q": 1.79,
            "eps_4q_growth_year": -30.4,
            "roe": 1.88,
            "roe_4q": 2.89,
            "gross_profit": 242731,
            "gross_margin": 34.82,
            "gross_margin_4q_avg": 34.04,
            "net_income": 83015,
            "net_income_4q": null,
            "revenue": 697126,
            "revenue_4q": null,
            "common_shares": 990126,
            "book_valuer_per_share": 44.51,
            "book_valuer_per_share_4q_avg": 43.93,
            "equity": 4557818,
            "current_ratio": 238.4,
            "debt_ratio": 47.76,
            "inventory_turnover_ratio": 0.38,
            "account_receivable_turnover_ratio": 0.84,
            "reinvestment_rate": 137.88,
            "research_to_sale_ratio": 16.12,
            "price_fair": 135.6,
            "eps_avg_yearly": 3.87,
            "eps_latest_yearly": 1.16,
            "eps_growth_yearly": 257.24
        },
        "20191": {
            "year_quarter": 20191,
            "year": 2019,
            "quarter": 1,
            "eps": 0.32,
            "eps_growth_year": -82.61,
            "eps_4q": 0.38,
            "eps_4q_growth_year": -90.06,
            "roe": 0.31,
            "roe_4q": -0.59,
            "gross_profit": 139948,
            "gross_margin": 21.39,
            "gross_margin_4q_avg": 30.54,
            "net_income": 14166,
            "net_income_4q": null,
            "revenue": 654322,
            "revenue_4q": null,
            "common_shares": 990126,
            "book_valuer_per_share": 44.83,
            "book_valuer_per_share_4q_avg": 43.87,
            "equity": 4571547,
            "current_ratio": 193.21,
            "debt_ratio": 49.59,
            "inventory_turnover_ratio": 0.4,
            "account_receivable_turnover_ratio": 0.78,
            "reinvestment_rate": 177.52,
            "research_to_sale_ratio": 20.03,
            "price_fair": 133.9,
            "eps_avg_yearly": 3.83,
            "eps_latest_yearly": 1.28,
            "eps_growth_yearly": 245.75
        },
        "20192": {
            "year_quarter": 20192,
            "year": 2019,
            "quarter": 2,
            "eps": -1.2,
            "eps_growth_year": -513.79,
            "eps_4q": -1.09,
            "eps_4q_growth_year": -138.26,
            "roe": -3,
            "roe_4q": -3.96,
            "gross_profit": 176797,
            "gross_margin": 29.76,
            "gross_margin_4q_avg": 29.26,
            "net_income": -134155,
            "net_income_4q": null,
            "revenue": 594045,
            "revenue_4q": null,
            "common_shares": 990126,
            "book_valuer_per_share": 43.12,
            "book_valuer_per_share_4q_avg": 43.81,
            "equity": 4386045,
            "current_ratio": 162.59,
            "debt_ratio": 51.67,
            "inventory_turnover_ratio": 0.33,
            "account_receivable_turnover_ratio": 0.74,
            "reinvestment_rate": 214.46,
            "research_to_sale_ratio": 19.54,
            "price_fair": 142.05,
            "eps_avg_yearly": 4.06,
            "eps_latest_yearly": 1.28,
            "eps_growth_yearly": 282.86
        },
        "20193": {
            "year_quarter": 20193,
            "year": 2019,
            "quarter": 3,
            "eps": 1.74,
            "eps_growth_year": null,
            "eps_4q": 1.9,
            "eps_4q_growth_year": 83.08,
            "roe": 3.63,
            "roe_4q": 2.82,
            "gross_profit": 288806,
            "gross_margin": 36.58,
            "gross_margin_4q_avg": 30.64,
            "net_income": 161977,
            "net_income_4q": null,
            "revenue": 789583,
            "revenue_4q": null,
            "common_shares": 990126,
            "book_valuer_per_share": 44.85,
            "book_valuer_per_share_4q_avg": 44.33,
            "equity": 4547760,
            "current_ratio": 143.73,
            "debt_ratio": 50.94,
            "inventory_turnover_ratio": 0.4,
            "account_receivable_turnover_ratio": 0.97,
            "reinvestment_rate": 225.25,
            "research_to_sale_ratio": 12.89,
            "price_fair": 138.25,
            "eps_avg_yearly": 3.95,
            "eps_latest_yearly": 1.28,
            "eps_growth_yearly": 116.43
        },
        "20194": {
            "year_quarter": 20194,
            "year": 2019,
            "quarter": 4,
            "eps": -0.74,
            "eps_growth_year": -171.33,
            "eps_4q": 0.12,
            "eps_4q_growth_year": -93.42,
            "roe": -1.84,
            "roe_4q": -0.9000000000000001,
            "gross_profit": 219713,
            "gross_margin": 30.45,
            "gross_margin_4q_avg": 29.55,
            "net_income": -83050,
            "net_income_4q": null,
            "revenue": 721641,
            "revenue_4q": null,
            "common_shares": 990126,
            "book_valuer_per_share": 44.05,
            "book_valuer_per_share_4q_avg": 44.21,
            "equity": 4457288,
            "current_ratio": 111.13,
            "debt_ratio": 53.61,
            "inventory_turnover_ratio": 0.4,
            "account_receivable_turnover_ratio": 0.83,
            "reinvestment_rate": 303.77,
            "research_to_sale_ratio": 13.51,
            "price_fair": 134.78,
            "eps_avg_yearly": 3.85,
            "eps_latest_yearly": 1.28,
            "eps_growth_yearly": 129.19
        },
        "20201": {
            "year_quarter": 20201,
            "year": 2020,
            "quarter": 1,
            "eps": -1.03,
            "eps_growth_year": -421.88,
            "eps_4q": -1.13,
            "eps_4q_growth_year": -394.16,
            "roe": -2.67,
            "roe_4q": -3.88,
            "gross_profit": 188211,
            "gross_margin": 28.4,
            "gross_margin_4q_avg": 31.3,
            "net_income": -120694,
            "net_income_4q": null,
            "revenue": 662643,
            "revenue_4q": null,
            "common_shares": 990126,
            "book_valuer_per_share": 42.89,
            "book_valuer_per_share_4q_avg": 43.73,
            "equity": 4573864,
            "current_ratio": 100.79,
            "debt_ratio": 53.5,
            "inventory_turnover_ratio": 0.37,
            "account_receivable_turnover_ratio": 0.81,
            "reinvestment_rate": 361.15,
            "research_to_sale_ratio": 21.33,
            "price_fair": 131.6,
            "eps_avg_yearly": 3.76,
            "eps_latest_yearly": 1.28,
            "eps_growth_yearly": 144.33
        },
        "20202": {
            "year_quarter": 20202,
            "year": 2020,
            "quarter": 2,
            "eps": 4.99,
            "eps_growth_year": null,
            "eps_4q": 4.9,
            "eps_4q_growth_year": null,
            "roe": 10.36,
            "roe_4q": 9.48,
            "gross_profit": 249053,
            "gross_margin": 31.62,
            "gross_margin_4q_avg": 31.76,
            "net_income": 514411,
            "net_income_4q": null,
            "revenue": 787707,
            "revenue_4q": null,
            "common_shares": 1083126,
            "book_valuer_per_share": 48.29,
            "book_valuer_per_share_4q_avg": 45.02,
            "equity": 5354221,
            "current_ratio": 122.59,
            "debt_ratio": 49.15,
            "inventory_turnover_ratio": 0.4,
            "account_receivable_turnover_ratio": 0.99,
            "reinvestment_rate": 254.45,
            "research_to_sale_ratio": 22.03,
            "price_fair": 120.24,
            "eps_avg_yearly": 3.44,
            "eps_latest_yearly": 1.28,
            "eps_growth_yearly": 142.44
        },
        "20203": {
            "year_quarter": 20203,
            "year": 2020,
            "quarter": 3,
            "eps": 0.93,
            "eps_growth_year": -46.55,
            "eps_4q": 4.25,
            "eps_4q_growth_year": 123.79,
            "roe": 1.49,
            "roe_4q": 7.34,
            "gross_profit": 249164,
            "gross_margin": 30.58,
            "gross_margin_4q_avg": 30.26,
            "net_income": 80523,
            "net_income_4q": null,
            "revenue": 814723,
            "revenue_4q": null,
            "common_shares": 1083126,
            "book_valuer_per_share": 49.26,
            "book_valuer_per_share_4q_avg": 46.12,
            "equity": 5442488,
            "current_ratio": 89.36,
            "debt_ratio": 48.05,
            "inventory_turnover_ratio": 0.41,
            "account_receivable_turnover_ratio": 1.07,
            "reinvestment_rate": 244.37,
            "research_to_sale_ratio": 16.5,
            "price_fair": 117.76,
            "eps_avg_yearly": 3.36,
            "eps_latest_yearly": 3.72,
            "eps_growth_yearly": 121.71
        },
        "20204": {
            "year_quarter": 20204,
            "year": 2020,
            "quarter": 4,
            "eps": -1.23,
            "eps_growth_year": null,
            "eps_4q": 3.69,
            "eps_4q_growth_year": 3044.06,
            "roe": -2.7,
            "roe_4q": 6.479999999999999,
            "gross_profit": 258742,
            "gross_margin": 31.93,
            "gross_margin_4q_avg": 30.63,
            "net_income": -145062,
            "net_income_4q": null,
            "revenue": 810384,
            "revenue_4q": null,
            "common_shares": 1083126,
            "book_valuer_per_share": 48.06,
            "book_valuer_per_share_4q_avg": 47.13,
            "equity": 5285717,
            "current_ratio": 103.56,
            "debt_ratio": 48.61,
            "inventory_turnover_ratio": 0.39,
            "account_receivable_turnover_ratio": 1.13,
            "reinvestment_rate": 304.05,
            "research_to_sale_ratio": 12.21,
            "price_fair": 105.53,
            "eps_avg_yearly": 3.02,
            "eps_latest_yearly": 3.72,
            "eps_growth_yearly": 116.28
        },
        "20211": {
            "year_quarter": 20211,
            "year": 2021,
            "quarter": 1,
            "eps": 9.84,
            "eps_growth_year": null,
            "eps_4q": 14.47,
            "eps_4q_growth_year": null,
            "roe": 17.07,
            "roe_4q": 26.22,
            "gross_profit": 221606,
            "gross_margin": 30.1,
            "gross_margin_4q_avg": 31.06,
            "net_income": 1035260,
            "net_income_4q": null,
            "revenue": 736279,
            "revenue_4q": null,
            "common_shares": 1083126,
            "book_valuer_per_share": 59.63,
            "book_valuer_per_share_4q_avg": 51.31,
            "equity": 6844171,
            "current_ratio": 126.13,
            "debt_ratio": 43.25,
            "inventory_turnover_ratio": 0.35,
            "account_receivable_turnover_ratio": 1,
            "reinvestment_rate": 187.24,
            "research_to_sale_ratio": 20.66,
            "price_fair": 109,
            "eps_avg_yearly": 3.11,
            "eps_latest_yearly": 3.72,
            "eps_growth_yearly": 168.52
        },
        "20212": {
            "year_quarter": 20212,
            "year": 2021,
            "quarter": 2,
            "eps": 6.86,
            "eps_growth_year": 37.47,
            "eps_4q": 15.04,
            "eps_4q_growth_year": 206.86,
            "roe": 9.22,
            "roe_4q": 25.08,
            "gross_profit": 265280,
            "gross_margin": 32.06,
            "gross_margin_4q_avg": 31.17,
            "net_income": 689334,
            "net_income_4q": null,
            "revenue": 827344,
            "revenue_4q": null,
            "common_shares": 1083639,
            "book_valuer_per_share": 71.81,
            "book_valuer_per_share_4q_avg": 57.19,
            "equity": 8110932,
            "current_ratio": 153.91,
            "debt_ratio": 36,
            "inventory_turnover_ratio": 0.37,
            "account_receivable_turnover_ratio": 1.18,
            "reinvestment_rate": 181.67,
            "research_to_sale_ratio": 23.57,
            "price_fair": 219.4,
            "eps_avg_yearly": 6.27,
            "eps_latest_yearly": 27.44,
            "eps_growth_yearly": 76.33
        },
        "20213": {
            "year_quarter": 20213,
            "year": 2021,
            "quarter": 3,
            "eps": -3.2,
            "eps_growth_year": -444.09,
            "eps_4q": 10.75,
            "eps_4q_growth_year": 153.21,
            "roe": -5.47,
            "roe_4q": 18.12,
            "gross_profit": 219951,
            "gross_margin": 31.89,
            "gross_margin_4q_avg": 31.5,
            "net_income": -435143,
            "net_income_4q": null,
            "revenue": 689672,
            "revenue_4q": null,
            "common_shares": 1202560,
            "book_valuer_per_share": 62.46,
            "book_valuer_per_share_4q_avg": 60.49,
            "equity": 7789523,
            "current_ratio": 171.1,
            "debt_ratio": 36,
            "inventory_turnover_ratio": 0.3,
            "account_receivable_turnover_ratio": 1.03,
            "reinvestment_rate": 209.47,
            "research_to_sale_ratio": 27.79,
            "price_fair": 246.17,
            "eps_avg_yearly": 7.03,
            "eps_latest_yearly": 27.44,
            "eps_growth_yearly": 134.83
        },
        "20214": {
            "year_quarter": 20214,
            "year": 2021,
            "quarter": 4,
            "eps": -1.47,
            "eps_growth_year": null,
            "eps_4q": 10.39,
            "eps_4q_growth_year": 181.24,
            "roe": -3.2,
            "roe_4q": 17.62,
            "gross_profit": 264607,
            "gross_margin": 29.76,
            "gross_margin_4q_avg": 30.95,
            "net_income": -245933,
            "net_income_4q": null,
            "revenue": 889111,
            "revenue_4q": null,
            "common_shares": 1202560,
            "book_valuer_per_share": 61.5,
            "book_valuer_per_share_4q_avg": 63.85,
            "equity": 7602165,
            "current_ratio": 151.71,
            "debt_ratio": 36.74,
            "inventory_turnover_ratio": 0.39,
            "account_receivable_turnover_ratio": 1.25,
            "reinvestment_rate": 213.49,
            "research_to_sale_ratio": 18.16,
            "price_fair": 286.72,
            "eps_avg_yearly": 8.19,
            "eps_latest_yearly": 27.44,
            "eps_growth_yearly": 182.74
        },
        "20221": {
            "year_quarter": 20221,
            "year": 2022,
            "quarter": 1,
            "eps": -3.33,
            "eps_growth_year": -133.84,
            "eps_4q": -1.81,
            "eps_4q_growth_year": -112.47,
            "roe": -6.16,
            "roe_4q": -5.609999999999998,
            "gross_profit": 255351,
            "gross_margin": 30.58,
            "gross_margin_4q_avg": 31.07,
            "net_income": -454252,
            "net_income_4q": null,
            "revenue": 834944,
            "revenue_4q": null,
            "common_shares": 1202560,
            "book_valuer_per_share": 58.18,
            "book_valuer_per_share_4q_avg": 63.49,
            "equity": 7148819,
            "current_ratio": 145.91,
            "debt_ratio": 37.25,
            "inventory_turnover_ratio": 0.36,
            "account_receivable_turnover_ratio": 1.07,
            "reinvestment_rate": 267.27,
            "research_to_sale_ratio": 25.26,
            "price_fair": 25.2,
            "eps_avg_yearly": 8.4,
            "eps_latest_yearly": 27.44,
            "eps_growth_yearly": -265.12
        },
        "20222": {
            "year_quarter": 20222,
            "year": 2022,
            "quarter": 2,
            "eps": -0.07,
            "eps_growth_year": -101.02,
            "eps_4q": -8.07,
            "eps_4q_growth_year": -153.66,
            "roe": -0.71,
            "roe_4q": -15.54,
            "gross_profit": 291236,
            "gross_margin": 34.74,
            "gross_margin_4q_avg": 31.74,
            "net_income": -49733,
            "net_income_4q": null,
            "revenue": 838218,
            "revenue_4q": null,
            "common_shares": 1202560,
            "book_valuer_per_share": 56.12,
            "book_valuer_per_share_4q_avg": 59.57,
            "equity": 6863884,
            "current_ratio": 137.43,
            "debt_ratio": 39.71,
            "inventory_turnover_ratio": 0.34,
            "account_receivable_turnover_ratio": 1.07,
            "reinvestment_rate": 270.91,
            "research_to_sale_ratio": 23.73,
            "price_fair": 32.44,
            "eps_avg_yearly": 10.81,
            "eps_latest_yearly": 27.44,
            "eps_growth_yearly": -241.17
        },
        "20223": {
            "year_quarter": 20223,
            "year": 2022,
            "quarter": 3,
            "eps": 4.09,
            "eps_growth_year": null,
            "eps_4q": -0.78,
            "eps_4q_growth_year": -107.24,
            "roe": 6.21,
            "roe_4q": -3.8600000000000003,
            "gross_profit": 396736,
            "gross_margin": 38.74,
            "gross_margin_4q_avg": 33.46,
            "net_income": 448130,
            "net_income_4q": null,
            "revenue": 1024036,
            "revenue_4q": null,
            "common_shares": 1202560,
            "book_valuer_per_share": 60.24,
            "book_valuer_per_share_4q_avg": 59.01,
            "equity": 7569020,
            "current_ratio": 147.7,
            "debt_ratio": 38.3,
            "inventory_turnover_ratio": 0.39,
            "account_receivable_turnover_ratio": 1.19,
            "reinvestment_rate": 204.22,
            "research_to_sale_ratio": 17.15,
            "price_fair": 32.44,
            "eps_avg_yearly": 10.81,
            "eps_latest_yearly": 27.44,
            "eps_growth_yearly": -241.17
        },
        "20224": {
            "year_quarter": 20224,
            "year": 2022,
            "quarter": 4,
            "eps": 2.71,
            "eps_growth_year": null,
            "eps_4q": 3.4,
            "eps_4q_growth_year": -67.23,
            "roe": 3.55,
            "roe_4q": 2.8900000000000006,
            "gross_profit": 446869,
            "gross_margin": 41.83,
            "gross_margin_4q_avg": 36.47,
            "net_income": 272665,
            "net_income_4q": null,
            "revenue": 1068306,
            "revenue_4q": null,
            "common_shares": 1202560,
            "book_valuer_per_share": 62.54,
            "book_valuer_per_share_4q_avg": 59.27,
            "equity": 7796273,
            "current_ratio": 132.13,
            "debt_ratio": 38.86,
            "inventory_turnover_ratio": 0.39,
            "account_receivable_turnover_ratio": 1.22,
            "reinvestment_rate": 160.79,
            "research_to_sale_ratio": 17.94,
            "price_fair": 32.46,
            "eps_avg_yearly": 10.82,
            "eps_latest_yearly": 10.84,
            "eps_growth_yearly": -214.62
        },
        "20231": {
            "year_quarter": 20231,
            "year": 2023,
            "quarter": 1,
            "eps": -0.21,
            "eps_growth_year": null,
            "eps_4q": 6.52,
            "eps_4q_growth_year": null,
            "roe": -0.88,
            "roe_4q": 8.169999999999998,
            "gross_profit": 411794,
            "gross_margin": 44.19,
            "gross_margin_4q_avg": 39.88,
            "net_income": -68573,
            "net_income_4q": null,
            "revenue": 931969,
            "revenue_4q": null,
            "common_shares": 1202560,
            "book_valuer_per_share": 62.33,
            "book_valuer_per_share_4q_avg": 60.31,
            "equity": 7727539,
            "current_ratio": 142.36,
            "debt_ratio": 38.4,
            "inventory_turnover_ratio": 0.32,
            "account_receivable_turnover_ratio": 1.18,
            "reinvestment_rate": 140.06,
            "research_to_sale_ratio": 23.14,
            "price_fair": 42,
            "eps_avg_yearly": 14,
            "eps_latest_yearly": 10.84,
            "eps_growth_yearly": -193.85
        },
        "20232": {
            "year_quarter": 20232,
            "year": 2023,
            "quarter": 2,
            "eps": 0.69,
            "eps_growth_year": null,
            "eps_4q": 7.29,
            "eps_4q_growth_year": null,
            "roe": 0.73,
            "roe_4q": 9.61,
            "gross_profit": 498613,
            "gross_margin": 45.87,
            "gross_margin_4q_avg": 42.66,
            "net_income": 58221,
            "net_income_4q": null,
            "revenue": 1086934,
            "revenue_4q": null,
            "common_shares": 1202560,
            "book_valuer_per_share": 62.32,
            "book_valuer_per_share_4q_avg": 61.86,
            "equity": 8244605,
            "current_ratio": 160.67,
            "debt_ratio": 39.19,
            "inventory_turnover_ratio": 0.35,
            "account_receivable_turnover_ratio": 1.26,
            "reinvestment_rate": 121.49,
            "research_to_sale_ratio": 19.13,
            "price_fair": 42,
            "eps_avg_yearly": 14,
            "eps_latest_yearly": 10.84,
            "eps_growth_yearly": -193.85
        }
    },
    "months": {
        "2009-11": {
            "month": "2009-11",
            "price": "59.30",
            "revenue": 200652
        },
        "2009-12": {
            "month": "2009-12",
            "price": "65.95",
            "revenue": 284591
        },
        "2010-01": {
            "month": "2010-01",
            "price": "65.72",
            "revenue": 169416
        },
        "2010-02": {
            "month": "2010-02",
            "price": "66.68",
            "revenue": 127682
        },
        "2010-03": {
            "month": "2010-03",
            "price": "69.33",
            "revenue": 182864
        },
        "2010-04": {
            "month": "2010-04",
            "price": "71.71",
            "revenue": 192506
        },
        "2010-05": {
            "month": "2010-05",
            "price": "69.85",
            "revenue": 236909
        },
        "2010-06": {
            "month": "2010-06",
            "price": "67.48",
            "revenue": 244514
        },
        "2010-07": {
            "month": "2010-07",
            "price": "64.07",
            "revenue": 212162
        },
        "2010-08": {
            "month": "2010-08",
            "price": "70.29",
            "revenue": 262372
        },
        "2010-09": {
            "month": "2010-09",
            "price": "75.64",
            "revenue": 215727
        },
        "2010-10": {
            "month": "2010-10",
            "price": "90.95",
            "revenue": 214548
        },
        "2010-11": {
            "month": "2010-11",
            "price": "90.75",
            "revenue": 205144
        },
        "2010-12": {
            "month": "2010-12",
            "price": "103.50",
            "revenue": 242070
        },
        "2011-01": {
            "month": "2011-01",
            "price": "97.81",
            "revenue": 212133
        },
        "2011-02": {
            "month": "2011-02",
            "price": "100.04",
            "revenue": 160611
        },
        "2011-03": {
            "month": "2011-03",
            "price": "88.27",
            "revenue": 233778
        },
        "2011-04": {
            "month": "2011-04",
            "price": "90.51",
            "revenue": 214069
        },
        "2011-05": {
            "month": "2011-05",
            "price": "119.19",
            "revenue": 215863
        },
        "2011-06": {
            "month": "2011-06",
            "price": "120.33",
            "revenue": 154847
        },
        "2011-07": {
            "month": "2011-07",
            "price": "131.81",
            "revenue": 221143
        },
        "2011-08": {
            "month": "2011-08",
            "price": "106.92",
            "revenue": 252830
        },
        "2011-09": {
            "month": "2011-09",
            "price": "77.81",
            "revenue": 250572
        },
        "2011-10": {
            "month": "2011-10",
            "price": "73.71",
            "revenue": 246639
        },
        "2011-11": {
            "month": "2011-11",
            "price": "76.78",
            "revenue": 218897
        },
        "2011-12": {
            "month": "2011-12",
            "price": "66.50",
            "revenue": 248333
        },
        "2012-01": {
            "month": "2012-01",
            "price": "67.51",
            "revenue": 156500
        },
        "2012-02": {
            "month": "2012-02",
            "price": "83.57",
            "revenue": 216329
        },
        "2012-03": {
            "month": "2012-03",
            "price": "79.96",
            "revenue": 261684
        },
        "2012-04": {
            "month": "2012-04",
            "price": "72.40",
            "revenue": 234040
        },
        "2012-05": {
            "month": "2012-05",
            "price": "67.27",
            "revenue": 206935
        },
        "2012-06": {
            "month": "2012-06",
            "price": "62.25",
            "revenue": 185723
        },
        "2012-07": {
            "month": "2012-07",
            "price": "61.16",
            "revenue": 202633
        },
        "2012-08": {
            "month": "2012-08",
            "price": "57.85",
            "revenue": 247688
        },
        "2012-09": {
            "month": "2012-09",
            "price": "56.32",
            "revenue": 218271
        },
        "2012-10": {
            "month": "2012-10",
            "price": "55.46",
            "revenue": 213014
        },
        "2012-11": {
            "month": "2012-11",
            "price": "46.74",
            "revenue": 239167
        },
        "2012-12": {
            "month": "2012-12",
            "price": "49.62",
            "revenue": 142298
        },
        "2013-01": {
            "month": "2013-01",
            "price": "48.49",
            "revenue": 47997
        },
        "2013-02": {
            "month": "2013-02",
            "price": "46.61",
            "revenue": 53046
        },
        "2013-03": {
            "month": "2013-03",
            "price": "47.24",
            "revenue": 136653
        },
        "2013-04": {
            "month": "2013-04",
            "price": "47.52",
            "revenue": 258946
        },
        "2013-05": {
            "month": "2013-05",
            "price": "46.12",
            "revenue": 240501
        },
        "2013-06": {
            "month": "2013-06",
            "price": "47.63",
            "revenue": 279103
        },
        "2013-07": {
            "month": "2013-07",
            "price": "50.70",
            "revenue": 269123
        },
        "2013-08": {
            "month": "2013-08",
            "price": "57.81",
            "revenue": 241917
        },
        "2013-09": {
            "month": "2013-09",
            "price": "62.19",
            "revenue": 207012
        },
        "2013-10": {
            "month": "2013-10",
            "price": "75.33",
            "revenue": 226453
        },
        "2013-11": {
            "month": "2013-11",
            "price": "69.97",
            "revenue": 181814
        },
        "2013-12": {
            "month": "2013-12",
            "price": "65.68",
            "revenue": 349574
        },
        "2014-01": {
            "month": "2014-01",
            "price": "69.34",
            "revenue": 187962
        },
        "2014-02": {
            "month": "2014-02",
            "price": "72.30",
            "revenue": 163921
        },
        "2014-03": {
            "month": "2014-03",
            "price": "73.00",
            "revenue": 241434
        },
        "2014-04": {
            "month": "2014-04",
            "price": "78.63",
            "revenue": 283036
        },
        "2014-05": {
            "month": "2014-05",
            "price": "76.02",
            "revenue": 281832
        },
        "2014-06": {
            "month": "2014-06",
            "price": "78.40",
            "revenue": 226987
        },
        "2014-07": {
            "month": "2014-07",
            "price": "72.11",
            "revenue": 251869
        },
        "2014-08": {
            "month": "2014-08",
            "price": "63.40",
            "revenue": 187256
        },
        "2014-09": {
            "month": "2014-09",
            "price": "62.28",
            "revenue": 140638
        },
        "2014-10": {
            "month": "2014-10",
            "price": "58.80",
            "revenue": 120172
        },
        "2014-11": {
            "month": "2014-11",
            "price": "60.27",
            "revenue": 143246
        },
        "2014-12": {
            "month": "2014-12",
            "price": "64.64",
            "revenue": 249363
        },
        "2015-01": {
            "month": "2015-01",
            "price": "68.84",
            "revenue": 145388
        },
        "2015-02": {
            "month": "2015-02",
            "price": "67.43",
            "revenue": 129718
        },
        "2015-03": {
            "month": "2015-03",
            "price": "67.82",
            "revenue": 253216
        },
        "2015-04": {
            "month": "2015-04",
            "price": "64.26",
            "revenue": 159719
        },
        "2015-05": {
            "month": "2015-05",
            "price": "60.36",
            "revenue": 151919
        },
        "2015-06": {
            "month": "2015-06",
            "price": "56.99",
            "revenue": 173253
        },
        "2015-07": {
            "month": "2015-07",
            "price": "54.55",
            "revenue": 240016
        },
        "2015-08": {
            "month": "2015-08",
            "price": "53.47",
            "revenue": 233829
        },
        "2015-09": {
            "month": "2015-09",
            "price": "59.21",
            "revenue": 239059
        },
        "2015-10": {
            "month": "2015-10",
            "price": "59.25",
            "revenue": 249512
        },
        "2015-11": {
            "month": "2015-11",
            "price": "64.41",
            "revenue": 276356
        },
        "2015-12": {
            "month": "2015-12",
            "price": "70.34",
            "revenue": 344738
        },
        "2016-01": {
            "month": "2016-01",
            "price": "69.15",
            "revenue": 250544
        },
        "2016-02": {
            "month": "2016-02",
            "price": "72.96",
            "revenue": 226682
        },
        "2016-03": {
            "month": "2016-03",
            "price": "77.40",
            "revenue": 274598
        },
        "2016-04": {
            "month": "2016-04",
            "price": "76.65",
            "revenue": 293704
        },
        "2016-05": {
            "month": "2016-05",
            "price": "86.02",
            "revenue": 301995
        },
        "2016-06": {
            "month": "2016-06",
            "price": "99.22",
            "revenue": 300180
        },
        "2016-07": {
            "month": "2016-07",
            "price": "106.92",
            "revenue": 289653
        },
        "2016-08": {
            "month": "2016-08",
            "price": "100.90",
            "revenue": 216312
        },
        "2016-09": {
            "month": "2016-09",
            "price": "94.61",
            "revenue": 250903
        },
        "2016-10": {
            "month": "2016-10",
            "price": "90.80",
            "revenue": 241373
        },
        "2016-11": {
            "month": "2016-11",
            "price": "83.93",
            "revenue": 229684
        },
        "2016-12": {
            "month": "2016-12",
            "price": "95.06",
            "revenue": 313752
        },
        "2017-01": {
            "month": "2017-01",
            "price": "98.61",
            "revenue": 201553
        },
        "2017-02": {
            "month": "2017-02",
            "price": "95.16",
            "revenue": 150825
        },
        "2017-03": {
            "month": "2017-03",
            "price": "89.76",
            "revenue": 236742
        },
        "2017-04": {
            "month": "2017-04",
            "price": "85.97",
            "revenue": 224623
        },
        "2017-05": {
            "month": "2017-05",
            "price": "84.85",
            "revenue": 214658
        },
        "2017-06": {
            "month": "2017-06",
            "price": "83.69",
            "revenue": 216257
        },
        "2017-07": {
            "month": "2017-07",
            "price": "82.12",
            "revenue": 197339
        },
        "2017-08": {
            "month": "2017-08",
            "price": "74.30",
            "revenue": 194124
        },
        "2017-09": {
            "month": "2017-09",
            "price": "72.93",
            "revenue": 234855
        },
        "2017-10": {
            "month": "2017-10",
            "price": "79.77",
            "revenue": 183653
        },
        "2017-11": {
            "month": "2017-11",
            "price": "74.22",
            "revenue": 186239
        },
        "2017-12": {
            "month": "2017-12",
            "price": "68.20",
            "revenue": 298375
        },
        "2018-01": {
            "month": "2018-01",
            "price": "61.75",
            "revenue": 191791
        },
        "2018-02": {
            "month": "2018-02",
            "price": "52.92",
            "revenue": 210315
        },
        "2018-03": {
            "month": "2018-03",
            "price": "57.74",
            "revenue": 210503
        },
        "2018-04": {
            "month": "2018-04",
            "price": "61.91",
            "revenue": 200090
        },
        "2018-05": {
            "month": "2018-05",
            "price": "55.02",
            "revenue": 229748
        },
        "2018-06": {
            "month": "2018-06",
            "price": "56.04",
            "revenue": 263133
        },
        "2018-07": {
            "month": "2018-07",
            "price": "52.91",
            "revenue": 224617
        },
        "2018-08": {
            "month": "2018-08",
            "price": "49.57",
            "revenue": 230141
        },
        "2018-09": {
            "month": "2018-09",
            "price": "48.18",
            "revenue": 230165
        },
        "2018-10": {
            "month": "2018-10",
            "price": "42.44",
            "revenue": 223661
        },
        "2018-11": {
            "month": "2018-11",
            "price": "38.62",
            "revenue": 235020
        },
        "2018-12": {
            "month": "2018-12",
            "price": "38.07",
            "revenue": 241250
        },
        "2019-01": {
            "month": "2019-01",
            "price": "39.36",
            "revenue": 249794
        },
        "2019-02": {
            "month": "2019-02",
            "price": "42.76",
            "revenue": 188263
        },
        "2019-03": {
            "month": "2019-03",
            "price": "42.96",
            "revenue": 213461
        },
        "2019-04": {
            "month": "2019-04",
            "price": "42.59",
            "revenue": 215866
        },
        "2019-05": {
            "month": "2019-05",
            "price": "38.87",
            "revenue": 197739
        },
        "2019-06": {
            "month": "2019-06",
            "price": "37.81",
            "revenue": 180439
        },
        "2019-07": {
            "month": "2019-07",
            "price": "38.64",
            "revenue": 272590
        },
        "2019-08": {
            "month": "2019-08",
            "price": "35.06",
            "revenue": 247279
        },
        "2019-09": {
            "month": "2019-09",
            "price": "34.57",
            "revenue": 269714
        },
        "2019-10": {
            "month": "2019-10",
            "price": "36.08",
            "revenue": 218989
        },
        "2019-11": {
            "month": "2019-11",
            "price": "39.18",
            "revenue": 215343
        },
        "2019-12": {
            "month": "2019-12",
            "price": "42.06",
            "revenue": 287308
        },
        "2020-01": {
            "month": "2020-01",
            "price": "41.51",
            "revenue": 179111
        },
        "2020-02": {
            "month": "2020-02",
            "price": "41.29",
            "revenue": 194573
        },
        "2020-03": {
            "month": "2020-03",
            "price": "40.92",
            "revenue": 288959
        },
        "2020-04": {
            "month": "2020-04",
            "price": "45.06",
            "revenue": 248879
        },
        "2020-05": {
            "month": "2020-05",
            "price": "54.04",
            "revenue": 259968
        },
        "2020-06": {
            "month": "2020-06",
            "price": "52.59",
            "revenue": 278860
        },
        "2020-07": {
            "month": "2020-07",
            "price": "53.20",
            "revenue": 241409
        },
        "2020-08": {
            "month": "2020-08",
            "price": "52.11",
            "revenue": 292692
        },
        "2020-09": {
            "month": "2020-09",
            "price": "50.79",
            "revenue": 280622
        },
        "2020-10": {
            "month": "2020-10",
            "price": "49.26",
            "revenue": 269546
        },
        "2020-11": {
            "month": "2020-11",
            "price": "49.30",
            "revenue": 207650
        },
        "2020-12": {
            "month": "2020-12",
            "price": "47.10",
            "revenue": 333189
        },
        "2021-01": {
            "month": "2021-01",
            "price": "45.69",
            "revenue": 239225
        },
        "2021-02": {
            "month": "2021-02",
            "price": "49.62",
            "revenue": 243488
        },
        "2021-03": {
            "month": "2021-03",
            "price": "52.34",
            "revenue": 253566
        },
        "2021-04": {
            "month": "2021-04",
            "price": "58.60",
            "revenue": 294885
        },
        "2021-05": {
            "month": "2021-05",
            "price": "71.95",
            "revenue": 251523
        },
        "2021-06": {
            "month": "2021-06",
            "price": "87.08",
            "revenue": 286468
        },
        "2021-07": {
            "month": "2021-07",
            "price": "71.71",
            "revenue": 191628
        },
        "2021-08": {
            "month": "2021-08",
            "price": "69.45",
            "revenue": 212957
        },
        "2021-09": {
            "month": "2021-09",
            "price": "64.30",
            "revenue": 279555
        },
        "2021-10": {
            "month": "2021-10",
            "price": "59.29",
            "revenue": 256876
        },
        "2021-11": {
            "month": "2021-11",
            "price": "58.19",
            "revenue": 310928
        },
        "2021-12": {
            "month": "2021-12",
            "price": "58.20",
            "revenue": 321307
        },
        "2022-01": {
            "month": "2022-01",
            "price": "57.81",
            "revenue": 286048
        },
        "2022-02": {
            "month": "2022-02",
            "price": "57.41",
            "revenue": 206576
        },
        "2022-03": {
            "month": "2022-03",
            "price": "56.48",
            "revenue": 342321
        },
        "2022-04": {
            "month": "2022-04",
            "price": "62.48",
            "revenue": 288387
        },
        "2022-05": {
            "month": "2022-05",
            "price": "52.52",
            "revenue": 239486
        },
        "2022-06": {
            "month": "2022-06",
            "price": "50.09",
            "revenue": 310344
        },
        "2022-07": {
            "month": "2022-07",
            "price": "47.37",
            "revenue": 340174
        },
        "2022-08": {
            "month": "2022-08",
            "price": "53.65",
            "revenue": 279054
        },
        "2022-09": {
            "month": "2022-09",
            "price": "54.86",
            "revenue": 404808
        },
        "2022-10": {
            "month": "2022-10",
            "price": "47.87",
            "revenue": 353170
        },
        "2022-11": {
            "month": "2022-11",
            "price": "54.12",
            "revenue": 341768
        },
        "2022-12": {
            "month": "2022-12",
            "price": "70.05",
            "revenue": 373368
        },
        "2023-01": {
            "month": "2023-01",
            "price": "66.32",
            "revenue": 269320
        },
        "2023-02": {
            "month": "2023-02",
            "price": "69.12",
            "revenue": 276985
        },
        "2023-03": {
            "month": "2023-03",
            "price": "71.59",
            "revenue": 385664
        },
        "2023-04": {
            "month": "2023-04",
            "price": "83.09",
            "revenue": 312176
        },
        "2023-05": {
            "month": "2023-05",
            "price": "88.99",
            "revenue": 329883
        },
        "2023-06": {
            "month": "2023-06",
            "price": "88.06",
            "revenue": 444875
        },
        "2023-07": {
            "month": "2023-07",
            "price": "96.63",
            "revenue": 342605
        },
        "2023-08": {
            "month": "2023-08",
            "price": "90.73",
            "revenue": 401394
        },
        "2023-09": {
            "month": "2023-09",
            "price": "88.70",
            "revenue": 385228
        }
    }
}
